[
  {
    "Product Name": "Essential Health Paw Paw Ointment ea",
    "Price": 2.79,
    "Unit Price": "$11.16 per 100g",
    "Aldi Category": "Health & Beauty",
    "URL": "https://www.aldi.com.au/en/groceries/health/health-detail/ps/p/essential-health-paw-paw-ointment/"
  },
  {
    "Product Name": "Hedanol Paracetamol Capsule Shaped Tablets 20pk",
    "Price": 69,
    "Unit Price": "3c per tablet",
    "Aldi Category": "Health & Beauty",
    "URL": "https://www.aldi.com.au/en/groceries/health/health-detail/ps/p/hedanol-paracetamol-capsule-shaped-tablets-20pk/"
  },
  {
    "Product Name": "Essential Health Effervescents 15pk ea",
    "Price": 4.49,
    "Unit Price": "30c per tablet",
    "Aldi Category": "Health & Beauty",
    "URL": "https://www.aldi.com.au/en/groceries/health/health-detail/ps/p/essential-health-effervescents-15pk-1/"
  },
  {
    "Product Name": "Essential Health Electrolytes 20pk 20pk",
    "Price": 5.49,
    "Unit Price": "27c per tablet",
    "Aldi Category": "Health & Beauty",
    "URL": "https://www.aldi.com.au/en/groceries/health/health-detail/ps/p/essential-health-electrolytes-20pk/"
  },
  {
    "Product Name": "Hedafen Ibuprofen Liquid Capsules 20pk 20pk",
    "Price": 2.39,
    "Unit Price": "12c per capsule",
    "Aldi Category": "Health & Beauty",
    "URL": "https://www.aldi.com.au/en/groceries/health/health-detail/ps/p/hedafen-ibuprofen-liquid-capsules-20pk/"
  },
  {
    "Product Name": "Onset Chocolate Protein Bars 51g-57g 51g-57g",
    "Price": 2.99,
    "Unit Price": "$5.86-$5.25 per 100g",
    "Aldi Category": "Health & Beauty",
    "URL": "https://www.aldi.com.au/en/groceries/health/health-detail/ps/p/onset-chocolate-protein-bars-51g-57g-1/"
  },
  {
    "Product Name": "Dentitex Orbit Toothbrush 2pk 2pk",
    "Price": 2.99,
    "Unit Price": "$1.50 per unit",
    "Aldi Category": "Health & Beauty",
    "URL": "https://www.aldi.com.au/en/groceries/health/health-detail/ps/p/dentitex-orbit-toothbrush-2pk/"
  },
  {
    "Product Name": "Dentitex Mouthwash 1L 1L",
    "Price": 4.19,
    "Unit Price": "42c per 100mL",
    "Aldi Category": "Health & Beauty",
    "URL": "https://www.aldi.com.au/en/groceries/health/health-detail/ps/p/dentitex-mouthwash-1l/"
  },
  {
    "Product Name": "Essential Health Protein Bar 30g ea",
    "Price": 1.49,
    "Unit Price": "$4.97 per 100g",
    "Aldi Category": "Health & Beauty",
    "URL": "https://www.aldi.com.au/en/groceries/health/health-detail/ps/p/essential-health-protein-bar-30g-1/"
  },
  {
    "Product Name": "Dentitex Advanced Whitening Toothpaste 140g",
    "Price": 1.79,
    "Unit Price": "$1.28 per 100g",
    "Aldi Category": "Health & Beauty",
    "URL": "https://www.aldi.com.au/en/groceries/health/health-detail/ps/p/dentitex-advanced-whitening-toothpaste/"
  },
  {
    "Product Name": "Dentitex Interdental Pro Toothbrush 2pk 2pk",
    "Price": 1.99,
    "Unit Price": "$1.00 per unit",
    "Aldi Category": "Health & Beauty",
    "URL": "https://www.aldi.com.au/en/groceries/health/health-detail/ps/p/dentitex-interdental-pro-toothbrush-2pk/"
  },
  {
    "Product Name": "Caviar Illumination Day Cream SPF15 50ml",
    "Price": 19.99,
    "Unit Price": "$39.98 per 100ml",
    "Aldi Category": "Special Buys Sat 24 April",
    "URL": "https://www.aldi.com.au/en/special-buys/special-buys-sat-24-april/saturday-detail-w16/ps/p/caviar-illumination-day-cream-spf15-50ml/"
  },
  {
    "Product Name": "Caviar Illumination Intensive Anti-Wrinkle Serum 15ml",
    "Price": 14.99,
    "Unit Price": "$99.93 per 100ml",
    "Aldi Category": "Special Buys Sat 24 April",
    "URL": "https://www.aldi.com.au/en/special-buys/special-buys-sat-24-april/saturday-detail-w16/ps/p/caviar-illumination-intensive-anti-wrinkle-serum-1/"
  },
  {
    "Product Name": "Dentitex Mouthwash 500ml 500ml",
    "Price": 3.49,
    "Unit Price": "70c per ml",
    "Aldi Category": "Health & Beauty",
    "URL": "https://www.aldi.com.au/en/groceries/health/health-detail/ps/p/dentitex-mouthwash-500ml/"
  },
  {
    "Product Name": "Caviar Illumination Night Cream 50ml",
    "Price": 19.99,
    "Unit Price": "$39.98 per 100ml",
    "Aldi Category": "Special Buys Sat 24 April",
    "URL": "https://www.aldi.com.au/en/special-buys/special-buys-sat-24-april/saturday-detail-w16/ps/p/caviar-illumination-night-cream-50ml/"
  },
  {
    "Product Name": "Hedafen Ibuprofen 24pk 24pk",
    "Price": 1.49,
    "Unit Price": "6c per tablet",
    "Aldi Category": "Health & Beauty",
    "URL": "https://www.aldi.com.au/en/groceries/health/health-detail/ps/p/hedafen-ibuprofen-24pk/"
  },
  {
    "Product Name": "Caviar Illumination 3 Minute Brightening Mask 50ml",
    "Price": 14.99,
    "Unit Price": "$29.98 per 100ml",
    "Aldi Category": "Special Buys Sat 24 April",
    "URL": "https://www.aldi.com.au/en/special-buys/special-buys-sat-24-april/saturday-detail-w16/ps/p/caviar-illumination-3-minute-brightening-mask-50ml-2/"
  },
  {
    "Product Name": "Caviar Illumination Eye Mousse 15ml",
    "Price": 14.99,
    "Unit Price": "$99.93 per 100ml",
    "Aldi Category": "Special Buys Sat 24 April",
    "URL": "https://www.aldi.com.au/en/special-buys/special-buys-sat-24-april/saturday-detail-w16/ps/p/caviar-illumination-eye-mousse-15ml-3/"
  },
  {
    "Product Name": "Essential Health Meal Replacement Shakes ea",
    "Price": 1.99,
    "Unit Price": "$3.62 per 100g",
    "Aldi Category": "Health & Beauty",
    "URL": "https://www.aldi.com.au/en/groceries/health/health-detail/ps/p/essential-health-meal-replacement-shakes/"
  },
  {
    "Product Name": "Caviar Illuminator or Primer 30ml ea",
    "Price": 12.99,
    "Unit Price": "$4.33 per 10ml",
    "Aldi Category": "Special Buys Sat 24 April",
    "URL": "https://www.aldi.com.au/en/special-buys/special-buys-sat-24-april/saturday-detail-w16/ps/p/caviar-illuminator-or-primer-30ml/"
  },
  {
    "Product Name": "Caviar Long Lasting Anti-Aging Foundation with  Concealer 50ml",
    "Price": 19.99,
    "Unit Price": "$4.00 per 10ml",
    "Aldi Category": "Special Buys Sat 24 April",
    "URL": "https://www.aldi.com.au/en/special-buys/special-buys-sat-24-april/saturday-detail-w16/ps/p/caviar-long-lasting-anti-aging-foundation-with-con/"
  },
  {
    "Product Name": "Dentitex Sensitive Plus Whitening Toothpaste",
    "Price": 4.49,
    "Unit Price": "$4.08 per 100g",
    "Aldi Category": "Health & Beauty",
    "URL": "https://www.aldi.com.au/en/groceries/health/health-detail/ps/p/dentitex-sensitive-plus-whitening-toothpaste/"
  },
  {
    "Product Name": "Caviar Illumination Shampoo or Conditioner 300ml ea",
    "Price": 8.99,
    "Unit Price": "$3.00 per 100ml",
    "Aldi Category": "Special Buys Sat 24 April",
    "URL": "https://www.aldi.com.au/en/special-buys/special-buys-sat-24-april/saturday-detail-w16/ps/p/caviar-illumination-shampoo-or-conditioner-300ml/"
  },
  {
    "Product Name": "Dove Beauty Bar 100g",
    "Price": 89,
    "Unit Price": "89c per 100g",
    "Aldi Category": "Special Buys Sat 24 April",
    "URL": "https://www.aldi.com.au/en/special-buys/special-buys-sat-24-april/saturday-detail-w16/ps/p/dove-beauty-bar-100g-18/"
  },
  {
    "Product Name": "Essential Health First Aid Strips Plastic 100pk / Fabric 50pk ea",
    "Price": 1.99,
    "Unit Price": "2c-4c per strip",
    "Aldi Category": "Health & Beauty",
    "URL": "https://www.aldi.com.au/en/groceries/health/health-detail/ps/p/essential-health-first-aid-strips-plastic-100pk-fa/"
  },
  {
    "Product Name": "Green Action Eucalyptus Oil 100ml 100ml",
    "Price": 6.99,
    "Unit Price": "$6.99 per 100ml",
    "Aldi Category": "Health & Beauty",
    "URL": "https://www.aldi.com.au/en/groceries/health/health-detail/ps/p/green-action-eucalyptus-oil-100ml/"
  },
  {
    "Product Name": "Triple Moisturising Dove Bodywash 1L",
    "Price": 6.99,
    "Unit Price": "70c per 100ml",
    "Aldi Category": "Special Buys Sat 24 April",
    "URL": "https://www.aldi.com.au/en/special-buys/special-buys-sat-24-april/saturday-detail-w16/ps/p/triple-moisturising-dove-bodywash-1l/"
  },
  {
    "Product Name": "Men's Dove Antiperspirant Roll-On Deodorant 2 x 50ml",
    "Price": 3.99,
    "Unit Price": "$3.99 per 100ml",
    "Aldi Category": "Special Buys Sat 24 April",
    "URL": "https://www.aldi.com.au/en/special-buys/special-buys-sat-24-april/saturday-detail-w16/ps/p/mens-dove-antiperspirant-roll-on-deodorant-2-x-50m/"
  },
  {
    "Product Name": "Women's Dove Antiperspirant Roll-On Deodorant 2 x 50ml 2pk",
    "Price": 3.99,
    "Unit Price": "$3.99 per 100ml",
    "Aldi Category": "Special Buys Sat 24 April",
    "URL": "https://www.aldi.com.au/en/special-buys/special-buys-sat-24-april/saturday-detail-w16/ps/p/womens-dove-antiperspirant-roll-on-deodorant-2-x-5/"
  },
  {
    "Product Name": "Dove Daily Moisture Shampoo 640ml",
    "Price": 5.99,
    "Unit Price": "94c per 100ml",
    "Aldi Category": "Special Buys Sat 24 April",
    "URL": "https://www.aldi.com.au/en/special-buys/special-buys-sat-24-april/saturday-detail-w16/ps/p/dove-daily-moisture-shampoo-640ml/"
  },
  {
    "Product Name": "Men’s Long Sleeve Tee ea",
    "Price": 8.99,
    "Unit Price": "",
    "Aldi Category": "Special Buys Sat 24 April",
    "URL": "https://www.aldi.com.au/en/special-buys/special-buys-sat-24-april/saturday-detail-w16/ps/p/mens-long-sleeve-tee-1/"
  },
  {
    "Product Name": "Women's Dove Antiperspirant Deodorant 2 x 147g 2pk",
    "Price": 6.99,
    "Unit Price": "$2.38 per 100g",
    "Aldi Category": "Special Buys Sat 24 April",
    "URL": "https://www.aldi.com.au/en/special-buys/special-buys-sat-24-april/saturday-detail-w16/ps/p/womens-dove-antiperspirant-deodorant-2-x-147g/"
  },
  {
    "Product Name": "Men’s Black Stretch Denim Jeans",
    "Price": 16.99,
    "Unit Price": "",
    "Aldi Category": "Special Buys Sat 24 April",
    "URL": "https://www.aldi.com.au/en/special-buys/special-buys-sat-24-april/saturday-detail-w16/ps/p/mens-black-stretch-denim-jeans/"
  },
  {
    "Product Name": "Vaseline Body Lotion Deep Restore 750ml",
    "Price": 6.99,
    "Unit Price": "93c per 100ml",
    "Aldi Category": "Special Buys Sat 24 April",
    "URL": "https://www.aldi.com.au/en/special-buys/special-buys-sat-24-april/saturday-detail-w16/ps/p/vaseline-body-lotion-deep-restore-750ml/"
  },
  {
    "Product Name": "Dove Daily Moisture Conditoner 640ml",
    "Price": 5.99,
    "Unit Price": "94c per 100ml",
    "Aldi Category": "Special Buys Sat 24 April",
    "URL": "https://www.aldi.com.au/en/special-buys/special-buys-sat-24-april/saturday-detail-w16/ps/p/dove-daily-moisture-conditoner-640ml/"
  },
  {
    "Product Name": "Men’s Casual Shoes pr",
    "Price": 24.99,
    "Unit Price": "",
    "Aldi Category": "Special Buys Sat 24 April",
    "URL": "https://www.aldi.com.au/en/special-buys/special-buys-sat-24-april/saturday-detail-w16/ps/p/mens-casual-shoes-7/"
  },
  {
    "Product Name": "Men's Dove Antiperspirant Deodorant 2 x 147g",
    "Price": 6.99,
    "Unit Price": "$2.38 per 100g",
    "Aldi Category": "Special Buys Sat 24 April",
    "URL": "https://www.aldi.com.au/en/special-buys/special-buys-sat-24-april/saturday-detail-w16/ps/p/mens-dove-antiperspirant-deodorant-2-x-147g/"
  },
  {
    "Product Name": "Men’s Jogger Pants ea",
    "Price": 14.99,
    "Unit Price": "",
    "Aldi Category": "Special Buys Sat 24 April",
    "URL": "https://www.aldi.com.au/en/special-buys/special-buys-sat-24-april/saturday-detail-w16/ps/p/mens-jogger-pants-3/"
  },
  {
    "Product Name": "Men’s French Rib Top ea",
    "Price": 14.99,
    "Unit Price": "",
    "Aldi Category": "Special Buys Sat 24 April",
    "URL": "https://www.aldi.com.au/en/special-buys/special-buys-sat-24-april/saturday-detail-w16/ps/p/mens-french-rib-top-4/"
  },
  {
    "Product Name": "Men’s Puffer Vest",
    "Price": 19.99,
    "Unit Price": "",
    "Aldi Category": "Special Buys Sat 24 April",
    "URL": "https://www.aldi.com.au/en/special-buys/special-buys-sat-24-april/saturday-detail-w16/ps/p/mens-puffer-vest-5/"
  },
  {
    "Product Name": "Men’s Waffle Thermal Top ea",
    "Price": 9.99,
    "Unit Price": "",
    "Aldi Category": "Special Buys Sat 24 April",
    "URL": "https://www.aldi.com.au/en/special-buys/special-buys-sat-24-april/saturday-detail-w16/ps/p/mens-waffle-thermal-top-2/"
  },
  {
    "Product Name": "Men’s Premium Slipper Boots pr",
    "Price": 29.99,
    "Unit Price": "",
    "Aldi Category": "Special Buys Sat 24 April",
    "URL": "https://www.aldi.com.au/en/special-buys/special-buys-sat-24-april/saturday-detail-w16/ps/p/mens-premium-slipper-boots-2/"
  },
  {
    "Product Name": "Men’s Waffle Thermal Leggings ea",
    "Price": 9.99,
    "Unit Price": "",
    "Aldi Category": "Special Buys Sat 24 April",
    "URL": "https://www.aldi.com.au/en/special-buys/special-buys-sat-24-april/saturday-detail-w16/ps/p/mens-waffle-thermal-leggings-2/"
  },
  {
    "Product Name": "Men’s Low Cut or Sports Crew Socks 3pk 3pk",
    "Price": 3.99,
    "Unit Price": "",
    "Aldi Category": "Special Buys Sat 24 April",
    "URL": "https://www.aldi.com.au/en/special-buys/special-buys-sat-24-april/saturday-detail-w16/ps/p/mens-low-cut-or-sports-crew-socks-3pk/"
  },
  {
    "Product Name": "58\" 4K Ultra HD Smart TV powered by WebOS",
    "Price": 569,
    "Unit Price": "",
    "Aldi Category": "Special Buys Sat 24 April",
    "URL": "https://www.aldi.com.au/en/special-buys/special-buys-sat-24-april/saturday-detail-w16/ps/p/58-4k-ultra-hd-smart-tv-powered-by-webos/"
  },
  {
    "Product Name": "Men’s Sweat Hoodie ea",
    "Price": 14.99,
    "Unit Price": "",
    "Aldi Category": "Special Buys Sat 24 April",
    "URL": "https://www.aldi.com.au/en/special-buys/special-buys-sat-24-april/saturday-detail-w16/ps/p/mens-sweat-hoodie-2/"
  },
  {
    "Product Name": "Men’s Sweat Top ea",
    "Price": 12.99,
    "Unit Price": "",
    "Aldi Category": "Special Buys Sat 24 April",
    "URL": "https://www.aldi.com.au/en/special-buys/special-buys-sat-24-april/saturday-detail-w16/ps/p/mens-sweat-top-1/"
  },
  {
    "Product Name": "Low Profile TV Bracket",
    "Price": 29.99,
    "Unit Price": "",
    "Aldi Category": "Special Buys Sat 24 April",
    "URL": "https://www.aldi.com.au/en/special-buys/special-buys-sat-24-april/saturday-detail-w16/ps/p/low-profile-tv-bracket/"
  },
  {
    "Product Name": "Men’s Business or Novelty Socks 3pk 3pk",
    "Price": 3.99,
    "Unit Price": "",
    "Aldi Category": "Special Buys Sat 24 April",
    "URL": "https://www.aldi.com.au/en/special-buys/special-buys-sat-24-april/saturday-detail-w16/ps/p/mens-business-or-novelty-socks-3pk/"
  },
  {
    "Product Name": "Indoor Antenna",
    "Price": 29.99,
    "Unit Price": "",
    "Aldi Category": "Special Buys Sat 24 April",
    "URL": "https://www.aldi.com.au/en/special-buys/special-buys-sat-24-april/saturday-detail-w16/ps/p/indoor-antenna-4/"
  },
  {
    "Product Name": "8-Way Surge Protector Powerboard ea",
    "Price": 24.99,
    "Unit Price": "",
    "Aldi Category": "Special Buys Sat 24 April",
    "URL": "https://www.aldi.com.au/en/special-buys/special-buys-sat-24-april/saturday-detail-w16/ps/p/8-way-surge-protector-powerboard-6/"
  },
  {
    "Product Name": "Restoring Coconut Dove Bodywash 1L",
    "Price": 6.99,
    "Unit Price": "70c per 100ml",
    "Aldi Category": "Special Buys Sat 24 April",
    "URL": "https://www.aldi.com.au/en/special-buys/special-buys-sat-24-april/saturday-detail-w16/ps/p/restoring-coconut-dove-bodywash-1l/"
  },
  {
    "Product Name": "2.1 Channel Soundbar with Built-in Subwoofer ea",
    "Price": 129,
    "Unit Price": "",
    "Aldi Category": "Special Buys Sat 24 April",
    "URL": "https://www.aldi.com.au/en/special-buys/special-buys-sat-24-april/saturday-detail-w16/ps/p/21-channel-soundbar-with-built-in-subwoofer-1/"
  },
  {
    "Product Name": "Men’s Corduroy Jacket ea",
    "Price": 29.99,
    "Unit Price": "",
    "Aldi Category": "Special Buys Sat 24 April",
    "URL": "https://www.aldi.com.au/en/special-buys/special-buys-sat-24-april/saturday-detail-w16/ps/p/mens-corduroy-jacket/"
  },
  {
    "Product Name": "Almat Laundry Powder Concentrate 2kg ea",
    "Price": 4.99,
    "Unit Price": "$2.50 per kg",
    "Aldi Category": "Household",
    "URL": "https://www.aldi.com.au/en/groceries/laundry-household/laundry/skin-care-detail/ps/p/almat-laundry-powder-concentrate-2kg-2/"
  },
  {
    "Product Name": "42\" Soniq Android TV",
    "Price": 319,
    "Unit Price": "",
    "Aldi Category": "Special Buys Sat 24 April",
    "URL": "https://www.aldi.com.au/en/special-buys/special-buys-sat-24-april/saturday-detail-w16/ps/p/42-soniq-android-tv/"
  },
  {
    "Product Name": "Trimat Advanced Laundry Liquid 2L – Sensitive 2L",
    "Price": 7.99,
    "Unit Price": "$4 per litre",
    "Aldi Category": "Household",
    "URL": "https://www.aldi.com.au/en/groceries/laundry-household/laundry/skin-care-detail/ps/p/trimat-advanced-laundry-liquid-2l-sensitive/"
  },
  {
    "Product Name": "Trimat Advanced Laundry Liquid 2L – Regular 2L",
    "Price": 7.99,
    "Unit Price": "$4 per litre",
    "Aldi Category": "Household",
    "URL": "https://www.aldi.com.au/en/groceries/laundry-household/laundry/skin-care-detail/ps/p/trimat-advanced-laundry-liquid-2l-regular/"
  },
  {
    "Product Name": "Men’s Sweat Pants ea",
    "Price": 12.99,
    "Unit Price": "",
    "Aldi Category": "Special Buys Sat 24 April",
    "URL": "https://www.aldi.com.au/en/special-buys/special-buys-sat-24-april/saturday-detail-w16/ps/p/mens-sweat-pants-1/"
  },
  {
    "Product Name": "8 Camera Home Security System with DVR",
    "Price": 299,
    "Unit Price": "",
    "Aldi Category": "Special Buys Sat 24 April",
    "URL": "https://www.aldi.com.au/en/special-buys/special-buys-sat-24-april/saturday-detail-w16/ps/p/8-camera-home-security-system-with-dvr-4/"
  },
  {
    "Product Name": "Men’s Blue Stretch Denim Jeans",
    "Price": 16.99,
    "Unit Price": "",
    "Aldi Category": "Special Buys Sat 24 April",
    "URL": "https://www.aldi.com.au/en/special-buys/special-buys-sat-24-april/saturday-detail-w16/ps/p/mens-blue-stretch-denim-jeans/"
  },
  {
    "Product Name": "Almat Laundry Liquid Concentrate 2L ea",
    "Price": 4.99,
    "Unit Price": "$2.50 per litre",
    "Aldi Category": "Household",
    "URL": "https://www.aldi.com.au/en/groceries/laundry-household/laundry/skin-care-detail/ps/p/almat-laundry-liquid-concentrate-2l/"
  },
  {
    "Product Name": "Men's Trunks 3pk or Long Trunks 3pk 3pk",
    "Price": 9.99,
    "Unit Price": "",
    "Aldi Category": "Special Buys Sat 24 April",
    "URL": "https://www.aldi.com.au/en/special-buys/special-buys-sat-24-april/saturday-detail-w16/ps/p/mens-trunks-3pk-or-long-trunks-3pk/"
  },
  {
    "Product Name": "Vaseline Body Lotion Aloe Soothe 750ml",
    "Price": 6.99,
    "Unit Price": "93c per 100ml",
    "Aldi Category": "Special Buys Sat 24 April",
    "URL": "https://www.aldi.com.au/en/special-buys/special-buys-sat-24-april/saturday-detail-w16/ps/p/vaseline-body-lotion-aloe-soothe-750ml/"
  },
  {
    "Product Name": "Men’s Briefs 5pk 5pk",
    "Price": 9.99,
    "Unit Price": "",
    "Aldi Category": "Special Buys Sat 24 April",
    "URL": "https://www.aldi.com.au/en/special-buys/special-buys-sat-24-april/saturday-detail-w16/ps/p/mens-briefs-5pk-13/"
  },
  {
    "Product Name": "Di San Laundry Sanitiser 1L",
    "Price": 3.69,
    "Unit Price": "$3.69 per Litre",
    "Aldi Category": "Household",
    "URL": "https://www.aldi.com.au/en/groceries/laundry-household/laundry/skin-care-detail/ps/p/di-san-laundry-sanitiser-1l-1/"
  },
  {
    "Product Name": "Di-San Pre Wash Stain Remover 500ml 500ml",
    "Price": 1.29,
    "Unit Price": "$2.58 per litre",
    "Aldi Category": "Household",
    "URL": "https://www.aldi.com.au/en/groceries/laundry-household/laundry/skin-care-detail/ps/p/di-san-pre-wash-stain-remover-500ml-2/"
  },
  {
    "Product Name": "Di San Pre Wash Stain Remover 500ml – Degreaser",
    "Price": "",
    "Unit Price": "",
    "Aldi Category": "Household",
    "URL": "https://www.aldi.com.au/en/groceries/laundry-household/laundry/skin-care-detail/ps/p/di-san-pre-wash-stain-remover-500ml-degreaser-2/"
  },
  {
    "Product Name": "Green Action Laundry Liquid 1L",
    "Price": 1.99,
    "Unit Price": "$1.99 per litre",
    "Aldi Category": "Household",
    "URL": "https://www.aldi.com.au/en/groceries/laundry-household/laundry/skin-care-detail/ps/p/green-action-laundry-liquid-1l-1/"
  },
  {
    "Product Name": "Logix Platinum Dishwashing Tablets 40pk",
    "Price": 7.69,
    "Unit Price": "19c per tablet",
    "Aldi Category": "Household",
    "URL": "https://www.aldi.com.au/en/groceries/laundry-household/household/skin-care-detail/ps/p/logix-platinum-dishwashing-tablets-40pk-1/"
  },
  {
    "Product Name": "Anco Soft Fabric Softener 2L ea",
    "Price": 2.79,
    "Unit Price": "$1.40 per Litre",
    "Aldi Category": "Household",
    "URL": "https://www.aldi.com.au/en/groceries/laundry-household/laundry/skin-care-detail/ps/p/anco-soft-fabric-softener-2l-1/"
  },
  {
    "Product Name": "Power Force Anti Bac Plus Surface Spray Disinfectant 300g",
    "Price": 3.69,
    "Unit Price": "$1.23 per 100g",
    "Aldi Category": "Household",
    "URL": "https://www.aldi.com.au/en/groceries/laundry-household/household/skin-care-detail/ps/p/power-force-anti-bac-plus-surface-spray-disinfecta-2/"
  },
  {
    "Product Name": "Anco Soft Fabric Softener 4x Concentrate 1L",
    "Price": 3.59,
    "Unit Price": "$3.59 per litre",
    "Aldi Category": "Household",
    "URL": "https://www.aldi.com.au/en/groceries/laundry-household/laundry/skin-care-detail/ps/p/anco-soft-fabric-softener-4x-concentrate-1l-1/"
  },
  {
    "Product Name": "Anco Soft Fabric Softener Concentrate 250ml ea",
    "Price": 99,
    "Unit Price": "$3.96 per Litre",
    "Aldi Category": "Household",
    "URL": "https://www.aldi.com.au/en/groceries/laundry-household/laundry/skin-care-detail/ps/p/anco-soft-fabric-softener-concentrate-250ml-1/"
  },
  {
    "Product Name": "Atlas Kill & Protect High Performance Surface & Cockroach Spray 350g",
    "Price": 2.69,
    "Unit Price": "77c per 100g",
    "Aldi Category": "Household",
    "URL": "https://www.aldi.com.au/en/groceries/laundry-household/household/skin-care-detail/ps/p/atlas-kill-protect-high-performance-surface-cockro/"
  },
  {
    "Product Name": "Green Action Wool Wash 1L",
    "Price": 1.99,
    "Unit Price": "$1.99 per litre",
    "Aldi Category": "Household",
    "URL": "https://www.aldi.com.au/en/groceries/laundry-household/laundry/skin-care-detail/ps/p/green-action-wool-wash-1l-1/"
  },
  {
    "Product Name": "Confidence Samson Paper Towel 3ply 3pk",
    "Price": 2.99,
    "Unit Price": "$1.66 per 100 sheets ($1.00 per roll)",
    "Aldi Category": "Household",
    "URL": "https://www.aldi.com.au/en/groceries/laundry-household/household/skin-care-detail/ps/p/confidence-samson-paper-towel-3ply-3pk-1/"
  },
  {
    "Product Name": "Logix Complete Dishwashing Tablets 30pk",
    "Price": 4.29,
    "Unit Price": "14c per tablet",
    "Aldi Category": "Household",
    "URL": "https://www.aldi.com.au/en/groceries/laundry-household/household/skin-care-detail/ps/p/logix-complete-dishwashing-tablets-30pk-1/"
  },
  {
    "Product Name": "MAMIA® Unisex Crawler Nappies 6kg-11kg 56pk 56pk",
    "Price": 9.99,
    "Unit Price": "18c per nappy",
    "Aldi Category": "Baby",
    "URL": "https://www.aldi.com.au/en/groceries/baby/nappies-and-wipes/nappies-and-wipes-detail/ps/p/mamia-unisex-crawler-nappies-6kg-11kg-56pk/"
  },
  {
    "Product Name": "MAMIA® Unisex Infant Nappies 4kg-8kg 56pk 56pk",
    "Price": 9.99,
    "Unit Price": "18c per nappy",
    "Aldi Category": "Baby",
    "URL": "https://www.aldi.com.au/en/groceries/baby/nappies-and-wipes/nappies-and-wipes-detail/ps/p/mamia-unisex-infant-nappies-4kg-8kg-56pk/"
  },
  {
    "Product Name": "Power Force Gel Toilet Discs 75ml",
    "Price": 4.99,
    "Unit Price": "$6.65 per 100ml",
    "Aldi Category": "Household",
    "URL": "https://www.aldi.com.au/en/groceries/laundry-household/household/skin-care-detail/ps/p/power-force-gel-toilet-discs-75ml-1/"
  },
  {
    "Product Name": "Power Force Pro Bath & Shower Cleaner 750ml",
    "Price": 2.39,
    "Unit Price": "32c per 100ml",
    "Aldi Category": "Household",
    "URL": "https://www.aldi.com.au/en/groceries/laundry-household/household/skin-care-detail/ps/p/power-force-pro-bath-shower-cleaner-750ml-2/"
  },
  {
    "Product Name": "MAMIA® Unisex Toddler Nappies 10kg-15kg 50pk 50pk",
    "Price": 9.99,
    "Unit Price": "20c per nappy",
    "Aldi Category": "Baby",
    "URL": "https://www.aldi.com.au/en/groceries/baby/nappies-and-wipes/nappies-and-wipes-detail/ps/p/mamia-unisex-toddler-nappies-10kg-15kg-50pk/"
  },
  {
    "Product Name": "MAMIA® Unisex Newborn Nappies",
    "Price": 3.99,
    "Unit Price": "14c per nappy",
    "Aldi Category": "Baby",
    "URL": "https://www.aldi.com.au/en/groceries/baby/nappies-and-wipes/nappies-and-wipes-detail/ps/p/mamia-unisex-newborn-nappies/"
  },
  {
    "Product Name": "Power Force Pro Disinfectant Wipes 120pk",
    "Price": 2.99,
    "Unit Price": "$2.50 per 100 wipes",
    "Aldi Category": "Household",
    "URL": "https://www.aldi.com.au/en/groceries/laundry-household/household/skin-care-detail/ps/p/power-force-pro-disinfectant-wipes-120pk/"
  },
  {
    "Product Name": "Power Force Pro Multi Purpose Cleaner 750ml",
    "Price": 1.79,
    "Unit Price": "24c per 100ml",
    "Aldi Category": "Household",
    "URL": "https://www.aldi.com.au/en/groceries/laundry-household/household/skin-care-detail/ps/p/power-force-pro-multi-purpose-cleaner-750ml-1/"
  },
  {
    "Product Name": "Laundrite Laundry Liquid 2L",
    "Price": 1.49,
    "Unit Price": "0.75c per Litre",
    "Aldi Category": "Household",
    "URL": "https://www.aldi.com.au/en/groceries/laundry-household/laundry/skin-care-detail/ps/p/laundrite-laundry-liquid-2l-3/"
  },
  {
    "Product Name": "Laundrite Laundry Powder 4kg",
    "Price": 3.69,
    "Unit Price": "0.92c per kg",
    "Aldi Category": "Household",
    "URL": "https://www.aldi.com.au/en/groceries/laundry-household/laundry/skin-care-detail/ps/p/laundrite-laundry-powder-4kg-1/"
  },
  {
    "Product Name": "Tandil Ultra Dishwashing Liquid 450ml",
    "Price": 1.59,
    "Unit Price": "35c per 100ml",
    "Aldi Category": "Household",
    "URL": "https://www.aldi.com.au/en/groceries/laundry-household/household/skin-care-detail/ps/p/tandil-ultra-dishwashing-liquid-450ml-2/"
  },
  {
    "Product Name": "Power Force Pro Heavy Duty Cleaner 1.25L",
    "Price": 2.19,
    "Unit Price": "18c per 100ml",
    "Aldi Category": "Household",
    "URL": "https://www.aldi.com.au/en/groceries/laundry-household/household/skin-care-detail/ps/p/power-force-pro-heavy-duty-cleaner-125l-1/"
  },
  {
    "Product Name": "Atlas Kill & Protect Fast Knockdown Flying Insect Spray 300g",
    "Price": 2.39,
    "Unit Price": "80c per 100g",
    "Aldi Category": "Household",
    "URL": "https://www.aldi.com.au/en/groceries/laundry-household/household/skin-care-detail/ps/p/atlas-kill-protect-fast-knockdown-flying-insect-sp-1/"
  },
  {
    "Product Name": "MAMIA® Unisex Walker Nappies 13kg-18kg 44pk 44pk",
    "Price": 9.99,
    "Unit Price": "23c per nappy",
    "Aldi Category": "Baby",
    "URL": "https://www.aldi.com.au/en/groceries/baby/nappies-and-wipes/nappies-and-wipes-detail/ps/p/mamia-unisex-walker-nappies-13kg-18kg-44pk/"
  },
  {
    "Product Name": "Confidence Toilet Tissue Hypoallgerenic 4ply 8pk",
    "Price": 3.99,
    "Unit Price": "36c per 100 sheets (50c per roll)",
    "Aldi Category": "Household",
    "URL": "https://www.aldi.com.au/en/groceries/laundry-household/household/skin-care-detail/ps/p/confidence-toilet-tissue-hypoallgerenic-4ply-8pk/"
  },
  {
    "Product Name": "Mamia Baby Wipes 80pk Scented",
    "Price": 1.89,
    "Unit Price": "$2.36 per 100 wipes",
    "Aldi Category": "Baby",
    "URL": "https://www.aldi.com.au/en/groceries/baby/nappies-and-wipes/nappies-and-wipes-detail/ps/p/mamia-baby-wipes-80pk-scented-1/"
  },
  {
    "Product Name": "Mamia Baby Wipes 480pk Fragance free",
    "Price": 8.99,
    "Unit Price": "$1.87 per 100 wipes",
    "Aldi Category": "Baby",
    "URL": "https://www.aldi.com.au/en/groceries/baby/nappies-and-wipes/nappies-and-wipes-detail/ps/p/mamia-baby-wipes-480pk-fragance-free/"
  },
  {
    "Product Name": "Mamia Premium Baby Wipes Fragrance Free 240pk",
    "Price": 7.69,
    "Unit Price": "$3.20 per 100 wipes",
    "Aldi Category": "Baby",
    "URL": "https://www.aldi.com.au/en/groceries/baby/nappies-and-wipes/nappies-and-wipes-detail/ps/p/mamia-premium-baby-wipes-fragrance-free-240pk-1/"
  },
  {
    "Product Name": "Mamia Baby Wipes 80pk Fragrance Free",
    "Price": 1.89,
    "Unit Price": "$2.36 per 100 wipes",
    "Aldi Category": "Baby",
    "URL": "https://www.aldi.com.au/en/groceries/baby/nappies-and-wipes/nappies-and-wipes-detail/ps/p/mamia-baby-wipes-80pk-fragrance-free/"
  },
  {
    "Product Name": "Mamia Baby’s First Breakfast 6mth+ Porridge",
    "Price": 89,
    "Unit Price": "74c per 100g",
    "Aldi Category": "Baby",
    "URL": "https://www.aldi.com.au/en/groceries/baby/baby-food/baby-food-detail/ps/p/mamia-babys-first-breakfast-6mth-porridge/"
  },
  {
    "Product Name": "Mamia Baby Wipes Embossed Fragrance Free 80pk",
    "Price": 2.69,
    "Unit Price": "$3.36 per 100 wipes",
    "Aldi Category": "Baby",
    "URL": "https://www.aldi.com.au/en/groceries/baby/nappies-and-wipes/nappies-and-wipes-detail/ps/p/mamia-baby-wipes-embossed-fragrance-free-80pk/"
  },
  {
    "Product Name": "MAMIA® Unisex Junior Nappies 16kg-25kg 40pk 40pk",
    "Price": 9.99,
    "Unit Price": "25c per nappy",
    "Aldi Category": "Baby",
    "URL": "https://www.aldi.com.au/en/groceries/baby/nappies-and-wipes/nappies-and-wipes-detail/ps/p/mamia-unisex-junior-nappies-16kg-25kg-40pk/"
  },
  {
    "Product Name": "Mamia Baby Food 6 Months+ 120g ea",
    "Price": 89,
    "Unit Price": "74c per 100g",
    "Aldi Category": "Baby",
    "URL": "https://www.aldi.com.au/en/groceries/baby/baby-food/baby-food-detail/ps/p/mamia-baby-food-6-months-120g/"
  },
  {
    "Product Name": "Mamia Baby Wipes Embossed Scented 80pk",
    "Price": 2.69,
    "Unit Price": "$3.36 per 100 wipes",
    "Aldi Category": "Baby",
    "URL": "https://www.aldi.com.au/en/groceries/baby/nappies-and-wipes/nappies-and-wipes-detail/ps/p/mamia-baby-wipes-embossed-scented-80pk/"
  },
  {
    "Product Name": "Mamia Baby Fruit 4 Months+ 120g 120g",
    "Price": 89,
    "Unit Price": "74c per 100g",
    "Aldi Category": "Baby",
    "URL": "https://www.aldi.com.au/en/groceries/baby/baby-food/baby-food-detail/ps/p/mamia-baby-fruit-4-months-120g/"
  },
  {
    "Product Name": "Mamia Fruit Snack Cereal Bars Apple & Raspberry 12+ months 8pk 128g 8pk",
    "Price": 2.79,
    "Unit Price": "$2.18 per 100g",
    "Aldi Category": "Baby",
    "URL": "https://www.aldi.com.au/en/groceries/baby/baby-food/baby-food-detail/ps/p/mamia-fruit-snack-cereal-bars-apple-raspberry-12-m/"
  },
  {
    "Product Name": "Mamia Fruit & Oat Bars 90g - Apple & Raisin with Yogurt 12+ Months",
    "Price": 2.99,
    "Unit Price": "$3.32 per 100g",
    "Aldi Category": "Baby",
    "URL": "https://www.aldi.com.au/en/groceries/baby/baby-food/baby-food-detail/ps/p/mamia-fruit-oat-bars-90g-apple-raisin-with-yogurt/"
  },
  {
    "Product Name": "Mamia Premium Baby Food 6+ Months 120g ea",
    "Price": 89,
    "Unit Price": "74c per 100g",
    "Aldi Category": "Baby",
    "URL": "https://www.aldi.com.au/en/groceries/baby/baby-food/baby-food-detail/ps/p/mamia-premium-baby-food-6-months-120g/"
  },
  {
    "Product Name": "Mamia Organic Apple Mini Rice Cakes 40g",
    "Price": 2.49,
    "Unit Price": "$6.23 per 100g",
    "Aldi Category": "Baby",
    "URL": "https://www.aldi.com.au/en/groceries/baby/baby-food/baby-food-detail/ps/p/mamia-organic-apple-mini-rice-cakes-40g/"
  },
  {
    "Product Name": "Mamia Baby’s First Breakfast 6mth+ Muesli",
    "Price": 89,
    "Unit Price": "74c per 100g",
    "Aldi Category": "Baby",
    "URL": "https://www.aldi.com.au/en/groceries/baby/baby-food/baby-food-detail/ps/p/mamia-babys-first-breakfast-6mth-muesli/"
  },
  {
    "Product Name": "Mamia Baby Food Desserts 6 Months+ 120g ea",
    "Price": 89,
    "Unit Price": "74c per 100g",
    "Aldi Category": "Baby",
    "URL": "https://www.aldi.com.au/en/groceries/baby/baby-food/baby-food-detail/ps/p/mamia-baby-food-desserts-6-months-120g/"
  },
  {
    "Product Name": "Mamia Fruit Snack Cereal Bars Apple 12+ months 8pk 128g 8pk",
    "Price": 2.79,
    "Unit Price": "$2.18 per 100g",
    "Aldi Category": "Baby",
    "URL": "https://www.aldi.com.au/en/groceries/baby/baby-food/baby-food-detail/ps/p/mamia-fruit-snack-cereal-bars-apple-12-months-8pk/"
  },
  {
    "Product Name": "Mamia Organic Raspberry Mini Rice Cakes 40g",
    "Price": 2.49,
    "Unit Price": "$6.23 per 100g",
    "Aldi Category": "Baby",
    "URL": "https://www.aldi.com.au/en/groceries/baby/baby-food/baby-food-detail/ps/p/mamia-organic-raspberry-mini-rice-cakes-40g/"
  },
  {
    "Product Name": "Mamia Infant Formula Toddler Step 3 900g",
    "Price": 12.99,
    "Unit Price": "$1.44 per 100g",
    "Aldi Category": "Baby",
    "URL": "https://www.aldi.com.au/en/groceries/baby/baby-food/baby-food-detail/ps/p/mamia-infant-formula-toddler-step-3-900g/"
  },
  {
    "Product Name": "Mamia Fruit Snack Cereal Bars Apple, Blueberry & Banana 12+ months 8pk 128g 8pk",
    "Price": 2.79,
    "Unit Price": "$2.18 per 100g",
    "Aldi Category": "Baby",
    "URL": "https://www.aldi.com.au/en/groceries/baby/baby-food/baby-food-detail/ps/p/mamia-fruit-snack-cereal-bars-apple-blueberry-bana/"
  },
  {
    "Product Name": "Mamia Fruit & Oat Bars 90g - Strawberry 12+ Months",
    "Price": 2.99,
    "Unit Price": "$3.32 per 100g",
    "Aldi Category": "Baby",
    "URL": "https://www.aldi.com.au/en/groceries/baby/baby-food/baby-food-detail/ps/p/mamia-fruit-oat-bars-90g-strawberry-12-months/"
  },
  {
    "Product Name": "Mamia Fruit & Oat Bars 90g - Apricot 12+ Months",
    "Price": 2.99,
    "Unit Price": "$3.32 per 100g",
    "Aldi Category": "Baby",
    "URL": "https://www.aldi.com.au/en/groceries/baby/baby-food/baby-food-detail/ps/p/mamia-fruit-oat-bars-90g-apricot-12-months/"
  },
  {
    "Product Name": "Mamia Organic Fruit 4 months+ 120g ea",
    "Price": 1.29,
    "Unit Price": "$1.08 per 100g",
    "Aldi Category": "Baby",
    "URL": "https://www.aldi.com.au/en/groceries/baby/baby-food/baby-food-detail/ps/p/mamia-organic-fruit-4-months-120g-2/"
  },
  {
    "Product Name": "Slimline Storage Drawers",
    "Price": 69.99,
    "Unit Price": "",
    "Aldi Category": "Special Buys Sat 1 May",
    "URL": "https://www.aldi.com.au/en/special-buys/special-buys-sat-1-may/saturday-detail-wk17/ps/p/slimline-storage-drawers-1/"
  },
  {
    "Product Name": "Knitting Tote Bag or Needles 10pk ea",
    "Price": 19.99,
    "Unit Price": "",
    "Aldi Category": "Special Buys Sat 1 May",
    "URL": "https://www.aldi.com.au/en/special-buys/special-buys-sat-1-may/saturday-detail-wk17/ps/p/knitting-tote-bag-or-needles-10pk/"
  },
  {
    "Product Name": "Fabric Fat Quarters 6pk ea",
    "Price": 6.99,
    "Unit Price": "",
    "Aldi Category": "Special Buys Sat 1 May",
    "URL": "https://www.aldi.com.au/en/special-buys/special-buys-sat-1-may/saturday-detail-wk17/ps/p/fabric-fat-quarters-6pk-3/"
  },
  {
    "Product Name": "Hobby Sewing Table",
    "Price": 99.99,
    "Unit Price": "",
    "Aldi Category": "Special Buys Sat 1 May",
    "URL": "https://www.aldi.com.au/en/special-buys/special-buys-sat-1-may/saturday-detail-wk17/ps/p/hobby-sewing-table-3/"
  },
  {
    "Product Name": "Sewing Thread 500m 3pk or Overlocker Thread 2000m ea",
    "Price": 99,
    "Unit Price": "",
    "Aldi Category": "Special Buys Sat 1 May",
    "URL": "https://www.aldi.com.au/en/special-buys/special-buys-sat-1-may/saturday-detail-wk17/ps/p/sewing-thread-500m-3pk-or-overlocker-thread-2000m-1/"
  },
  {
    "Product Name": "Baby Knitting Yarn 8ply 100g ea",
    "Price": 1.99,
    "Unit Price": "",
    "Aldi Category": "Special Buys Sat 1 May",
    "URL": "https://www.aldi.com.au/en/special-buys/special-buys-sat-1-may/saturday-detail-wk17/ps/p/baby-knitting-yarn-8ply-100g/"
  },
  {
    "Product Name": "Craft Cutting Tools ea",
    "Price": 4.99,
    "Unit Price": "",
    "Aldi Category": "Special Buys Sat 1 May",
    "URL": "https://www.aldi.com.au/en/special-buys/special-buys-sat-1-may/saturday-detail-wk17/ps/p/craft-cutting-tools-2/"
  },
  {
    "Product Name": "Assorted Haberdashery ea",
    "Price": 99,
    "Unit Price": "",
    "Aldi Category": "Special Buys Sat 1 May",
    "URL": "https://www.aldi.com.au/en/special-buys/special-buys-sat-1-may/saturday-detail-wk17/ps/p/assorted-haberdashery/"
  },
  {
    "Product Name": "Craft Cutting Mat ea",
    "Price": 4.99,
    "Unit Price": "",
    "Aldi Category": "Special Buys Sat 1 May",
    "URL": "https://www.aldi.com.au/en/special-buys/special-buys-sat-1-may/saturday-detail-wk17/ps/p/craft-cutting-mat-2/"
  },
  {
    "Product Name": "Sewing Machine",
    "Price": 99.99,
    "Unit Price": "",
    "Aldi Category": "Special Buys Sat 1 May",
    "URL": "https://www.aldi.com.au/en/special-buys/special-buys-sat-1-may/saturday-detail-wk17/ps/p/sewing-machine-3/"
  },
  {
    "Product Name": "Magnified Task Lamp",
    "Price": 49.99,
    "Unit Price": "",
    "Aldi Category": "Special Buys Sat 1 May",
    "URL": "https://www.aldi.com.au/en/special-buys/special-buys-sat-1-may/saturday-detail-wk17/ps/p/magnified-task-lamp-6/"
  },
  {
    "Product Name": "Sewing Machine Bag",
    "Price": 39.99,
    "Unit Price": "",
    "Aldi Category": "Special Buys Sat 1 May",
    "URL": "https://www.aldi.com.au/en/special-buys/special-buys-sat-1-may/saturday-detail-wk17/ps/p/sewing-machine-bag-4/"
  },
  {
    "Product Name": "Sewing Basket ea",
    "Price": 24.99,
    "Unit Price": "",
    "Aldi Category": "Special Buys Sat 1 May",
    "URL": "https://www.aldi.com.au/en/special-buys/special-buys-sat-1-may/saturday-detail-wk17/ps/p/sewing-basket-7/"
  },
  {
    "Product Name": "Long Stitch or Embroidery Kit ea",
    "Price": 6.99,
    "Unit Price": "",
    "Aldi Category": "Special Buys Sat 1 May",
    "URL": "https://www.aldi.com.au/en/special-buys/special-buys-sat-1-may/saturday-detail-wk17/ps/p/long-stitch-or-embroidery-kit/"
  },
  {
    "Product Name": "Acrylic Knitting Yarn 8ply 100g ea",
    "Price": 1.99,
    "Unit Price": "",
    "Aldi Category": "Special Buys Sat 1 May",
    "URL": "https://www.aldi.com.au/en/special-buys/special-buys-sat-1-may/saturday-detail-wk17/ps/p/acrylic-knitting-yarn-8ply-100g-3/"
  },
  {
    "Product Name": "Facial Steamer",
    "Price": 39.99,
    "Unit Price": "",
    "Aldi Category": "Special Buys Sat 1 May",
    "URL": "https://www.aldi.com.au/en/special-buys/special-buys-sat-1-may/saturday-detail-wk17/ps/p/facial-steamer/"
  },
  {
    "Product Name": "Acrylic Super Chunky Yarn 3ply 280g ea",
    "Price": 3.99,
    "Unit Price": "",
    "Aldi Category": "Special Buys Sat 1 May",
    "URL": "https://www.aldi.com.au/en/special-buys/special-buys-sat-1-may/saturday-detail-wk17/ps/p/acrylic-super-chunky-yarn-3ply-280g/"
  },
  {
    "Product Name": "Shiatsu Neck and Shoulder Massager",
    "Price": 49.99,
    "Unit Price": "",
    "Aldi Category": "Special Buys Sat 1 May",
    "URL": "https://www.aldi.com.au/en/special-buys/special-buys-sat-1-may/saturday-detail-wk17/ps/p/shiatsu-neck-and-shoulder-massager-2/"
  },
  {
    "Product Name": "Cordless Hair Remover",
    "Price": 39.99,
    "Unit Price": "",
    "Aldi Category": "Special Buys Sat 1 May",
    "URL": "https://www.aldi.com.au/en/special-buys/special-buys-sat-1-may/saturday-detail-wk17/ps/p/cordless-hair-remover-4/"
  },
  {
    "Product Name": "Air Compression Foot Massager ea",
    "Price": 59.99,
    "Unit Price": "",
    "Aldi Category": "Special Buys Sat 1 May",
    "URL": "https://www.aldi.com.au/en/special-buys/special-buys-sat-1-may/saturday-detail-wk17/ps/p/air-compression-foot-massager/"
  },
  {
    "Product Name": "Shiatsu Back Massage Cushion ea",
    "Price": 39.99,
    "Unit Price": "",
    "Aldi Category": "Special Buys Sat 1 May",
    "URL": "https://www.aldi.com.au/en/special-buys/special-buys-sat-1-may/saturday-detail-wk17/ps/p/shiatsu-back-massage-cushion-3/"
  },
  {
    "Product Name": "Shiatsu Neck Massage Cushion ea",
    "Price": 39.99,
    "Unit Price": "",
    "Aldi Category": "Special Buys Sat 1 May",
    "URL": "https://www.aldi.com.au/en/special-buys/special-buys-sat-1-may/saturday-detail-wk17/ps/p/shiatsu-neck-massage-cushion/"
  },
  {
    "Product Name": "Hairbrush with Boar and Nylon Bristles ea",
    "Price": 7.99,
    "Unit Price": "",
    "Aldi Category": "Special Buys Sat 1 May",
    "URL": "https://www.aldi.com.au/en/special-buys/special-buys-sat-1-may/saturday-detail-wk17/ps/p/hairbrush-with-boar-and-nylon-bristles-3/"
  },
  {
    "Product Name": "IPL Hair Remover",
    "Price": 69.99,
    "Unit Price": "",
    "Aldi Category": "Special Buys Sat 1 May",
    "URL": "https://www.aldi.com.au/en/special-buys/special-buys-sat-1-may/saturday-detail-wk17/ps/p/ipl-hair-remover-1/"
  },
  {
    "Product Name": "Professional Hair Dryer ea",
    "Price": 24.99,
    "Unit Price": "",
    "Aldi Category": "Special Buys Sat 1 May",
    "URL": "https://www.aldi.com.au/en/special-buys/special-buys-sat-1-may/saturday-detail-wk17/ps/p/professional-hair-dryer-1/"
  },
  {
    "Product Name": "Sewing Scissors 5pc ea",
    "Price": 12.99,
    "Unit Price": "",
    "Aldi Category": "Special Buys Sat 1 May",
    "URL": "https://www.aldi.com.au/en/special-buys/special-buys-sat-1-may/saturday-detail-wk17/ps/p/sewing-scissors-5pc-4/"
  },
  {
    "Product Name": "Kairplex 3-Step Hair Bonding Kit kit",
    "Price": 19.99,
    "Unit Price": "",
    "Aldi Category": "Special Buys Sat 1 May",
    "URL": "https://www.aldi.com.au/en/special-buys/special-buys-sat-1-may/saturday-detail-wk17/ps/p/kairplex-3-step-hair-bonding-kit-1/"
  },
  {
    "Product Name": "Volume Hair Styler",
    "Price": 24.99,
    "Unit Price": "",
    "Aldi Category": "Special Buys Sat 1 May",
    "URL": "https://www.aldi.com.au/en/special-buys/special-buys-sat-1-may/saturday-detail-wk17/ps/p/volume-hair-styler/"
  },
  {
    "Product Name": "Haberdashery Assortment ea",
    "Price": 99,
    "Unit Price": "",
    "Aldi Category": "Special Buys Sat 1 May",
    "URL": "https://www.aldi.com.au/en/special-buys/special-buys-sat-1-may/saturday-detail-wk17/ps/p/haberdashery-assortment-4/"
  },
  {
    "Product Name": "Schwarzkopf Leave In Treatment 150ml or Conditioning Spray 250ml ea",
    "Price": 4.99,
    "Unit Price": "$3.32/$2.00 per 100ml",
    "Aldi Category": "Special Buys Sat 1 May",
    "URL": "https://www.aldi.com.au/en/special-buys/special-buys-sat-1-may/saturday-detail-wk17/ps/p/schwarzkopf-leave-in-treatment-150ml-or-conditioni/"
  },
  {
    "Product Name": "Haircarebear 50pk/60pk ea",
    "Price": 14.99,
    "Unit Price": "",
    "Aldi Category": "Special Buys Sat 1 May",
    "URL": "https://www.aldi.com.au/en/special-buys/special-buys-sat-1-may/saturday-detail-wk17/ps/p/haircarebear-50pk60pk/"
  },
  {
    "Product Name": "OGX Argan Oil of Morocco Shampoo or Conditioner 385ml ea",
    "Price": 9.99,
    "Unit Price": "$2.59 per 100ml",
    "Aldi Category": "Special Buys Sat 1 May",
    "URL": "https://www.aldi.com.au/en/special-buys/special-buys-sat-1-may/saturday-detail-wk17/ps/p/ogx-argan-oil-of-morocco-shampoo-or-conditioner-38/"
  },
  {
    "Product Name": "Hair Treatment with Argan Oil 100ml",
    "Price": 5.99,
    "Unit Price": "$5.99 per 100ml",
    "Aldi Category": "Special Buys Sat 1 May",
    "URL": "https://www.aldi.com.au/en/special-buys/special-buys-sat-1-may/saturday-detail-wk17/ps/p/hair-treatment-with-argan-oil-100ml-2/"
  },
  {
    "Product Name": "Market Fare Broccoli 500g",
    "Price": 2.29,
    "Unit Price": "$4.58 per kg",
    "Aldi Category": "Frozen",
    "URL": "https://www.aldi.com.au/en/groceries/freezer/freezer-detail/ps/p/market-fare-broccoli-500g-1/"
  },
  {
    "Product Name": "Market Fare Green Beans 1kg",
    "Price": 1.99,
    "Unit Price": "$1.99 per kg",
    "Aldi Category": "Frozen",
    "URL": "https://www.aldi.com.au/en/groceries/freezer/freezer-detail/ps/p/market-fare-green-beans-1kg/"
  },
  {
    "Product Name": "Market Fare Baby Peas 1kg 1kg",
    "Price": 2.99,
    "Unit Price": "$2.99 per kg",
    "Aldi Category": "Frozen",
    "URL": "https://www.aldi.com.au/en/groceries/freezer/freezer-detail/ps/p/market-fare-baby-peas-1kg/"
  },
  {
    "Product Name": "OGX Coconut Milk Shampoo or Conditioner 385ml ea",
    "Price": 9.99,
    "Unit Price": "$2.59 per 100ml",
    "Aldi Category": "Special Buys Sat 1 May",
    "URL": "https://www.aldi.com.au/en/special-buys/special-buys-sat-1-may/saturday-detail-wk17/ps/p/ogx-coconut-milk-shampoo-or-conditioner-385ml/"
  },
  {
    "Product Name": "Handheld Massager ea",
    "Price": 39.99,
    "Unit Price": "",
    "Aldi Category": "Special Buys Sat 1 May",
    "URL": "https://www.aldi.com.au/en/special-buys/special-buys-sat-1-may/saturday-detail-wk17/ps/p/handheld-massager-6/"
  },
  {
    "Product Name": "Market Fare Peas, Carrots & Corn 1kg",
    "Price": 2.79,
    "Unit Price": "$2.79 per kg",
    "Aldi Category": "Frozen",
    "URL": "https://www.aldi.com.au/en/groceries/freezer/freezer-detail/ps/p/market-fare-peas-carrots-corn-1kg-2/"
  },
  {
    "Product Name": "International Cuisine Beef Lasagne 2kg",
    "Price": 8.49,
    "Unit Price": "43c per 100g",
    "Aldi Category": "Frozen",
    "URL": "https://www.aldi.com.au/en/groceries/freezer/freezer-detail/ps/p/international-cuisine-beef-lasagne-2kg/"
  },
  {
    "Product Name": "International Cuisine Supreme Family Pizza 500g",
    "Price": 2.99,
    "Unit Price": "59c per 100g",
    "Aldi Category": "Frozen",
    "URL": "https://www.aldi.com.au/en/groceries/freezer/freezer-detail/ps/p/international-cuisine-supreme-family-pizza-500g/"
  },
  {
    "Product Name": "Market Fare Corn Kernels 1kg",
    "Price": 2.59,
    "Unit Price": "$2.59 per kg",
    "Aldi Category": "Frozen",
    "URL": "https://www.aldi.com.au/en/groceries/freezer/freezer-detail/ps/p/market-fare-corn-kernels-1kg-1/"
  },
  {
    "Product Name": "Market Fare Stir Fry Vegetables 850g 850g",
    "Price": 3.49,
    "Unit Price": "$4.11 per kg",
    "Aldi Category": "Frozen",
    "URL": "https://www.aldi.com.au/en/groceries/freezer/freezer-detail/ps/p/market-fare-stir-fry-vegetables-850g/"
  },
  {
    "Product Name": "Orchard & Vine Blueberries 500g",
    "Price": 3.69,
    "Unit Price": "$7.38 per kg",
    "Aldi Category": "Frozen",
    "URL": "https://www.aldi.com.au/en/groceries/freezer/freezer-detail/ps/p/orchard-vine-blueberries-500g-1/"
  },
  {
    "Product Name": "Market Fare Corn Cobs 1kg",
    "Price": "see price in store",
    "Unit Price": "see price in store*",
    "Aldi Category": "Frozen",
    "URL": "https://www.aldi.com.au/en/groceries/freezer/freezer-detail/ps/p/market-fare-corn-cobs-1kg-1/"
  },
  {
    "Product Name": "Expressi Stainless Steel Large Milk Frother",
    "Price": 49.99,
    "Unit Price": "",
    "Aldi Category": "Special Buys Wed 28 April",
    "URL": "https://www.aldi.com.au/en/special-buys/special-buys-wed-28-april/wednesday-detail-wk17/ps/p/expressi-stainless-steel-large-milk-frother/"
  },
  {
    "Product Name": "Market Fare Cauliflower or Broccoli Bake 800g ea",
    "Price": 4.99,
    "Unit Price": "$6.24 per kg",
    "Aldi Category": "Frozen",
    "URL": "https://www.aldi.com.au/en/groceries/freezer/freezer-detail/ps/p/market-fare-cauliflower-or-broccoli-bake-800g/"
  },
  {
    "Product Name": "Kenny’s Frozen Dessert 475ml 475ml",
    "Price": 4.99,
    "Unit Price": "$1.05 per 100ml",
    "Aldi Category": "Frozen",
    "URL": "https://www.aldi.com.au/en/groceries/freezer/freezer-detail/ps/p/kennys-frozen-dessert-475ml/"
  },
  {
    "Product Name": "Expressi Silver Coffee Capsule Machine",
    "Price": 79.99,
    "Unit Price": "",
    "Aldi Category": "Special Buys Wed 28 April",
    "URL": "https://www.aldi.com.au/en/special-buys/special-buys-wed-28-april/wednesday-detail-wk17/ps/p/expressi-silver-coffee-capsule-machine/"
  },
  {
    "Product Name": "Expressi Matte Black Large Milk Frother",
    "Price": 49.99,
    "Unit Price": "",
    "Aldi Category": "Special Buys Wed 28 April",
    "URL": "https://www.aldi.com.au/en/special-buys/special-buys-wed-28-april/wednesday-detail-wk17/ps/p/expressi-matte-black-large-milk-frother/"
  },
  {
    "Product Name": "Market Fare Garden Peas 1kg",
    "Price": 1.99,
    "Unit Price": "$1.99 per kg",
    "Aldi Category": "Frozen",
    "URL": "https://www.aldi.com.au/en/groceries/freezer/freezer-detail/ps/p/market-fare-garden-peas-1kg-3/"
  },
  {
    "Product Name": "Expressi White Coffee Capsule Machine",
    "Price": 79.99,
    "Unit Price": "",
    "Aldi Category": "Special Buys Wed 28 April",
    "URL": "https://www.aldi.com.au/en/special-buys/special-buys-wed-28-april/wednesday-detail-wk17/ps/p/expressi-white-coffee-capsule-machine/"
  },
  {
    "Product Name": "Expressi Intenzo #14 Coffee Capsule Value Pack 6 x 16pk 96pk",
    "Price": 32.99,
    "Unit Price": "34c per capsule",
    "Aldi Category": "Special Buys Wed 28 April",
    "URL": "https://www.aldi.com.au/en/special-buys/special-buys-wed-28-april/wednesday-detail-wk17/ps/p/expressi-intenzo-14-coffee-capsule-value-pack-6-x/"
  },
  {
    "Product Name": "The Best Margherita Pizza Ever 365g",
    "Price": 4.99,
    "Unit Price": "$1.37 per 100g",
    "Aldi Category": "Frozen",
    "URL": "https://www.aldi.com.au/en/groceries/freezer/freezer-detail/ps/p/the-best-margherita-pizza-ever-365g/"
  },
  {
    "Product Name": "Expressi Vanilla Coffee Syrups 250ml",
    "Price": 2.99,
    "Unit Price": "$1.20 per 100ml",
    "Aldi Category": "Special Buys Wed 28 April",
    "URL": "https://www.aldi.com.au/en/special-buys/special-buys-wed-28-april/wednesday-detail-wk17/ps/p/expressi-vanilla-coffee-syrups-250ml/"
  },
  {
    "Product Name": "Market Fare Spinach 250g",
    "Price": 89,
    "Unit Price": "$3.56 per kg",
    "Aldi Category": "Frozen",
    "URL": "https://www.aldi.com.au/en/groceries/freezer/freezer-detail/ps/p/market-fare-spinach-250g-2/"
  },
  {
    "Product Name": "Expressi Abruzzo #12 Coffee Capsule Value Pack 6 x 16pk 96pk",
    "Price": 32.99,
    "Unit Price": "34c per capsule",
    "Aldi Category": "Special Buys Wed 28 April",
    "URL": "https://www.aldi.com.au/en/special-buys/special-buys-wed-28-april/wednesday-detail-wk17/ps/p/expressi-abruzzo-12-coffee-capsule-value-pack-6-x/"
  },
  {
    "Product Name": "Expressi Hazelnut Coffee Syrups 250ml",
    "Price": 2.99,
    "Unit Price": "$1.20 per 100ml",
    "Aldi Category": "Special Buys Wed 28 April",
    "URL": "https://www.aldi.com.au/en/special-buys/special-buys-wed-28-april/wednesday-detail-wk17/ps/p/expressi-hazelnut-coffee-syrups-250ml/"
  },
  {
    "Product Name": "Expressi Caramel Coffee Syrups 250ml",
    "Price": 2.99,
    "Unit Price": "$1.20 per 100ml",
    "Aldi Category": "Special Buys Wed 28 April",
    "URL": "https://www.aldi.com.au/en/special-buys/special-buys-wed-28-april/wednesday-detail-wk17/ps/p/expressi-caramel-coffee-syrups-250ml/"
  },
  {
    "Product Name": "Women’s Knit Pullover ea",
    "Price": 12.99,
    "Unit Price": "",
    "Aldi Category": "Special Buys Wed 28 April",
    "URL": "https://www.aldi.com.au/en/special-buys/special-buys-wed-28-april/wednesday-detail-wk17/ps/p/womens-knit-pullover/"
  },
  {
    "Product Name": "Women’s Coatigan ea",
    "Price": 29.99,
    "Unit Price": "",
    "Aldi Category": "Special Buys Wed 28 April",
    "URL": "https://www.aldi.com.au/en/special-buys/special-buys-wed-28-april/wednesday-detail-wk17/ps/p/womens-coatigan-1/"
  },
  {
    "Product Name": "Schwarzkopf Lacquer or Hairspray 500g ea",
    "Price": 6.99,
    "Unit Price": "$1.40 per 100g",
    "Aldi Category": "Special Buys Sat 1 May",
    "URL": "https://www.aldi.com.au/en/special-buys/special-buys-sat-1-may/saturday-detail-wk17/ps/p/schwarzkopf-lacquer-or-hairspray-500g/"
  },
  {
    "Product Name": "Women’s Cashmere Scarf ea",
    "Price": 29.99,
    "Unit Price": "",
    "Aldi Category": "Special Buys Wed 28 April",
    "URL": "https://www.aldi.com.au/en/special-buys/special-buys-wed-28-april/wednesday-detail-wk17/ps/p/womens-cashmere-scarf-1/"
  },
  {
    "Product Name": "Market Fare Winter Vegetables 1kg",
    "Price": 2.79,
    "Unit Price": "$2.79 per kg",
    "Aldi Category": "Frozen",
    "URL": "https://www.aldi.com.au/en/groceries/freezer/freezer-detail/ps/p/market-fare-winter-vegetables-1kg-2/"
  },
  {
    "Product Name": "Women’s Stretch Denim Jeans or Jeggings ea",
    "Price": 14.99,
    "Unit Price": "",
    "Aldi Category": "Special Buys Wed 28 April",
    "URL": "https://www.aldi.com.au/en/special-buys/special-buys-wed-28-april/wednesday-detail-wk17/ps/p/womens-stretch-denim-jeans-or-jeggings-1/"
  },
  {
    "Product Name": "Women’s Puffer Vest ea",
    "Price": 19.99,
    "Unit Price": "",
    "Aldi Category": "Special Buys Wed 28 April",
    "URL": "https://www.aldi.com.au/en/special-buys/special-buys-wed-28-april/wednesday-detail-wk17/ps/p/womens-puffer-vest-2/"
  },
  {
    "Product Name": "Expressi Milano #10 Coffee Capsule Value Pack 6 x 16pk 96pk",
    "Price": 32.99,
    "Unit Price": "34c per capsule",
    "Aldi Category": "Special Buys Wed 28 April",
    "URL": "https://www.aldi.com.au/en/special-buys/special-buys-wed-28-april/wednesday-detail-wk17/ps/p/expressi-milano-10-coffee-capsule-value-pack-6-x-1/"
  },
  {
    "Product Name": "Women’s Longline Cardigan ea",
    "Price": 16.99,
    "Unit Price": "",
    "Aldi Category": "Special Buys Wed 28 April",
    "URL": "https://www.aldi.com.au/en/special-buys/special-buys-wed-28-april/wednesday-detail-wk17/ps/p/womens-longline-cardigan-1/"
  },
  {
    "Product Name": "Double Wall Thermo Glasses 2pk 2pk",
    "Price": 8.99,
    "Unit Price": "",
    "Aldi Category": "Special Buys Wed 28 April",
    "URL": "https://www.aldi.com.au/en/special-buys/special-buys-wed-28-april/wednesday-detail-wk17/ps/p/double-wall-thermo-glasses-2pk-2/"
  },
  {
    "Product Name": "Women’s Loungewear Set ea",
    "Price": 16.99,
    "Unit Price": "",
    "Aldi Category": "Special Buys Wed 28 April",
    "URL": "https://www.aldi.com.au/en/special-buys/special-buys-wed-28-april/wednesday-detail-wk17/ps/p/womens-loungewear-set-2/"
  },
  {
    "Product Name": "Women’s Cowl Neck Pullover ea",
    "Price": 19.99,
    "Unit Price": "",
    "Aldi Category": "Special Buys Wed 28 April",
    "URL": "https://www.aldi.com.au/en/special-buys/special-buys-wed-28-april/wednesday-detail-wk17/ps/p/womens-cowl-neck-pullover/"
  },
  {
    "Product Name": "Women’s Velour Tracksuit ea",
    "Price": 24.99,
    "Unit Price": "",
    "Aldi Category": "Special Buys Wed 28 April",
    "URL": "https://www.aldi.com.au/en/special-buys/special-buys-wed-28-april/wednesday-detail-wk17/ps/p/womens-velour-tracksuit-2/"
  },
  {
    "Product Name": "Expressi Best Sellers Assortment Pack 10pk 10pk",
    "Price": 6.99,
    "Unit Price": "70c per capsule",
    "Aldi Category": "Special Buys Wed 28 April",
    "URL": "https://www.aldi.com.au/en/special-buys/special-buys-wed-28-april/wednesday-detail-wk17/ps/p/expressi-best-sellers-assortment-pack-10pk/"
  },
  {
    "Product Name": "Women’s Wool Cashmere Blend Sweater ea",
    "Price": 34.99,
    "Unit Price": "",
    "Aldi Category": "Special Buys Wed 28 April",
    "URL": "https://www.aldi.com.au/en/special-buys/special-buys-wed-28-april/wednesday-detail-wk17/ps/p/womens-wool-cashmere-blend-sweater-1/"
  },
  {
    "Product Name": "Women’s Long Sleeve Tee 2pk 2pk",
    "Price": 8.99,
    "Unit Price": "",
    "Aldi Category": "Special Buys Wed 28 April",
    "URL": "https://www.aldi.com.au/en/special-buys/special-buys-wed-28-april/wednesday-detail-wk17/ps/p/womens-long-sleeve-tee-2pk-2/"
  },
  {
    "Product Name": "Women’s Three-quarter Sleeve Top ea",
    "Price": 12.99,
    "Unit Price": "",
    "Aldi Category": "Special Buys Wed 28 April",
    "URL": "https://www.aldi.com.au/en/special-buys/special-buys-wed-28-april/wednesday-detail-wk17/ps/p/womens-three-quarter-sleeve-top/"
  },
  {
    "Product Name": "Women’s Leather Gloves pr",
    "Price": 12.99,
    "Unit Price": "",
    "Aldi Category": "Special Buys Wed 28 April",
    "URL": "https://www.aldi.com.au/en/special-buys/special-buys-wed-28-april/wednesday-detail-wk17/ps/p/womens-leather-gloves/"
  },
  {
    "Product Name": "Women’s White & Navy Trim Casual Shoes pr",
    "Price": 24.99,
    "Unit Price": "",
    "Aldi Category": "Special Buys Wed 28 April",
    "URL": "https://www.aldi.com.au/en/special-buys/special-buys-wed-28-april/wednesday-detail-wk17/ps/p/womens-white-navy-trim-casual-shoes/"
  },
  {
    "Product Name": "Women’s Wool Gloves pr",
    "Price": 12.99,
    "Unit Price": "",
    "Aldi Category": "Special Buys Wed 28 April",
    "URL": "https://www.aldi.com.au/en/special-buys/special-buys-wed-28-april/wednesday-detail-wk17/ps/p/womens-wool-gloves/"
  },
  {
    "Product Name": "Women’s White Casual Shoes pr",
    "Price": 24.99,
    "Unit Price": "",
    "Aldi Category": "Special Buys Wed 28 April",
    "URL": "https://www.aldi.com.au/en/special-buys/special-buys-wed-28-april/wednesday-detail-wk17/ps/p/womens-white-casual-shoes/"
  },
  {
    "Product Name": "Women’s Bootie Socks pr",
    "Price": 6.99,
    "Unit Price": "",
    "Aldi Category": "Special Buys Wed 28 April",
    "URL": "https://www.aldi.com.au/en/special-buys/special-buys-wed-28-april/wednesday-detail-wk17/ps/p/womens-bootie-socks-2/"
  },
  {
    "Product Name": "Women’s Underwear 3pk 3pk",
    "Price": 6.99,
    "Unit Price": "",
    "Aldi Category": "Special Buys Wed 28 April",
    "URL": "https://www.aldi.com.au/en/special-buys/special-buys-wed-28-april/wednesday-detail-wk17/ps/p/womens-underwear-3pk-3/"
  },
  {
    "Product Name": "Women’s Casual Leather Bag ea",
    "Price": 39.99,
    "Unit Price": "",
    "Aldi Category": "Special Buys Wed 28 April",
    "URL": "https://www.aldi.com.au/en/special-buys/special-buys-wed-28-april/wednesday-detail-wk17/ps/p/womens-casual-leather-bag/"
  },
  {
    "Product Name": "Women’s Leather Belt ea",
    "Price": 9.99,
    "Unit Price": "",
    "Aldi Category": "Special Buys Wed 28 April",
    "URL": "https://www.aldi.com.au/en/special-buys/special-buys-wed-28-april/wednesday-detail-wk17/ps/p/womens-leather-belt/"
  },
  {
    "Product Name": "Darrell Lea Rocklea Road Gift Box 250g",
    "Price": 6.99,
    "Unit Price": "$2.80 per 100g",
    "Aldi Category": "Special Buys Wed 28 April",
    "URL": "https://www.aldi.com.au/en/special-buys/special-buys-wed-28-april/wednesday-detail-wk17/ps/p/darrell-lea-rocklea-road-gift-box-250g/"
  },
  {
    "Product Name": "McVities Dark Chocolate Digestive Thins 150g",
    "Price": 1.99,
    "Unit Price": "$1.33 per 100g",
    "Aldi Category": "Special Buys Wed 28 April",
    "URL": "https://www.aldi.com.au/en/special-buys/special-buys-wed-28-april/wednesday-detail-wk17/ps/p/mcvities-dark-chocolate-digestive-thins-150g/"
  },
  {
    "Product Name": "McVities Milk Chocolate Digestive Thins 150g",
    "Price": 1.99,
    "Unit Price": "$1.33 per 100g",
    "Aldi Category": "Special Buys Wed 28 April",
    "URL": "https://www.aldi.com.au/en/special-buys/special-buys-wed-28-april/wednesday-detail-wk17/ps/p/mcvities-milk-chocolate-digestive-thins-150g/"
  },
  {
    "Product Name": "Darrell Lea Dark Chocolate Ginger Gift Box 200g",
    "Price": 6.99,
    "Unit Price": "$3.50 per 100g",
    "Aldi Category": "Special Buys Wed 28 April",
    "URL": "https://www.aldi.com.au/en/special-buys/special-buys-wed-28-april/wednesday-detail-wk17/ps/p/darrell-lea-dark-chocolate-ginger-gift-box-200g/"
  },
  {
    "Product Name": "Cherry Cranberry & Pistachio Nougat Limar Gift Tin 150g",
    "Price": 7.99,
    "Unit Price": "$5.33 per 100g",
    "Aldi Category": "Special Buys Wed 28 April",
    "URL": "https://www.aldi.com.au/en/special-buys/special-buys-wed-28-april/wednesday-detail-wk17/ps/p/cherry-cranberry-pistachio-nougat-limar-gift-tin-1/"
  },
  {
    "Product Name": "Nescafé Cappuccino Coffee Sachets 30pk 30pk",
    "Price": 11.99,
    "Unit Price": "40c per sachet",
    "Aldi Category": "Special Buys Wed 28 April",
    "URL": "https://www.aldi.com.au/en/special-buys/special-buys-wed-28-april/wednesday-detail-wk17/ps/p/nescaf-cappuccino-coffee-sachets-30pk/"
  },
  {
    "Product Name": "Darrell Lea Mum’s Bag 850g ea",
    "Price": 15.99,
    "Unit Price": "$1.88 per 100g",
    "Aldi Category": "Special Buys Wed 28 April",
    "URL": "https://www.aldi.com.au/en/special-buys/special-buys-wed-28-april/wednesday-detail-wk17/ps/p/darrell-lea-mums-bag-850g/"
  },
  {
    "Product Name": "Vanilla Almond Nougat Limar Gift Tin 150g",
    "Price": 7.99,
    "Unit Price": "$5.33 per 100g",
    "Aldi Category": "Special Buys Wed 28 April",
    "URL": "https://www.aldi.com.au/en/special-buys/special-buys-wed-28-april/wednesday-detail-wk17/ps/p/vanilla-almond-nougat-limar-gift-tin-150g/"
  },
  {
    "Product Name": "Heller & Strauss Tutti Fruitti Jar 966g",
    "Price": 8.99,
    "Unit Price": "93c per 100g",
    "Aldi Category": "Special Buys Wed 28 April",
    "URL": "https://www.aldi.com.au/en/special-buys/special-buys-wed-28-april/wednesday-detail-wk17/ps/p/heller-strauss-tutti-fruitti-jar-966g/"
  },
  {
    "Product Name": "Fever Tree Indian Tonic 500ml",
    "Price": 3.99,
    "Unit Price": "$7.98 per litre",
    "Aldi Category": "Special Buys Wed 28 April",
    "URL": "https://www.aldi.com.au/en/special-buys/special-buys-wed-28-april/wednesday-detail-wk17/ps/p/fever-tree-indian-tonic-500ml/"
  },
  {
    "Product Name": "Gift Wrap 3M ea",
    "Price": 1.99,
    "Unit Price": "",
    "Aldi Category": "Special Buys Wed 28 April",
    "URL": "https://www.aldi.com.au/en/special-buys/special-buys-wed-28-april/wednesday-detail-wk17/ps/p/gift-wrap-3m-6/"
  },
  {
    "Product Name": "Cadbury Roses Gift Box 450g",
    "Price": 7.99,
    "Unit Price": "$1.78 per 100g",
    "Aldi Category": "Special Buys Wed 28 April",
    "URL": "https://www.aldi.com.au/en/special-buys/special-buys-wed-28-april/wednesday-detail-wk17/ps/p/cadbury-roses-gift-box-450g-6/"
  },
  {
    "Product Name": "Fever Tree Mediterranean Tonic 500ml",
    "Price": 3.99,
    "Unit Price": "$7.98 per litre",
    "Aldi Category": "Special Buys Wed 28 April",
    "URL": "https://www.aldi.com.au/en/special-buys/special-buys-wed-28-april/wednesday-detail-wk17/ps/p/fever-tree-mediterranean-tonic-500ml/"
  },
  {
    "Product Name": "Nescafé Mocha Coffee Sachets 30pk 30pk",
    "Price": 11.99,
    "Unit Price": "40c per sachet",
    "Aldi Category": "Special Buys Wed 28 April",
    "URL": "https://www.aldi.com.au/en/special-buys/special-buys-wed-28-april/wednesday-detail-wk17/ps/p/nescaf-mocha-coffee-sachets-30pk/"
  },
  {
    "Product Name": "Linen-Look Tablecloth ea",
    "Price": 19.99,
    "Unit Price": "",
    "Aldi Category": "Special Buys Wed 28 April",
    "URL": "https://www.aldi.com.au/en/special-buys/special-buys-wed-28-april/wednesday-detail-wk17/ps/p/linen-look-tablecloth-4/"
  },
  {
    "Product Name": "Premium Candle 230g ea",
    "Price": 9.99,
    "Unit Price": "$4.34 per 100g",
    "Aldi Category": "Special Buys Wed 28 April",
    "URL": "https://www.aldi.com.au/en/special-buys/special-buys-wed-28-april/wednesday-detail-wk17/ps/p/premium-candle-230g-1/"
  },
  {
    "Product Name": "Mother’s Day Charity Greeting Card ea",
    "Price": 1.99,
    "Unit Price": "",
    "Aldi Category": "Special Buys Wed 28 April",
    "URL": "https://www.aldi.com.au/en/special-buys/special-buys-wed-28-april/wednesday-detail-wk17/ps/p/mothers-day-charity-greeting-card/"
  },
  {
    "Product Name": "Bodum® Vacuum Travel Mug 350ml ea",
    "Price": 14.99,
    "Unit Price": "",
    "Aldi Category": "Special Buys Wed 28 April",
    "URL": "https://www.aldi.com.au/en/special-buys/special-buys-wed-28-april/wednesday-detail-wk17/ps/p/bodum-vacuum-travel-mug-350ml/"
  },
  {
    "Product Name": "Tea for One Gift Set ea",
    "Price": 9.99,
    "Unit Price": "",
    "Aldi Category": "Special Buys Wed 28 April",
    "URL": "https://www.aldi.com.au/en/special-buys/special-buys-wed-28-april/wednesday-detail-wk17/ps/p/tea-for-one-gift-set-3/"
  },
  {
    "Product Name": "Fever Tree Elderflower 500ml",
    "Price": 3.99,
    "Unit Price": "$7.98 per litre",
    "Aldi Category": "Special Buys Wed 28 April",
    "URL": "https://www.aldi.com.au/en/special-buys/special-buys-wed-28-april/wednesday-detail-wk17/ps/p/fever-tree-elderflower-500ml/"
  },
  {
    "Product Name": "Tapestry Cushion ea",
    "Price": 14.99,
    "Unit Price": "",
    "Aldi Category": "Special Buys Wed 28 April",
    "URL": "https://www.aldi.com.au/en/special-buys/special-buys-wed-28-april/wednesday-detail-wk17/ps/p/tapestry-cushion-9/"
  },
  {
    "Product Name": "Mars Celebrations Gift Box 320g",
    "Price": 5.99,
    "Unit Price": "$1.87 per 100g",
    "Aldi Category": "Special Buys Wed 28 April",
    "URL": "https://www.aldi.com.au/en/special-buys/special-buys-wed-28-april/wednesday-detail-wk17/ps/p/mars-celebrations-gift-box-320g/"
  },
  {
    "Product Name": "Hand Towel 2 pack ea",
    "Price": 6.99,
    "Unit Price": "",
    "Aldi Category": "Special Buys Wed 28 April",
    "URL": "https://www.aldi.com.au/en/special-buys/special-buys-wed-28-april/wednesday-detail-wk17/ps/p/hand-towel-2-pack-17/"
  },
  {
    "Product Name": "Mother’s Day Luxe Puzzle Book ea",
    "Price": 3.99,
    "Unit Price": "",
    "Aldi Category": "Special Buys Wed 28 April",
    "URL": "https://www.aldi.com.au/en/special-buys/special-buys-wed-28-april/wednesday-detail-wk17/ps/p/mothers-day-luxe-puzzle-book/"
  },
  {
    "Product Name": "Bath Sheet 2 pack ea",
    "Price": 24.99,
    "Unit Price": "",
    "Aldi Category": "Special Buys Wed 28 April",
    "URL": "https://www.aldi.com.au/en/special-buys/special-buys-wed-28-april/wednesday-detail-wk17/ps/p/bath-sheet-2-pack-10/"
  },
  {
    "Product Name": "Berg Habanero Flavoured Pan Sized Bacon 200g 200g",
    "Price": 3.49,
    "Unit Price": "$17.45 per kg",
    "Aldi Category": "Super Savers",
    "URL": "https://www.aldi.com.au/en/groceries/super-savers/super-savers-detail/ps/p/berg-habanero-flavoured-pan-sized-bacon-200g/"
  },
  {
    "Product Name": "Women’s Flannel PJ Set ea",
    "Price": 9.99,
    "Unit Price": "",
    "Aldi Category": "Special Buys Wed 28 April",
    "URL": "https://www.aldi.com.au/en/special-buys/special-buys-wed-28-april/wednesday-detail-wk17/ps/p/womens-flannel-pj-set-1/"
  },
  {
    "Product Name": "The Fishmonger Crispy Fish and Chips 400g 400g",
    "Price": 6.99,
    "Unit Price": "$17.48 per kg",
    "Aldi Category": "Super Savers",
    "URL": "https://www.aldi.com.au/en/groceries/super-savers/super-savers-detail/ps/p/the-fishmonger-crispy-fish-and-chips-400g/"
  },
  {
    "Product Name": "Ready, Set…Cook! Beef & Cheese Meatballs 420g 420g",
    "Price": 4.99,
    "Unit Price": "$11.88 per kg",
    "Aldi Category": "Super Savers",
    "URL": "https://www.aldi.com.au/en/groceries/super-savers/super-savers-detail/ps/p/ready-setcook-beef-cheese-meatballs-420g-3/"
  },
  {
    "Product Name": "Drawer Liner 6pk or Scent Sachets 4pk ea",
    "Price": 8.99,
    "Unit Price": "",
    "Aldi Category": "Special Buys Wed 28 April",
    "URL": "https://www.aldi.com.au/en/special-buys/special-buys-wed-28-april/wednesday-detail-wk17/ps/p/drawer-liner-6pk-or-scent-sachets-4pk-1/"
  },
  {
    "Product Name": "Ocean Royale Trout Portions",
    "Price": 12.99,
    "Unit Price": "$25.98 per kg",
    "Aldi Category": "Super Savers",
    "URL": "https://www.aldi.com.au/en/groceries/super-savers/super-savers-detail/ps/p/ocean-royale-trout-portions/"
  },
  {
    "Product Name": "Broad Oak Farms Turkey Mince 500g",
    "Price": 3.99,
    "Unit Price": "$7.98 per kg",
    "Aldi Category": "Super Savers",
    "URL": "https://www.aldi.com.au/en/groceries/super-savers/super-savers-detail/ps/p/broad-oak-farms-turkey-mince-500g-1/"
  },
  {
    "Product Name": "Brooklea Stampede Chocolate Dairy Snack 140g",
    "Price": 99,
    "Unit Price": "71c per 100g",
    "Aldi Category": "Super Savers",
    "URL": "https://www.aldi.com.au/en/groceries/super-savers/super-savers-detail/ps/p/brooklea-stampede-chocolate-dairy-snack-140g/"
  },
  {
    "Product Name": "Bruemar Pork Porterhouse with Honey & Rosemary Butter per kg 280g",
    "Price": 5.99,
    "Unit Price": "",
    "Aldi Category": "Super Savers",
    "URL": "https://www.aldi.com.au/en/groceries/super-savers/super-savers-detail/ps/p/bruemar-pork-porterhouse-with-honey-rosemary-butte/"
  },
  {
    "Product Name": "Ironbark Pork Fillet",
    "Price": 13.99,
    "Unit Price": "$13.99 per kg",
    "Aldi Category": "Super Savers",
    "URL": "https://www.aldi.com.au/en/groceries/super-savers/super-savers-detail/ps/p/ironbark-pork-fillet/"
  },
  {
    "Product Name": "Reed Diffuser 145ml ea",
    "Price": 9.99,
    "Unit Price": "69c per 10ml",
    "Aldi Category": "Special Buys Wed 28 April",
    "URL": "https://www.aldi.com.au/en/special-buys/special-buys-wed-28-april/wednesday-detail-wk17/ps/p/reed-diffuser-145ml-8/"
  },
  {
    "Product Name": "Belmont Biscuit Co. Palazzo Cookies 125g ea",
    "Price": 1.49,
    "Unit Price": "$1.19 per 100g",
    "Aldi Category": "Super Savers",
    "URL": "https://www.aldi.com.au/en/groceries/super-savers/super-savers-detail/ps/p/belmont-biscuit-co-palazzo-cookies-125g/"
  },
  {
    "Product Name": "Damora Satisfied Snacking Specialty Crackers 100g ea",
    "Price": 2.99,
    "Unit Price": "$2.99 per 100g",
    "Aldi Category": "Super Savers",
    "URL": "https://www.aldi.com.au/en/groceries/super-savers/super-savers-detail/ps/p/damora-satisfied-snacking-specialty-crackers-100g/"
  },
  {
    "Product Name": "Ingham’s Chicken and Corn Schnitzel 8pk/1kg 8pk",
    "Price": 8.99,
    "Unit Price": "$8.99 per kg",
    "Aldi Category": "Super Savers",
    "URL": "https://www.aldi.com.au/en/groceries/super-savers/super-savers-detail/ps/p/inghams-chicken-and-corn-schnitzel-8pk1kg-2/"
  },
  {
    "Product Name": "Belmont Biscuit Co. Skadoos 6pk/150g-162g ea",
    "Price": 2.49,
    "Unit Price": "$1.66/$1.54 per 100g",
    "Aldi Category": "Super Savers",
    "URL": "https://www.aldi.com.au/en/groceries/super-savers/super-savers-detail/ps/p/belmont-biscuit-co-skadoos-6pk150g-162g-2/"
  },
  {
    "Product Name": "Women’s Dressing Gown ea",
    "Price": 19.99,
    "Unit Price": "",
    "Aldi Category": "Special Buys Wed 28 April",
    "URL": "https://www.aldi.com.au/en/special-buys/special-buys-wed-28-april/wednesday-detail-wk17/ps/p/womens-dressing-gown-2/"
  },
  {
    "Product Name": "Maltesers Gift Box 400g",
    "Price": 5.99,
    "Unit Price": "$1.50 per 100g",
    "Aldi Category": "Special Buys Wed 28 April",
    "URL": "https://www.aldi.com.au/en/special-buys/special-buys-wed-28-april/wednesday-detail-wk17/ps/p/maltesers-gift-box-400g-3/"
  },
  {
    "Product Name": "Hillcrest Gourmet Protein Bars 5pk/200g ea",
    "Price": 3.49,
    "Unit Price": "$1.75 per 100g",
    "Aldi Category": "Super Savers",
    "URL": "https://www.aldi.com.au/en/groceries/super-savers/super-savers-detail/ps/p/hillcrest-gourmet-protein-bars-5pk200g-3/"
  },
  {
    "Product Name": "Sprinters Snack Stack Chips 160g ea",
    "Price": 1.49,
    "Unit Price": "93c per 100g",
    "Aldi Category": "Super Savers",
    "URL": "https://www.aldi.com.au/en/groceries/super-savers/super-savers-detail/ps/p/sprinters-snack-stack-chips-160g-1/"
  },
  {
    "Product Name": "Women’s Premium Slippers pr",
    "Price": 29.99,
    "Unit Price": "",
    "Aldi Category": "Special Buys Wed 28 April",
    "URL": "https://www.aldi.com.au/en/special-buys/special-buys-wed-28-april/wednesday-detail-wk17/ps/p/womens-premium-slippers/"
  },
  {
    "Product Name": "Nescafé Blend 43 Instant Coffee – Original or Espresso 375g ea",
    "Price": 11.99,
    "Unit Price": "$3.46 per 100g",
    "Aldi Category": "Super Savers",
    "URL": "https://www.aldi.com.au/en/groceries/super-savers/super-savers-detail/ps/p/nescaf-blend-43-instant-coffee-original-or-espress/"
  },
  {
    "Product Name": "Prince 3 in 1 Shower Gel 1L ea",
    "Price": 2.99,
    "Unit Price": "30c per 100ml",
    "Aldi Category": "Super Savers",
    "URL": "https://www.aldi.com.au/en/groceries/super-savers/super-savers-detail/ps/p/prince-3-in-1-shower-gel-1l/"
  },
  {
    "Product Name": "South of Somewhere Pale Ale 6 x 330ml 6pk",
    "Price": 9.99,
    "Unit Price": "",
    "Aldi Category": "Special Buys Liquor",
    "URL": "https://www.aldi.com.au/en/special-buys/special-buys-liquor/liquor-detail/ps/p/south-of-somewhere-pale-ale-6-x-330ml-4/"
  },
  {
    "Product Name": "Coraggioso Nero D’Avola Sicily, Italy 750ml",
    "Price": 4.99,
    "Unit Price": "",
    "Aldi Category": "Super Savers",
    "URL": "https://www.aldi.com.au/en/groceries/super-savers/super-savers-detail/ps/p/coraggioso-nero-davola-sicily-italy-750ml/"
  },
  {
    "Product Name": "Mamia Organic Fruit 4 months+ 120g ea",
    "Price": 99,
    "Unit Price": "83c per 100g",
    "Aldi Category": "Super Savers",
    "URL": "https://www.aldi.com.au/en/groceries/super-savers/super-savers-detail/ps/p/mamia-organic-fruit-4-months-120g-3/"
  },
  {
    "Product Name": "Colway Squeezy Mayonnaise 475g/535g ea",
    "Price": 1.99,
    "Unit Price": "42c/37c per 100g",
    "Aldi Category": "Super Savers",
    "URL": "https://www.aldi.com.au/en/groceries/super-savers/super-savers-detail/ps/p/colway-squeezy-mayonnaise-475g535g/"
  },
  {
    "Product Name": "Juliet Body Shower Gel 1L ea",
    "Price": 2.99,
    "Unit Price": "30c per 100ml",
    "Aldi Category": "Super Savers",
    "URL": "https://www.aldi.com.au/en/groceries/super-savers/super-savers-detail/ps/p/juliet-body-shower-gel-1l/"
  },
  {
    "Product Name": "LACURA® Renew Q10 Face Cream 50ml",
    "Price": 6.99,
    "Unit Price": "$13.98 per 100ml",
    "Aldi Category": "Super Savers",
    "URL": "https://www.aldi.com.au/en/groceries/super-savers/super-savers-detail/ps/p/lacura-renew-q10-face-cream-50ml/"
  },
  {
    "Product Name": "LACURA® Revitalise Mature Skin Serum 50ml",
    "Price": 6.99,
    "Unit Price": "$13.98 per 100ml",
    "Aldi Category": "Super Savers",
    "URL": "https://www.aldi.com.au/en/groceries/super-savers/super-savers-detail/ps/p/lacura-revitalise-mature-skin-serum-50ml/"
  },
  {
    "Product Name": "Hammerhead Seltzer Passionfruit & Ginger or Strawberry & Lime 4 x 330ml ea",
    "Price": 9.99,
    "Unit Price": "",
    "Aldi Category": "Special Buys Liquor",
    "URL": "https://www.aldi.com.au/en/special-buys/special-buys-liquor/liquor-detail/ps/p/hammerhead-seltzer-passionfruit-ginger-or-strawber/"
  },
  {
    "Product Name": "Velvet Petal Organic Rosé 2020 750ml",
    "Price": 11.99,
    "Unit Price": "",
    "Aldi Category": "Special Buys Liquor",
    "URL": "https://www.aldi.com.au/en/special-buys/special-buys-liquor/liquor-detail/ps/p/velvet-petal-organic-ros-2020-750ml/"
  },
  {
    "Product Name": "LACURA® Revitalise Face Cream for Mature Skin 50ml ea",
    "Price": 6.99,
    "Unit Price": "$13.98 per 100ml",
    "Aldi Category": "Super Savers",
    "URL": "https://www.aldi.com.au/en/groceries/super-savers/super-savers-detail/ps/p/lacura-revitalise-face-cream-for-mature-skin-50ml/"
  },
  {
    "Product Name": "Tricare Instant Hand Sanitiser 250ml",
    "Price": 2.99,
    "Unit Price": "$1.20 per 100ml",
    "Aldi Category": "Super Savers",
    "URL": "https://www.aldi.com.au/en/groceries/super-savers/super-savers-detail/ps/p/tricare-instant-hand-sanitiser-250ml-2/"
  },
  {
    "Product Name": "VOK Pina Colada 2L Cask",
    "Price": 19.99,
    "Unit Price": "",
    "Aldi Category": "Special Buys Liquor",
    "URL": "https://www.aldi.com.au/en/special-buys/special-buys-liquor/liquor-detail/ps/p/vok-pina-colada-2l-cask/"
  },
  {
    "Product Name": "El Toro Macho Superior Organico 2019 750ml",
    "Price": 6.99,
    "Unit Price": "",
    "Aldi Category": "Special Buys Liquor",
    "URL": "https://www.aldi.com.au/en/special-buys/special-buys-liquor/liquor-detail/ps/p/el-toro-macho-superior-organico-2019-750ml/"
  },
  {
    "Product Name": "Garden Gangsta Central Ranges Shiraz 2018 or Cabernet Sauvignon 2018 750ml ea",
    "Price": 9.99,
    "Unit Price": "",
    "Aldi Category": "Special Buys Liquor",
    "URL": "https://www.aldi.com.au/en/special-buys/special-buys-liquor/liquor-detail/ps/p/garden-gangsta-central-ranges-shiraz-2018-or-caber/"
  },
  {
    "Product Name": "VOK Mojito 2L Cask",
    "Price": 19.99,
    "Unit Price": "",
    "Aldi Category": "Special Buys Liquor",
    "URL": "https://www.aldi.com.au/en/special-buys/special-buys-liquor/liquor-detail/ps/p/vok-mojito-2l-cask/"
  },
  {
    "Product Name": "South of Somewhere Pale Ale 24 x 330ml 24pk",
    "Price": 39.95,
    "Unit Price": "",
    "Aldi Category": "Special Buys Liquor",
    "URL": "https://www.aldi.com.au/en/special-buys/special-buys-liquor/liquor-detail/ps/p/south-of-somewhere-pale-ale-24-x-330ml-4/"
  },
  {
    "Product Name": "Le Bio Balthazar Minervois 2019 750ml",
    "Price": 9.99,
    "Unit Price": "",
    "Aldi Category": "Special Buys Liquor",
    "URL": "https://www.aldi.com.au/en/special-buys/special-buys-liquor/liquor-detail/ps/p/le-bio-balthazar-minervois-2019-750ml/"
  },
  {
    "Product Name": "Tavernello Organico Sangiovese Rubicone 2019 or Greciano Pinot Grigio 2020 750ml ea",
    "Price": 6.99,
    "Unit Price": "",
    "Aldi Category": "Special Buys Liquor",
    "URL": "https://www.aldi.com.au/en/special-buys/special-buys-liquor/liquor-detail/ps/p/tavernello-organico-sangiovese-rubicone-2019-or-gr/"
  },
  {
    "Product Name": "El Miracle Red No. 1 2018 750ml",
    "Price": 11.99,
    "Unit Price": "",
    "Aldi Category": "Special Buys Liquor",
    "URL": "https://www.aldi.com.au/en/special-buys/special-buys-liquor/liquor-detail/ps/p/el-miracle-red-no-1-2018-750ml/"
  },
  {
    "Product Name": "Mamia Organic Breakfast 6 months+ 120g ea",
    "Price": 99,
    "Unit Price": "83c per 100g",
    "Aldi Category": "Super Savers",
    "URL": "https://www.aldi.com.au/en/groceries/super-savers/super-savers-detail/ps/p/mamia-organic-breakfast-6-months-120g/"
  },
  {
    "Product Name": "El Miracle Rosé No. 5 2019 750ml",
    "Price": 11.99,
    "Unit Price": "",
    "Aldi Category": "Special Buys Liquor",
    "URL": "https://www.aldi.com.au/en/special-buys/special-buys-liquor/liquor-detail/ps/p/el-miracle-ros-no-5-2019-750ml/"
  },
  {
    "Product Name": "Villa Flora Pinot Noir 2019/2020 750ml",
    "Price": 9.99,
    "Unit Price": "",
    "Aldi Category": "Special Buys Liquor",
    "URL": "https://www.aldi.com.au/en/special-buys/special-buys-liquor/liquor-detail/ps/p/villa-flora-pinot-noir-20192020-750ml/"
  },
  {
    "Product Name": "Moillard Le Rosé du Beaujolais 2019 750ml",
    "Price": 14.99,
    "Unit Price": "",
    "Aldi Category": "Special Buys Liquor",
    "URL": "https://www.aldi.com.au/en/special-buys/special-buys-liquor/liquor-detail/ps/p/moillard-le-ros-du-beaujolais-2019-750ml-2/"
  },
  {
    "Product Name": "Eastern Laneway Vintners Grampians Shiraz 2020 750ml",
    "Price": 11.99,
    "Unit Price": "",
    "Aldi Category": "Special Buys Liquor",
    "URL": "https://www.aldi.com.au/en/special-buys/special-buys-liquor/liquor-detail/ps/p/eastern-laneway-vintners-grampians-shiraz-2020-750/"
  },
  {
    "Product Name": "Pink Gin Selection Gift Pack 4 x 50ml 4pk",
    "Price": 18.99,
    "Unit Price": "",
    "Aldi Category": "Special Buys Liquor",
    "URL": "https://www.aldi.com.au/en/special-buys/special-buys-liquor/liquor-detail/ps/p/pink-gin-selection-gift-pack-4-x-50ml/"
  },
  {
    "Product Name": "Villa Flora Vermentino 2020 750ml",
    "Price": 9.99,
    "Unit Price": "",
    "Aldi Category": "Special Buys Liquor",
    "URL": "https://www.aldi.com.au/en/special-buys/special-buys-liquor/liquor-detail/ps/p/villa-flora-vermentino-2020-750ml/"
  },
  {
    "Product Name": "Ginbery’s Rosé Gin 700ml Gift Pack pk",
    "Price": 39.99,
    "Unit Price": "",
    "Aldi Category": "Special Buys Liquor",
    "URL": "https://www.aldi.com.au/en/special-buys/special-buys-liquor/liquor-detail/ps/p/ginberys-ros-gin-700ml-gift-pack-1/"
  },
  {
    "Product Name": "Henkell Trocken Dry-Sec Sparkling NV 750ml",
    "Price": 11.99,
    "Unit Price": "",
    "Aldi Category": "Special Buys Liquor",
    "URL": "https://www.aldi.com.au/en/special-buys/special-buys-liquor/liquor-detail/ps/p/henkell-trocken-dry-sec-sparkling-nv-750ml/"
  },
  {
    "Product Name": "Flavoured Gin Selection Gift Pack 4 x 50ml 4pk",
    "Price": 18.99,
    "Unit Price": "",
    "Aldi Category": "Special Buys Liquor",
    "URL": "https://www.aldi.com.au/en/special-buys/special-buys-liquor/liquor-detail/ps/p/flavoured-gin-selection-gift-pack-4-x-50ml-1/"
  },
  {
    "Product Name": "Ironbark Native Strawberry Gin 700ml",
    "Price": 54.99,
    "Unit Price": "",
    "Aldi Category": "Special Buys Liquor",
    "URL": "https://www.aldi.com.au/en/special-buys/special-buys-liquor/liquor-detail/ps/p/ironbark-native-strawberry-gin-700ml/"
  },
  {
    "Product Name": "Inner Circle Red Rum 700ml",
    "Price": 32.99,
    "Unit Price": "",
    "Aldi Category": "Special Buys Liquor",
    "URL": "https://www.aldi.com.au/en/special-buys/special-buys-liquor/liquor-detail/ps/p/inner-circle-red-rum-700ml-3/"
  },
  {
    "Product Name": "Greyson’s Pink Gin 700ml",
    "Price": 36.99,
    "Unit Price": "",
    "Aldi Category": "Special Buys Liquor",
    "URL": "https://www.aldi.com.au/en/special-buys/special-buys-liquor/liquor-detail/ps/p/greysons-pink-gin-700ml/"
  },
  {
    "Product Name": "Sheridan’s Coffee Layered Liqueur 500ml",
    "Price": 29.99,
    "Unit Price": "",
    "Aldi Category": "Special Buys Liquor",
    "URL": "https://www.aldi.com.au/en/special-buys/special-buys-liquor/liquor-detail/ps/p/sheridans-coffee-layered-liqueur-500ml-4/"
  },
  {
    "Product Name": "42 Below Vodka 700ml",
    "Price": 39.99,
    "Unit Price": "",
    "Aldi Category": "Special Buys Liquor",
    "URL": "https://www.aldi.com.au/en/special-buys/special-buys-liquor/liquor-detail/ps/p/42-below-vodka-700ml-1/"
  },
  {
    "Product Name": "Farmdale RAM Iced coffee Flavoured Milk 600ml",
    "Price": 1.99,
    "Unit Price": "$3.32 per Litre",
    "Aldi Category": "Fresh Produce",
    "URL": "https://www.aldi.com.au/en/groceries/fresh-produce/dairy-eggs/dairy-eggs-detail/ps/p/farmdale-ram-iced-coffee-flavoured-milk-600ml/"
  },
  {
    "Product Name": "Farmdale Lactose Free Full Cream Milk 1L",
    "Price": 1.99,
    "Unit Price": "$1.99 per litre",
    "Aldi Category": "Fresh Produce",
    "URL": "https://www.aldi.com.au/en/groceries/fresh-produce/dairy-eggs/dairy-eggs-detail/ps/p/farmdale-lactose-free-full-cream-milk-1l-1/"
  },
  {
    "Product Name": "Lodge Farm Free Range Eggs 12 Pack 700g 700g",
    "Price": 3.99,
    "Unit Price": "57c per 100g",
    "Aldi Category": "Fresh Produce",
    "URL": "https://www.aldi.com.au/en/groceries/fresh-produce/dairy-eggs/dairy-eggs-detail/ps/p/lodge-farm-free-range-eggs-12-pack-700g/"
  },
  {
    "Product Name": "23rd Street Rosé Vodka 200ml",
    "Price": 16.99,
    "Unit Price": "",
    "Aldi Category": "Special Buys Liquor",
    "URL": "https://www.aldi.com.au/en/special-buys/special-buys-liquor/liquor-detail/ps/p/23rd-street-ros-vodka-200ml/"
  },
  {
    "Product Name": "Farmdale Skim Milk Powder 1kg",
    "Price": 5.69,
    "Unit Price": "$5.69 per kg",
    "Aldi Category": "Fresh Produce",
    "URL": "https://www.aldi.com.au/en/groceries/fresh-produce/dairy-eggs/dairy-eggs-detail/ps/p/farmdale-skim-milk-powder-1kg-1/"
  },
  {
    "Product Name": "Lodge Farm Free Range Eggs 12 Pack 600g 600g",
    "Price": 3.69,
    "Unit Price": "62c per 100g",
    "Aldi Category": "Fresh Produce",
    "URL": "https://www.aldi.com.au/en/groceries/fresh-produce/dairy-eggs/dairy-eggs-detail/ps/p/lodge-farm-free-range-eggs-12-pack-600g/"
  },
  {
    "Product Name": "Beautifully Butterfully Dairy Blend 500g",
    "Price": 3.49,
    "Unit Price": "70c per 100g",
    "Aldi Category": "Fresh Produce",
    "URL": "https://www.aldi.com.au/en/groceries/fresh-produce/dairy-eggs/dairy-eggs-detail/ps/p/beautifully-butterfully-spreadable-dairy-blend-500-2/"
  },
  {
    "Product Name": "Beautifully Butterfully Butter 250g",
    "Price": 2.79,
    "Unit Price": "$1.12 per 100g",
    "Aldi Category": "Fresh Produce",
    "URL": "https://www.aldi.com.au/en/groceries/fresh-produce/dairy-eggs/dairy-eggs-detail/ps/p/beautifully-butterfully-butter-250g-1/"
  },
  {
    "Product Name": "Emporium Selection Ash Brie 150g",
    "Price": 4.49,
    "Unit Price": "$29.93 per kg",
    "Aldi Category": "Fresh Produce",
    "URL": "https://www.aldi.com.au/en/groceries/fresh-produce/dairy-eggs/dairy-eggs-detail/ps/p/emporium-selection-ash-brie-150g/"
  },
  {
    "Product Name": "Emporium Selection Double Cream Camembert 200g",
    "Price": 4.49,
    "Unit Price": "$22.45 per kg",
    "Aldi Category": "Fresh Produce",
    "URL": "https://www.aldi.com.au/en/groceries/fresh-produce/dairy-eggs/dairy-eggs-detail/ps/p/emporium-selection-double-cream-camembert-200g-7/"
  },
  {
    "Product Name": "Farmdale Full Cream Milk Powder 1kg",
    "Price": 5.69,
    "Unit Price": "$5.69 per kg",
    "Aldi Category": "Fresh Produce",
    "URL": "https://www.aldi.com.au/en/groceries/fresh-produce/dairy-eggs/dairy-eggs-detail/ps/p/farmdale-full-cream-milk-powder-1kg-1/"
  },
  {
    "Product Name": "Emporium Selection Triple Cream Brie 200g",
    "Price": 4.49,
    "Unit Price": "$22.45 per kg",
    "Aldi Category": "Fresh Produce",
    "URL": "https://www.aldi.com.au/en/groceries/fresh-produce/dairy-eggs/dairy-eggs-detail/ps/p/emporium-selection-triple-cream-brie-200g-7/"
  },
  {
    "Product Name": "Emporium Selection Camembert 125g",
    "Price": 2.79,
    "Unit Price": "$22.32 per kg",
    "Aldi Category": "Fresh Produce",
    "URL": "https://www.aldi.com.au/en/groceries/fresh-produce/dairy-eggs/dairy-eggs-detail/ps/p/emporium-selection-camembert-125g-2/"
  },
  {
    "Product Name": "Farmdale RAM Chocolate Flavoured Milk 600ml",
    "Price": 1.99,
    "Unit Price": "$3.32 per Litre",
    "Aldi Category": "Fresh Produce",
    "URL": "https://www.aldi.com.au/en/groceries/fresh-produce/dairy-eggs/dairy-eggs-detail/ps/p/farmdale-ram-chocolate-flavoured-milk-600ml-1/"
  },
  {
    "Product Name": "Beautifully Butterfully Unsalted Butter 250g",
    "Price": 2.79,
    "Unit Price": "$1.12 per 100g",
    "Aldi Category": "Fresh Produce",
    "URL": "https://www.aldi.com.au/en/groceries/fresh-produce/dairy-eggs/dairy-eggs-detail/ps/p/beautifully-butterfully-unsalted-butter-250g-2/"
  },
  {
    "Product Name": "Emporium Selection Danish Style Fetta Cheese 200g",
    "Price": 2.69,
    "Unit Price": "$13.45 per kg",
    "Aldi Category": "Fresh Produce",
    "URL": "https://www.aldi.com.au/en/groceries/fresh-produce/dairy-eggs/dairy-eggs-detail/ps/p/emporium-selection-danish-style-fetta-cheese-200g/"
  },
  {
    "Product Name": "Just Organic Free Range Eggs 6 Pack 300g 6pk",
    "Price": 3.99,
    "Unit Price": "$1.33 per 100g",
    "Aldi Category": "Fresh Produce",
    "URL": "https://www.aldi.com.au/en/groceries/fresh-produce/dairy-eggs/dairy-eggs-detail/ps/p/just-organic-free-range-eggs-6-pack-300g/"
  },
  {
    "Product Name": "Cowbelle Original Cheese Slices 500g",
    "Price": 3.69,
    "Unit Price": "$7.38 per kg",
    "Aldi Category": "Fresh Produce",
    "URL": "https://www.aldi.com.au/en/groceries/fresh-produce/dairy-eggs/dairy-eggs-detail/ps/p/cowbelle-original-cheese-slices-500g/"
  },
  {
    "Product Name": "Farmdale RAM Coffee Flavoured Milk 2L",
    "Price": 3.49,
    "Unit Price": "$1.75 per litre",
    "Aldi Category": "Fresh Produce",
    "URL": "https://www.aldi.com.au/en/groceries/fresh-produce/dairy-eggs/dairy-eggs-detail/ps/p/farmdale-ram-coffee-flavoured-milk-2l-1/"
  },
  {
    "Product Name": "Emporium Selection Cheddar Cheese Aged 20 Months 250g",
    "Price": 3.99,
    "Unit Price": "$15.96 per kg",
    "Aldi Category": "Fresh Produce",
    "URL": "https://www.aldi.com.au/en/groceries/fresh-produce/dairy-eggs/dairy-eggs-detail/ps/p/emporium-selection-aged-cheddar-20-months-250g/"
  },
  {
    "Product Name": "Just Organic Butter 250g",
    "Price": 3.59,
    "Unit Price": "$1.44 per 100g",
    "Aldi Category": "Fresh Produce",
    "URL": "https://www.aldi.com.au/en/groceries/fresh-produce/dairy-eggs/dairy-eggs-detail/ps/p/just-organic-butter-250g-1/"
  },
  {
    "Product Name": "Cowbelle Light Cheese Slices 500g",
    "Price": 3.69,
    "Unit Price": "$7.38 per kg",
    "Aldi Category": "Fresh Produce",
    "URL": "https://www.aldi.com.au/en/groceries/fresh-produce/dairy-eggs/dairy-eggs-detail/ps/p/cowbelle-light-cheese-slices-500g/"
  },
  {
    "Product Name": "Emporium Selection Greek Style Fetta Cheese 200g",
    "Price": 2.69,
    "Unit Price": "$13.45 per kg",
    "Aldi Category": "Fresh Produce",
    "URL": "https://www.aldi.com.au/en/groceries/fresh-produce/dairy-eggs/dairy-eggs-detail/ps/p/emporium-selection-greek-style-fetta-cheese-200g/"
  },
  {
    "Product Name": "Emporium Selection Brie 125g",
    "Price": 2.79,
    "Unit Price": "$22.32 per kg",
    "Aldi Category": "Fresh Produce",
    "URL": "https://www.aldi.com.au/en/groceries/fresh-produce/dairy-eggs/dairy-eggs-detail/ps/p/emporium-selection-brie-125g-1/"
  },
  {
    "Product Name": "Emporium Selection Persian Fetta 180g",
    "Price": 3.99,
    "Unit Price": "$22.17 per kg",
    "Aldi Category": "Fresh Produce",
    "URL": "https://www.aldi.com.au/en/groceries/fresh-produce/dairy-eggs/dairy-eggs-detail/ps/p/emporium-selection-persian-fetta-180g/"
  },
  {
    "Product Name": "Westacre Vintage Cheese Slices 12pk/250g",
    "Price": 3.99,
    "Unit Price": "$15.96 per kg",
    "Aldi Category": "Fresh Produce",
    "URL": "https://www.aldi.com.au/en/groceries/fresh-produce/dairy-eggs/dairy-eggs-detail/ps/p/westacre-vintage-cheese-slices-12pk250g/"
  },
  {
    "Product Name": "Manhattan Cottage Cheese 500g",
    "Price": 3.79,
    "Unit Price": "$7.58 per kg",
    "Aldi Category": "Fresh Produce",
    "URL": "https://www.aldi.com.au/en/groceries/fresh-produce/dairy-eggs/dairy-eggs-detail/ps/p/manhattan-cottage-cheese-500g-1/"
  },
  {
    "Product Name": "Farmdale Thickened Light Cream 300ml",
    "Price": 1.89,
    "Unit Price": "63c per 100ml",
    "Aldi Category": "Fresh Produce",
    "URL": "https://www.aldi.com.au/en/groceries/fresh-produce/dairy-eggs/dairy-eggs-detail/ps/p/farmdale-thickened-light-cream-300ml-3/"
  },
  {
    "Product Name": "Westacre Colby Cheese Block 500g",
    "Price": 4.99,
    "Unit Price": "$9.98 per kg",
    "Aldi Category": "Fresh Produce",
    "URL": "https://www.aldi.com.au/en/groceries/fresh-produce/dairy-eggs/dairy-eggs-detail/ps/p/westacre-colby-cheese-block-500g-1/"
  },
  {
    "Product Name": "Farmdale Thickened Cream 600ml",
    "Price": 2.99,
    "Unit Price": "50c per 100ml",
    "Aldi Category": "Fresh Produce",
    "URL": "https://www.aldi.com.au/en/groceries/fresh-produce/dairy-eggs/dairy-eggs-detail/ps/p/farmdale-thickened-cream-600ml-1/"
  },
  {
    "Product Name": "Westacre Tasty Cheese Slices 250g",
    "Price": 3.99,
    "Unit Price": "$15.96 per kg",
    "Aldi Category": "Fresh Produce",
    "URL": "https://www.aldi.com.au/en/groceries/fresh-produce/dairy-eggs/dairy-eggs-detail/ps/p/westacre-tasty-cheese-slices-250g/"
  },
  {
    "Product Name": "Emporium Selection Smooth Ricotta 375g",
    "Price": 2.69,
    "Unit Price": "$7.17 per kg",
    "Aldi Category": "Fresh Produce",
    "URL": "https://www.aldi.com.au/en/groceries/fresh-produce/dairy-eggs/dairy-eggs-detail/ps/p/emporium-selection-smooth-ricotta-375g-2/"
  },
  {
    "Product Name": "Just Organic Natural Yogurt 1kg",
    "Price": 4.99,
    "Unit Price": "50c per 100g",
    "Aldi Category": "Fresh Produce",
    "URL": "https://www.aldi.com.au/en/groceries/fresh-produce/dairy-eggs/dairy-eggs-detail/ps/p/just-organic-natural-yogurt-1kg-3/"
  },
  {
    "Product Name": "Lyttos Greek Style Natural Yogurt 2kg",
    "Price": 8.79,
    "Unit Price": "44c per 100g",
    "Aldi Category": "Fresh Produce",
    "URL": "https://www.aldi.com.au/en/groceries/fresh-produce/dairy-eggs/dairy-eggs-detail/ps/p/lyttos-greek-style-natural-yogurt-2kg-3/"
  },
  {
    "Product Name": "Farmdale Sour Cream 300ml",
    "Price": 2.09,
    "Unit Price": "70c per 100g",
    "Aldi Category": "Fresh Produce",
    "URL": "https://www.aldi.com.au/en/groceries/fresh-produce/dairy-eggs/dairy-eggs-detail/ps/p/farmdale-sour-cream-300g-1/"
  },
  {
    "Product Name": "Brooklea Joi Deluxe Yogurt Classics 6 x 150g",
    "Price": 3.49,
    "Unit Price": "39c per 100g",
    "Aldi Category": "Fresh Produce",
    "URL": "https://www.aldi.com.au/en/groceries/fresh-produce/dairy-eggs/dairy-eggs-detail/ps/p/brooklea-joi-deluxe-yogurt-classics-6-x-150g/"
  },
  {
    "Product Name": "Dairy Dream Blueberry Fruit Swirled Yogurt 720g",
    "Price": 3.99,
    "Unit Price": "55c per 100g",
    "Aldi Category": "Fresh Produce",
    "URL": "https://www.aldi.com.au/en/groceries/fresh-produce/dairy-eggs/dairy-eggs-detail/ps/p/dairy-dream-fruit-swirled-yogurt-blueberry-720g/"
  },
  {
    "Product Name": "Farmdale Double Cream 300ml",
    "Price": 3.69,
    "Unit Price": "$1.23 per 100ml",
    "Aldi Category": "Fresh Produce",
    "URL": "https://www.aldi.com.au/en/groceries/fresh-produce/dairy-eggs/dairy-eggs-detail/ps/p/farmdale-double-cream-300ml-2/"
  },
  {
    "Product Name": "Brooklea Joi Mango Yogurt 1kg",
    "Price": 3.19,
    "Unit Price": "32c per 100g",
    "Aldi Category": "Fresh Produce",
    "URL": "https://www.aldi.com.au/en/groceries/fresh-produce/dairy-eggs/dairy-eggs-detail/ps/p/brooklea-joi-mango-yogurt-1kg/"
  },
  {
    "Product Name": "Emporium Selection Apricot & Almond Cream Cheese 200g",
    "Price": 2.89,
    "Unit Price": "$14.45 per kg",
    "Aldi Category": "Fresh Produce",
    "URL": "https://www.aldi.com.au/en/groceries/fresh-produce/dairy-eggs/dairy-eggs-detail/ps/p/emporium-selection-apricot-almond-cream-cheese-200-1/"
  },
  {
    "Product Name": "Dairy Dream Greek Style Yogurt No Added Sugar 750g",
    "Price": 4.99,
    "Unit Price": "67c per 100g",
    "Aldi Category": "Fresh Produce",
    "URL": "https://www.aldi.com.au/en/groceries/fresh-produce/dairy-eggs/dairy-eggs-detail/ps/p/dairy-dream-greek-style-yogurt-no-added-sugar-750g-1/"
  },
  {
    "Product Name": "Brooklea Joi Mixed Berry Yogurt 1kg",
    "Price": 3.19,
    "Unit Price": "32c per 100g",
    "Aldi Category": "Fresh Produce",
    "URL": "https://www.aldi.com.au/en/groceries/fresh-produce/dairy-eggs/dairy-eggs-detail/ps/p/brooklea-joi-mixed-berry-yogurt-1kg/"
  },
  {
    "Product Name": "Brooklea Stampede Chocolate Dairy Snack 12 x 100g",
    "Price": 4.49,
    "Unit Price": "37c per 100g",
    "Aldi Category": "Fresh Produce",
    "URL": "https://www.aldi.com.au/en/groceries/fresh-produce/dairy-eggs/dairy-eggs-detail/ps/p/brooklea-stampede-chocolate-12-x-100g-2/"
  },
  {
    "Product Name": "Brooklea Yogurt Squishies 70g ea",
    "Price": 69,
    "Unit Price": "99c per 100g",
    "Aldi Category": "Fresh Produce",
    "URL": "https://www.aldi.com.au/en/groceries/fresh-produce/dairy-eggs/dairy-eggs-detail/ps/p/brooklea-yogurt-squishies-70g-1/"
  },
  {
    "Product Name": "Farmdale Light Sour Cream 300ml",
    "Price": 2.09,
    "Unit Price": "70c per 100g",
    "Aldi Category": "Fresh Produce",
    "URL": "https://www.aldi.com.au/en/groceries/fresh-produce/dairy-eggs/dairy-eggs-detail/ps/p/farmdale-light-sour-cream-300ml-1/"
  },
  {
    "Product Name": "Just Organic Vanilla Bean Yogurt 1kg",
    "Price": 4.99,
    "Unit Price": "50c per 100g",
    "Aldi Category": "Fresh Produce",
    "URL": "https://www.aldi.com.au/en/groceries/fresh-produce/dairy-eggs/dairy-eggs-detail/ps/p/just-organic-vanilla-bean-yogurt-1kg-1/"
  },
  {
    "Product Name": "Brooklea Family Lite Yogurt 1kg",
    "Price": 3,
    "Unit Price": "30c per 100g",
    "Aldi Category": "Fresh Produce",
    "URL": "https://www.aldi.com.au/en/groceries/fresh-produce/dairy-eggs/dairy-eggs-detail/ps/p/brooklea-family-lite-yogurt-1kg/"
  },
  {
    "Product Name": "LACURA® Essentials Fine Balance Cleansing Wipes 30pk 30pk",
    "Price": 1.69,
    "Unit Price": "6c per wipe",
    "Aldi Category": "Health & Beauty",
    "URL": "https://www.aldi.com.au/en/groceries/beauty/beauty-detail/ps/p/lacura-essentials-fine-balance-cleansing-wipes-30p/"
  },
  {
    "Product Name": "LACURA® Essentials BB Cream SPF 15 50ml",
    "Price": 4.99,
    "Unit Price": "$9.98 per 100ml",
    "Aldi Category": "Health & Beauty",
    "URL": "https://www.aldi.com.au/en/groceries/beauty/beauty-detail/ps/p/lacura-essentials-bb-cream-spf-15-50ml/"
  },
  {
    "Product Name": "Brooklea Vanilla Custard 1kg",
    "Price": 2.99,
    "Unit Price": "30c per 100g",
    "Aldi Category": "Fresh Produce",
    "URL": "https://www.aldi.com.au/en/groceries/fresh-produce/dairy-eggs/dairy-eggs-detail/ps/p/brooklea-vanilla-custard-1kg-1/"
  },
  {
    "Product Name": "LACURA® Essentials Fine Balance Foaming Cleansing Gel 150ml",
    "Price": 3.79,
    "Unit Price": "$2.53 per 100ml",
    "Aldi Category": "Health & Beauty",
    "URL": "https://www.aldi.com.au/en/groceries/beauty/beauty-detail/ps/p/lacura-essentials-fine-balance-foaming-cleansing-g/"
  },
  {
    "Product Name": "LACURA® Essentials Purify Exfoliating Wash 150ml",
    "Price": 3.79,
    "Unit Price": "$2.53 per 100ml",
    "Aldi Category": "Health & Beauty",
    "URL": "https://www.aldi.com.au/en/groceries/beauty/beauty-detail/ps/p/lacura-essentials-purify-exfoliating-wash-150ml/"
  },
  {
    "Product Name": "LACURA® Essentials Caring Cleansing Gel 150ml",
    "Price": 3.79,
    "Unit Price": "$2.53 per 100ml",
    "Aldi Category": "Health & Beauty",
    "URL": "https://www.aldi.com.au/en/groceries/beauty/beauty-detail/ps/p/lacura-essentials-caring-cleansing-gel-150ml/"
  },
  {
    "Product Name": "Food Envy Chocolate Mousse with Salted Caramel 2 x 62g",
    "Price": 2.29,
    "Unit Price": "$1.85 per 100g",
    "Aldi Category": "Fresh Produce",
    "URL": "https://www.aldi.com.au/en/groceries/fresh-produce/dairy-eggs/dairy-eggs-detail/ps/p/food-envy-chocolate-mousse-with-salted-caramel-2-x/"
  },
  {
    "Product Name": "Food Envy Crème Caramel 2 x 150g",
    "Price": 1.99,
    "Unit Price": "66c per 100g",
    "Aldi Category": "Fresh Produce",
    "URL": "https://www.aldi.com.au/en/groceries/fresh-produce/dairy-eggs/dairy-eggs-detail/ps/p/food-envy-creme-caramel-2-x-150g-1/"
  },
  {
    "Product Name": "Food Envy Chocolate Mousse 2 x 62g",
    "Price": 2.29,
    "Unit Price": "$1.85 per 100g",
    "Aldi Category": "Fresh Produce",
    "URL": "https://www.aldi.com.au/en/groceries/fresh-produce/dairy-eggs/dairy-eggs-detail/ps/p/food-envy-chocolate-mousse-2-x-62g/"
  },
  {
    "Product Name": "Dairy Dream Premiere Passionfruit Yogurt 4 x 115g",
    "Price": 3.29,
    "Unit Price": "72c per 100g",
    "Aldi Category": "Fresh Produce",
    "URL": "https://www.aldi.com.au/en/groceries/fresh-produce/dairy-eggs/dairy-eggs-detail/ps/p/dairy-dream-premiere-passionfruit-yogurt-4-x-115g/"
  },
  {
    "Product Name": "LACURA® Skin Science Renew Expert Wrinkle Smoother 15ml",
    "Price": 10.99,
    "Unit Price": "$73.27 per 100ml",
    "Aldi Category": "Health & Beauty",
    "URL": "https://www.aldi.com.au/en/groceries/beauty/beauty-detail/ps/p/lacura-skin-science-renew-expert-wrinkle-smoother-1/"
  },
  {
    "Product Name": "LACURA® Essentials Caring Cleansing Wipes 30pk",
    "Price": 1.69,
    "Unit Price": "6c per wipe",
    "Aldi Category": "Health & Beauty",
    "URL": "https://www.aldi.com.au/en/groceries/beauty/beauty-detail/ps/p/lacura-essentials-caring-cleansing-wipes-30pk/"
  },
  {
    "Product Name": "LACURA® Essentials Cotton Tips 240pk",
    "Price": 99,
    "Unit Price": "41c per 100 tips",
    "Aldi Category": "Health & Beauty",
    "URL": "https://www.aldi.com.au/en/groceries/beauty/beauty-detail/ps/p/lacura-essentials-cotton-tips-240pk/"
  },
  {
    "Product Name": "LACURA® Skin Science Renew Night Cream 50ml",
    "Price": 7.99,
    "Unit Price": "$15.98 per 100ml",
    "Aldi Category": "Health & Beauty",
    "URL": "https://www.aldi.com.au/en/groceries/beauty/beauty-detail/ps/p/lacura-skin-science-renew-night-cream-50ml/"
  },
  {
    "Product Name": "LACURA® Skin Science Renew Serum 50ml",
    "Price": 7.99,
    "Unit Price": "$15.98 per 100ml",
    "Aldi Category": "Health & Beauty",
    "URL": "https://www.aldi.com.au/en/groceries/beauty/beauty-detail/ps/p/lacura-skin-science-renew-serum-50ml/"
  },
  {
    "Product Name": "LACURA® Essentials Women's Comfort Touch 3 Blade Disposable Razors 8pk",
    "Price": 3.99,
    "Unit Price": "50c per unit",
    "Aldi Category": "Health & Beauty",
    "URL": "https://www.aldi.com.au/en/groceries/beauty/beauty-detail/ps/p/lacura-essentials-womens-comfort-touch-3-blade-dis/"
  },
  {
    "Product Name": "LACURA® Skin Science Renew Expert Double Effect Eye Gel 15ml",
    "Price": 9.99,
    "Unit Price": "$66.60/100ml",
    "Aldi Category": "Health & Beauty",
    "URL": "https://www.aldi.com.au/en/groceries/beauty/beauty-detail/ps/p/lacura-skin-science-renew-expert-double-effect-eye/"
  },
  {
    "Product Name": "LACURA® Revitalise Face Cream for Mature Skin 50ml ea",
    "Price": 6.99,
    "Unit Price": "$13.98 per 100ml",
    "Aldi Category": "Health & Beauty",
    "URL": "https://www.aldi.com.au/en/groceries/beauty/beauty-detail/ps/p/lacura-revitalise-face-cream-for-mature-skin-50ml-1/"
  },
  {
    "Product Name": "LACURA® Skin Science Renew Expert Day Cream SPF 15 50ml",
    "Price": 10.99,
    "Unit Price": "$21.98 per 100ml",
    "Aldi Category": "Health & Beauty",
    "URL": "https://www.aldi.com.au/en/groceries/beauty/beauty-detail/ps/p/lacura-renew-expert-dlacura-skin-science-renew-exp-1/"
  },
  {
    "Product Name": "LACURA® Essentials Renew Cleansing Wipes 30pk",
    "Price": 1.69,
    "Unit Price": "6c per wipe",
    "Aldi Category": "Health & Beauty",
    "URL": "https://www.aldi.com.au/en/groceries/beauty/beauty-detail/ps/p/lacura-essentials-renew-cleansing-wipes-30pk/"
  },
  {
    "Product Name": "LACURA® Skin Science Revitalise Expert Neck & Décolleté Serum 50ml",
    "Price": 10.99,
    "Unit Price": "$21.98 per 100ml",
    "Aldi Category": "Health & Beauty",
    "URL": "https://www.aldi.com.au/en/groceries/beauty/beauty-detail/ps/p/lacura-skin-science-revitalise-expert-neck-dcollet/"
  },
  {
    "Product Name": "LACURA® Skin Science Revive Night Elixir 30ml",
    "Price": 10.99,
    "Unit Price": "$36.63 per 100ml",
    "Aldi Category": "Health & Beauty",
    "URL": "https://www.aldi.com.au/en/groceries/beauty/beauty-detail/ps/p/lacura-skin-science-revive-night-elixir-30ml-1/"
  },
  {
    "Product Name": "LACURA® Skin Science Revitalise Night Cream with Soy for Mature Skin 50ml",
    "Price": 7.99,
    "Unit Price": "$15.98 per 100ml",
    "Aldi Category": "Health & Beauty",
    "URL": "https://www.aldi.com.au/en/groceries/beauty/beauty-detail/ps/p/lacura-skin-science-revitalise-night-cream-with-so/"
  },
  {
    "Product Name": "LACURA® Skin Science Renew Expert Night Cream SPF 15 50ml",
    "Price": 10.99,
    "Unit Price": "$21.98 per 100ml",
    "Aldi Category": "Health & Beauty",
    "URL": "https://www.aldi.com.au/en/groceries/beauty/beauty-detail/ps/p/lacura-skin-science-renew-expert-night-cream-spf-1-1/"
  },
  {
    "Product Name": "LACURA® Revitalise Mature Skin Serum 50ml",
    "Price": 6.99,
    "Unit Price": "$13.98 per 100ml",
    "Aldi Category": "Health & Beauty",
    "URL": "https://www.aldi.com.au/en/groceries/beauty/beauty-detail/ps/p/lacura-revitalise-mature-skin-serum-50ml-1/"
  },
  {
    "Product Name": "LACURA® Skin Science Revive Moisture Boost 15ml",
    "Price": 10.99,
    "Unit Price": "$73.27 per 100ml",
    "Aldi Category": "Health & Beauty",
    "URL": "https://www.aldi.com.au/en/groceries/beauty/beauty-detail/ps/p/lacura-skin-science-revive-moisture-boost-15ml/"
  },
  {
    "Product Name": "LACURA® Skin Science Renew Day Cream SPF 15 50ml",
    "Price": 7.99,
    "Unit Price": "$15.98 per 100ml",
    "Aldi Category": "Health & Beauty",
    "URL": "https://www.aldi.com.au/en/groceries/beauty/beauty-detail/ps/p/lacura-skin-science-renew-day-cream-spf-15-50ml/"
  },
  {
    "Product Name": "LACURA® Skin Science Revive Hyaluronic Gel 30ml",
    "Price": 10.99,
    "Unit Price": "$36.63 per 100ml",
    "Aldi Category": "Health & Beauty",
    "URL": "https://www.aldi.com.au/en/groceries/beauty/beauty-detail/ps/p/lacura-skin-science-revive-hyaluronic-gel-30ml-1/"
  },
  {
    "Product Name": "LACURA® Essentials Make Up Rounds 80pk",
    "Price": 1.39,
    "Unit Price": "$1.74 per 100 rounds",
    "Aldi Category": "Health & Beauty",
    "URL": "https://www.aldi.com.au/en/groceries/beauty/beauty-detail/ps/p/lacura-essentials-make-up-rounds-80pk/"
  },
  {
    "Product Name": "LACURA® Essentials Revitalise Cleansing Wipes 30pk",
    "Price": 1.69,
    "Unit Price": "6c per wipe",
    "Aldi Category": "Health & Beauty",
    "URL": "https://www.aldi.com.au/en/groceries/beauty/beauty-detail/ps/p/lacura-essentials-revitalise-cleansing-wipes-30pk/"
  },
  {
    "Product Name": "LACURA® Naturals Revitalising Facial Foaming Cleanser 150ml",
    "Price": 5.99,
    "Unit Price": "$3.99 per 100ml",
    "Aldi Category": "Health & Beauty",
    "URL": "https://www.aldi.com.au/en/groceries/beauty/beauty-detail/ps/p/lacura-naturals-revitalising-facial-foaming-cleans/"
  },
  {
    "Product Name": "LACURA® Skin Science Revitalise Expert Day Cream 50ml",
    "Price": 10.99,
    "Unit Price": "$21.98 per 100ml",
    "Aldi Category": "Health & Beauty",
    "URL": "https://www.aldi.com.au/en/groceries/beauty/beauty-detail/ps/p/lacura-skin-science-revitalise-expert-day-cream-50/"
  },
  {
    "Product Name": "LACURA® Naturals Invigorating Exfoliating Facial Scrub 150ml",
    "Price": 5.99,
    "Unit Price": "$3.99 per 100ml",
    "Aldi Category": "Health & Beauty",
    "URL": "https://www.aldi.com.au/en/groceries/beauty/beauty-detail/ps/p/lacura-naturals-invigorating-exfoliating-facial-sc/"
  },
  {
    "Product Name": "LACURA® Skin Science Revitalise Expert Eye Cream 15ml",
    "Price": 10.99,
    "Unit Price": "$73.27 per 100ml",
    "Aldi Category": "Health & Beauty",
    "URL": "https://www.aldi.com.au/en/groceries/beauty/beauty-detail/ps/p/lacura-skin-science-revitalise-expert-eye-cream-15/"
  },
  {
    "Product Name": "LACURA® Naturals Anti-Aging Night Cream with Rice Bran Oil & Silk Protein 50ml",
    "Price": 7.99,
    "Unit Price": "$15.98 per 100ml",
    "Aldi Category": "Health & Beauty",
    "URL": "https://www.aldi.com.au/en/groceries/beauty/beauty-detail/ps/p/lacura-naturals-anti-aging-night-cream-with-rice-b/"
  },
  {
    "Product Name": "LACURA® Beauty Long Lasting Duo Lipstick ea",
    "Price": 6.99,
    "Unit Price": "",
    "Aldi Category": "Health & Beauty",
    "URL": "https://www.aldi.com.au/en/groceries/beauty/beauty-detail/ps/p/lacura-beauty-long-lasting-duo-lipstick/"
  },
  {
    "Product Name": "LACURA® Naturals Anti-Aging Day Cream with Liquorice Extract Oil & Silk Protein 50ml",
    "Price": 7.99,
    "Unit Price": "$15.98 per 100ml",
    "Aldi Category": "Health & Beauty",
    "URL": "https://www.aldi.com.au/en/groceries/beauty/beauty-detail/ps/p/lacura-naturals-anti-aging-day-cream-with-liquoric/"
  },
  {
    "Product Name": "LACURA® Beauty Long Lasting Compact Powder 10g",
    "Price": 5.99,
    "Unit Price": "$5.99 per 10g",
    "Aldi Category": "Health & Beauty",
    "URL": "https://www.aldi.com.au/en/groceries/beauty/beauty-detail/ps/p/lacura-beauty-long-lasting-compact-powder-10g/"
  },
  {
    "Product Name": "LACURA® Beauty 24hr Mascara – Waterproof 11.6ml or Volume 11.9ml ea $",
    "Price": 6.99,
    "Unit Price": "$5.87-$6.03 per 10ml",
    "Aldi Category": "Health & Beauty",
    "URL": "https://www.aldi.com.au/en/groceries/beauty/beauty-detail/ps/p/lacura-beauty-24hr-mascara-waterproof-116ml-or-vol/"
  },
  {
    "Product Name": "LACURA® Naturals Anti-Aging Eye Cream with Tiger Grass & Silk Protein 15ml",
    "Price": 7.99,
    "Unit Price": "$53.27 per 100ml",
    "Aldi Category": "Health & Beauty",
    "URL": "https://www.aldi.com.au/en/groceries/beauty/beauty-detail/ps/p/lacura-naturals-anti-aging-eye-cream-with-tiger-gr/"
  },
  {
    "Product Name": "LACURA® Beauty Long Lasting Compact Blush 4.5g",
    "Price": 5.99,
    "Unit Price": "$13.31 per 10g",
    "Aldi Category": "Health & Beauty",
    "URL": "https://www.aldi.com.au/en/groceries/beauty/beauty-detail/ps/p/lacura-beauty-long-lasting-compact-blush-45g/"
  },
  {
    "Product Name": "LACURA® Naturals Anti-Aging Serum with Ginger Extract & Silk Protein 30ml",
    "Price": 7.99,
    "Unit Price": "$26.63 per 100ml",
    "Aldi Category": "Health & Beauty",
    "URL": "https://www.aldi.com.au/en/groceries/beauty/beauty-detail/ps/p/lacura-naturals-anti-aging-serum-with-ginger-extra/"
  },
  {
    "Product Name": "LACURA® Beauty Face Primer 3 in 1",
    "Price": 4.99,
    "Unit Price": "$1.00 per 10ml",
    "Aldi Category": "Health & Beauty",
    "URL": "https://www.aldi.com.au/en/groceries/beauty/beauty-detail/ps/p/lacura-beauty-face-primer-3-in-1/"
  },
  {
    "Product Name": "Gluten Free Cocoa Puffs 475g",
    "Price": 2.99,
    "Unit Price": "63c per 100g",
    "Aldi Category": "Pantry",
    "URL": "https://www.aldi.com.au/en/groceries/pantry/gluten-free/has-no-detail/ps/p/has-no-cocoa-puffs-cereal-475g/"
  },
  {
    "Product Name": "LACURA® Retractable Eyeliner or Eyebrow Pencil 0.3g 0.3g",
    "Price": 4.99,
    "Unit Price": "$166.33 per 10g",
    "Aldi Category": "Health & Beauty",
    "URL": "https://www.aldi.com.au/en/groceries/beauty/beauty-detail/ps/p/lacura-retractable-eyeliner-or-eyebrow-pencil-03g/"
  },
  {
    "Product Name": "LACURA® Beauty Foundation with Sunscreen",
    "Price": 4.99,
    "Unit Price": "$1.00 per 10ml",
    "Aldi Category": "Health & Beauty",
    "URL": "https://www.aldi.com.au/en/groceries/beauty/beauty-detail/ps/p/lacura-beauty-foundation-with-sunscreen/"
  },
  {
    "Product Name": "Gluten Free Spirals 500g",
    "Price": 2.29,
    "Unit Price": "46c per 100g",
    "Aldi Category": "Pantry",
    "URL": "https://www.aldi.com.au/en/groceries/pantry/gluten-free/has-no-detail/ps/p/has-no-spirals-500g/"
  },
  {
    "Product Name": "Gluten Free Penne 500g",
    "Price": 2.29,
    "Unit Price": "46c per 100g",
    "Aldi Category": "Pantry",
    "URL": "https://www.aldi.com.au/en/groceries/pantry/gluten-free/has-no-detail/ps/p/gluten-free-penne-500g/"
  },
  {
    "Product Name": "LACURA® Naturals Pore Cleansing Clarifying Facial Scrub 150ml",
    "Price": 5.99,
    "Unit Price": "$3.99 per 100ml",
    "Aldi Category": "Health & Beauty",
    "URL": "https://www.aldi.com.au/en/groceries/beauty/beauty-detail/ps/p/lacura-naturals-pore-cleansing-clarifying-facial-s/"
  },
  {
    "Product Name": "Just Organic Extra Virgin Olive Oil 500ml",
    "Price": 4.69,
    "Unit Price": "94c per 100ml",
    "Aldi Category": "Pantry",
    "URL": "https://www.aldi.com.au/en/groceries/pantry/olive-oil/olive-oil-detail/ps/p/just-organic-extra-virgin-olive-oil-500ml/"
  },
  {
    "Product Name": "The Olive Tree Australian Extra Virgin Olive Oil 1L – Classic",
    "Price": 8.99,
    "Unit Price": "90c per 100ml",
    "Aldi Category": "Pantry",
    "URL": "https://www.aldi.com.au/en/groceries/pantry/olive-oil/olive-oil-detail/ps/p/the-olive-tree-australian-extra-virgin-olive-oil-1-1/"
  },
  {
    "Product Name": "Has No Gluten Free Biscuits 180g ea",
    "Price": 2.79,
    "Unit Price": "$1.55 per 100g",
    "Aldi Category": "Pantry",
    "URL": "https://www.aldi.com.au/en/groceries/pantry/gluten-free/has-no-detail/ps/p/has-no-gluten-free-biscuits-180g-1/"
  },
  {
    "Product Name": "The Olive Tree Australian Extra Virgin Olive Oil 3L",
    "Price": 23.99,
    "Unit Price": "80c per 100ml",
    "Aldi Category": "Pantry",
    "URL": "https://www.aldi.com.au/en/groceries/pantry/olive-oil/olive-oil-detail/ps/p/the-olive-tree-australian-extra-virgin-olive-oil-3/"
  },
  {
    "Product Name": "Cobram Estate  Australia Extra Virgin Olive Oil 500ml ea",
    "Price": 9.49,
    "Unit Price": "$1.90 per 100ml",
    "Aldi Category": "Pantry",
    "URL": "https://www.aldi.com.au/en/groceries/pantry/olive-oil/olive-oil-detail/ps/p/cobram-estate-australia-extra-virgin-olive-oil-500/"
  },
  {
    "Product Name": "Has No Gluten Free Coconut Macaroons 160g",
    "Price": 2.49,
    "Unit Price": "$1.56 per 100g",
    "Aldi Category": "Pantry",
    "URL": "https://www.aldi.com.au/en/groceries/pantry/gluten-free/has-no-detail/ps/p/has-no-gluten-free-coconut-macaroons-160g-2/"
  },
  {
    "Product Name": "Remano Olive Oil / Mild Olive Oil 1L ea",
    "Price": 5.99,
    "Unit Price": "60c per 100ml",
    "Aldi Category": "Pantry",
    "URL": "https://www.aldi.com.au/en/groceries/pantry/olive-oil/olive-oil-detail/ps/p/remano-olive-oil-mild-olive-oil-1l/"
  },
  {
    "Product Name": "Just Organic Black Tea 50pk/100g",
    "Price": 2.49,
    "Unit Price": "$2.49 per 100g",
    "Aldi Category": "Pantry",
    "URL": "https://www.aldi.com.au/en/groceries/pantry/just-organic/just-organic-detail/ps/p/just-organic-black-tea-50pk100g/"
  },
  {
    "Product Name": "Just Organic Penne Pasta 500g",
    "Price": 1.59,
    "Unit Price": "32c per 100g",
    "Aldi Category": "Pantry",
    "URL": "https://www.aldi.com.au/en/groceries/pantry/just-organic/just-organic-detail/ps/p/just-organic-penne-pasta-500g/"
  },
  {
    "Product Name": "The Olive Tree Australian Extra Virgin Olive Oil Spray 225g",
    "Price": 2.99,
    "Unit Price": "$1.33 per 100g",
    "Aldi Category": "Pantry",
    "URL": "https://www.aldi.com.au/en/groceries/pantry/olive-oil/olive-oil-detail/ps/p/the-olive-tree-australian-extra-virgin-olive-oil-s/"
  },
  {
    "Product Name": "Just Organic Baked Beans in Tomato Sauce 420g",
    "Price": 95,
    "Unit Price": "23c per 100g",
    "Aldi Category": "Pantry",
    "URL": "https://www.aldi.com.au/en/groceries/pantry/just-organic/just-organic-detail/ps/p/just-organic-baked-beans-in-tomato-sauce-420g/"
  },
  {
    "Product Name": "Organic Kombucha – Ginger & Lemon 330ml",
    "Price": 2.49,
    "Unit Price": "$6.03 per litre",
    "Aldi Category": "Pantry",
    "URL": "https://www.aldi.com.au/en/groceries/pantry/just-organic/just-organic-detail/ps/p/organic-kombucha-ginger-lemon-330ml/"
  },
  {
    "Product Name": "Just Organic Green Tea 50pk/75g",
    "Price": 2.49,
    "Unit Price": "$3.32 per 100g",
    "Aldi Category": "Pantry",
    "URL": "https://www.aldi.com.au/en/groceries/pantry/just-organic/just-organic-detail/ps/p/just-organic-green-tea-50pk75g/"
  },
  {
    "Product Name": "Just Organic Quinoa – White or Tricolour 500g",
    "Price": 6.49,
    "Unit Price": "$1.00 per 100g",
    "Aldi Category": "Pantry",
    "URL": "https://www.aldi.com.au/en/groceries/pantry/just-organic/just-organic-detail/ps/p/just-organic-quinoa-white-or-tricolour-500g/"
  },
  {
    "Product Name": "Remano Extra Virgin Olive Oil 3.78L",
    "Price": 19.99,
    "Unit Price": "53c per 100ml",
    "Aldi Category": "Pantry",
    "URL": "https://www.aldi.com.au/en/groceries/pantry/olive-oil/olive-oil-detail/ps/p/remano-extra-virgin-olive-oil-378l/"
  },
  {
    "Product Name": "Just Organic Pasta Sauces 500g",
    "Price": 2.49,
    "Unit Price": "50c per 100g",
    "Aldi Category": "Pantry",
    "URL": "https://www.aldi.com.au/en/groceries/pantry/just-organic/just-organic-detail/ps/p/just-organic-pasta-sauces-500g/"
  },
  {
    "Product Name": "Just Organic Natural Yogurt 1kg",
    "Price": 4.99,
    "Unit Price": "50c per 100g",
    "Aldi Category": "Pantry",
    "URL": "https://www.aldi.com.au/en/groceries/pantry/just-organic/just-organic-detail/ps/p/just-organic-natural-yogurt-1kg-3/"
  },
  {
    "Product Name": "Gluten Free Self Raising Flour 500g",
    "Price": 2.29,
    "Unit Price": "$4.58 per kg",
    "Aldi Category": "Pantry",
    "URL": "https://www.aldi.com.au/en/groceries/pantry/gluten-free/has-no-detail/ps/p/has-no-self-raising-flour-500g/"
  },
  {
    "Product Name": "Gluten Free Spaghetti 500g",
    "Price": 2.29,
    "Unit Price": "46c per 100g",
    "Aldi Category": "Pantry",
    "URL": "https://www.aldi.com.au/en/groceries/pantry/gluten-free/has-no-detail/ps/p/has-no-spaghetti-500g/"
  },
  {
    "Product Name": "Gluten Free Corn Flakes 375g",
    "Price": 2.99,
    "Unit Price": "80c per 100g",
    "Aldi Category": "Pantry",
    "URL": "https://www.aldi.com.au/en/groceries/pantry/gluten-free/has-no-detail/ps/p/has-no-cornflakes-375g/"
  },
  {
    "Product Name": "Just Organic Natural Yogurt 500g",
    "Price": 3.49,
    "Unit Price": "70c per 100g",
    "Aldi Category": "Pantry",
    "URL": "https://www.aldi.com.au/en/groceries/pantry/just-organic/just-organic-detail/ps/p/just-organic-natural-yogurt-500g/"
  },
  {
    "Product Name": "Just Organic Passata 690g",
    "Price": 2.09,
    "Unit Price": "30c per 100g",
    "Aldi Category": "Pantry",
    "URL": "https://www.aldi.com.au/en/groceries/pantry/just-organic/just-organic-detail/ps/p/just-organic-passata-690g/"
  },
  {
    "Product Name": "Just Organic Rooibos Tea 50pk/80g",
    "Price": 2.49,
    "Unit Price": "$3.11 per 100g",
    "Aldi Category": "Pantry",
    "URL": "https://www.aldi.com.au/en/groceries/pantry/just-organic/just-organic-detail/ps/p/just-organic-rooibos-tea-50pk80g/"
  },
  {
    "Product Name": "Gluten Free Plain Flour 500g",
    "Price": 2.29,
    "Unit Price": "$4.58 per kg",
    "Aldi Category": "Pantry",
    "URL": "https://www.aldi.com.au/en/groceries/pantry/gluten-free/has-no-detail/ps/p/has-no-plain-flour-500g/"
  },
  {
    "Product Name": "Just Organic UHT Milk 1L",
    "Price": 1.79,
    "Unit Price": "$1.79 per litre",
    "Aldi Category": "Pantry",
    "URL": "https://www.aldi.com.au/en/groceries/pantry/just-organic/just-organic-detail/ps/p/just-organic-uht-milk-1l/"
  },
  {
    "Product Name": "Just Organic UHT Soy Milk 1L",
    "Price": 1.49,
    "Unit Price": "$1.49 per litre",
    "Aldi Category": "Pantry",
    "URL": "https://www.aldi.com.au/en/groceries/pantry/just-organic/just-organic-detail/ps/p/just-organic-uht-soy-milk-1l/"
  },
  {
    "Product Name": "Organic Kombucha – Raspberry & Lemon 330ml",
    "Price": 2.49,
    "Unit Price": "$6.03 per litre",
    "Aldi Category": "Pantry",
    "URL": "https://www.aldi.com.au/en/groceries/pantry/just-organic/just-organic-detail/ps/p/organic-kombucha-raspberry-lemon-330ml/"
  },
  {
    "Product Name": "Just Organic Extra Virgin Coconut Oil 300g",
    "Price": 3.99,
    "Unit Price": "$1.33 per 100g",
    "Aldi Category": "Pantry",
    "URL": "https://www.aldi.com.au/en/groceries/pantry/just-organic/just-organic-detail/ps/p/just-organic-extra-virgin-coconut-oil-300g-2/"
  },
  {
    "Product Name": "Just Organic Toasted Coconut Flakes with Sea Salt 140g",
    "Price": 3.99,
    "Unit Price": "$28.50 per kg",
    "Aldi Category": "Pantry",
    "URL": "https://www.aldi.com.au/en/groceries/pantry/just-organic/just-organic-detail/ps/p/just-organic-toasted-coconut-flakes-with-sea-salt/"
  },
  {
    "Product Name": "Just Organic Vanilla Bean Yogurt 1kg",
    "Price": 4.99,
    "Unit Price": "50c per 100g",
    "Aldi Category": "Pantry",
    "URL": "https://www.aldi.com.au/en/groceries/pantry/just-organic/just-organic-detail/ps/p/just-organic-vanilla-bean-yogurt-1kg-1/"
  },
  {
    "Product Name": "Just Organic Apple Cider Vinegar 500ml",
    "Price": 3.29,
    "Unit Price": "66c per 100ml",
    "Aldi Category": "Pantry",
    "URL": "https://www.aldi.com.au/en/groceries/pantry/just-organic/just-organic-detail/ps/p/just-organic-apple-cider-vinegar-500ml-2/"
  },
  {
    "Product Name": "Just Organic Granola 500g Coconut & Chia 500g",
    "Price": 4.49,
    "Unit Price": "90c per 100g",
    "Aldi Category": "Pantry",
    "URL": "https://www.aldi.com.au/en/groceries/pantry/just-organic/just-organic-detail/ps/p/just-organic-granola-500g-coconut-chia/"
  },
  {
    "Product Name": "Just Organic Granola 500g Berry 500g",
    "Price": 4.49,
    "Unit Price": "90c per 100g",
    "Aldi Category": "Pantry",
    "URL": "https://www.aldi.com.au/en/groceries/pantry/just-organic/just-organic-detail/ps/p/just-organic-granola-500g-berry/"
  },
  {
    "Product Name": "Just Organic Brie 125g",
    "Price": 3.99,
    "Unit Price": "$31.92 per kg",
    "Aldi Category": "Pantry",
    "URL": "https://www.aldi.com.au/en/groceries/pantry/just-organic/just-organic-detail/ps/p/just-organic-brie-125g/"
  },
  {
    "Product Name": "Choceur Milk & White Chocolate Block 200g",
    "Price": 2.99,
    "Unit Price": "$1.50 per 100g",
    "Aldi Category": "Pantry",
    "URL": "https://www.aldi.com.au/en/groceries/pantry/chocolate/chocolate-detail/ps/p/choceur-milk-white-chocolate-block-200g/"
  },
  {
    "Product Name": "Just Organic Sun-Dried Thompson Seedless Raisins 375g",
    "Price": 3.99,
    "Unit Price": "$10.64 per kg",
    "Aldi Category": "Pantry",
    "URL": "https://www.aldi.com.au/en/groceries/pantry/just-organic/just-organic-detail/ps/p/just-organic-sun-dried-thompson-seedless-raisins-3/"
  },
  {
    "Product Name": "Just Organic Dark Chocolate with Sea Salt 100g",
    "Price": 2.79,
    "Unit Price": "$2.79 per 100g",
    "Aldi Category": "Pantry",
    "URL": "https://www.aldi.com.au/en/groceries/pantry/just-organic/just-organic-detail/ps/p/just-organic-dark-chocolate-with-sea-salt-100g/"
  },
  {
    "Product Name": "Just Organic Natural Coconut Flakes 200g",
    "Price": 3.99,
    "Unit Price": "$19.95 per kg",
    "Aldi Category": "Pantry",
    "URL": "https://www.aldi.com.au/en/groceries/pantry/just-organic/just-organic-detail/ps/p/just-organic-natural-coconut-flakes-200g/"
  },
  {
    "Product Name": "Choceur Salted Pretzel Chocolate Block 200g",
    "Price": 2.99,
    "Unit Price": "$1.50 per 100g",
    "Aldi Category": "Pantry",
    "URL": "https://www.aldi.com.au/en/groceries/pantry/chocolate/chocolate-detail/ps/p/choceur-salted-pretzel-chocolate-block-200g/"
  },
  {
    "Product Name": "Just Organic Dark Chocolate 100g",
    "Price": 2.79,
    "Unit Price": "$2.79 per 100g",
    "Aldi Category": "Pantry",
    "URL": "https://www.aldi.com.au/en/groceries/pantry/just-organic/just-organic-detail/ps/p/just-organic-dark-chocolate-100g/"
  },
  {
    "Product Name": "Just Organic Extra Virgin Olive Oil 500ml 500ml",
    "Price": 4.69,
    "Unit Price": "94c per 100ml",
    "Aldi Category": "Pantry",
    "URL": "https://www.aldi.com.au/en/groceries/pantry/just-organic/just-organic-detail/ps/p/just-organic-extra-virgin-olive-oil-500ml-1/"
  },
  {
    "Product Name": "Choceur White Chocolate Block 200g",
    "Price": 2.99,
    "Unit Price": "$1.50 per 100g",
    "Aldi Category": "Pantry",
    "URL": "https://www.aldi.com.au/en/groceries/pantry/chocolate/chocolate-detail/ps/p/choceur-white-chocolate-block-200g/"
  },
  {
    "Product Name": "Choceur Caramel Filled Milk Chocolate Block 200g",
    "Price": 2.99,
    "Unit Price": "$1.50 per 100g",
    "Aldi Category": "Pantry",
    "URL": "https://www.aldi.com.au/en/groceries/pantry/chocolate/chocolate-detail/ps/p/choceur-caramel-filled-milk-chocolate-block-200g/"
  },
  {
    "Product Name": "Choceur Rum Raisin & Nut Chocolate Block 200g",
    "Price": 2.99,
    "Unit Price": "$1.50 per 100g",
    "Aldi Category": "Pantry",
    "URL": "https://www.aldi.com.au/en/groceries/pantry/chocolate/chocolate-detail/ps/p/choceur-rum-raisin-nut-chocolate-block-200g/"
  },
  {
    "Product Name": "Choceur Milk Hazelnut Chocolate Block 200g",
    "Price": 2.99,
    "Unit Price": "$1.50 per 100g",
    "Aldi Category": "Pantry",
    "URL": "https://www.aldi.com.au/en/groceries/pantry/chocolate/chocolate-detail/ps/p/choceur-milk-hazelnut-chocolate-block-200g/"
  },
  {
    "Product Name": "Choceur Dark Hazelnut Chocolate Block 200g",
    "Price": 2.99,
    "Unit Price": "$1.50 per 100g",
    "Aldi Category": "Pantry",
    "URL": "https://www.aldi.com.au/en/groceries/pantry/chocolate/chocolate-detail/ps/p/choceur-dark-hazelnut-chocolate-block-200g/"
  },
  {
    "Product Name": "Choceur Fruit & Nut Chocolate Block 200g",
    "Price": 2.99,
    "Unit Price": "$1.50 per 100g",
    "Aldi Category": "Pantry",
    "URL": "https://www.aldi.com.au/en/groceries/pantry/chocolate/chocolate-detail/ps/p/choceur-fruit-nut-chocolate-block-200g/"
  },
  {
    "Product Name": "Just Organic Yogurt Assorted Varieties 70g 70g",
    "Price": 99,
    "Unit Price": "$1.41 per 100g",
    "Aldi Category": "Pantry",
    "URL": "https://www.aldi.com.au/en/groceries/pantry/just-organic/just-organic-detail/ps/p/just-organic-yogurt-assorted-varieties-70g/"
  },
  {
    "Product Name": "Dark Mini Chocolate Bars 5 x 40g 5pk",
    "Price": 2.99,
    "Unit Price": "$1.50 per 100g",
    "Aldi Category": "Pantry",
    "URL": "https://www.aldi.com.au/en/groceries/pantry/chocolate/chocolate-detail/ps/p/dark-mini-chocolate-bars-5-x-40g/"
  },
  {
    "Product Name": "Choceur Dark Chocolate Block 200g",
    "Price": 2.99,
    "Unit Price": "$1.50 per 100g",
    "Aldi Category": "Pantry",
    "URL": "https://www.aldi.com.au/en/groceries/pantry/chocolate/chocolate-detail/ps/p/choceur-dark-block-chocolate-200g/"
  },
  {
    "Product Name": "Choceur Milk Chocolate Block 200g",
    "Price": 2.99,
    "Unit Price": "$1.50 per 100g",
    "Aldi Category": "Pantry",
    "URL": "https://www.aldi.com.au/en/groceries/pantry/chocolate/chocolate-detail/ps/p/choceur-milk-chocolate-block-200g-1/"
  },
  {
    "Product Name": "White Crisp Mini Chocolate Bars 5 x 40g 5pk",
    "Price": 2.99,
    "Unit Price": "$1.50 per 100g",
    "Aldi Category": "Pantry",
    "URL": "https://www.aldi.com.au/en/groceries/pantry/chocolate/chocolate-detail/ps/p/white-crisp-mini-chocolate-bars-5-x-40g/"
  },
  {
    "Product Name": "Choceur Dark Almond Chocolate Block 200g",
    "Price": 2.99,
    "Unit Price": "$1.50 per 100g",
    "Aldi Category": "Pantry",
    "URL": "https://www.aldi.com.au/en/groceries/pantry/chocolate/chocolate-detail/ps/p/choceur-dark-almond-chocolate-block-200g/"
  },
  {
    "Product Name": "Choceur Coffee & Cream Chocolate Block 200g",
    "Price": 2.99,
    "Unit Price": "$1.50 per 100g",
    "Aldi Category": "Pantry",
    "URL": "https://www.aldi.com.au/en/groceries/pantry/chocolate/chocolate-detail/ps/p/choceur-coffee-cream-chocolate-block-200g/"
  },
  {
    "Product Name": "Just Organic Free Range Eggs 6 Pack 300g 6pk",
    "Price": 3.99,
    "Unit Price": "$1.33 per 100g",
    "Aldi Category": "Pantry",
    "URL": "https://www.aldi.com.au/en/groceries/pantry/just-organic/just-organic-detail/ps/p/just-organic-free-range-eggs-6-pack-300g/"
  },
  {
    "Product Name": "White Mini Chocolate Bars 5 x 40g 5pk",
    "Price": 2.99,
    "Unit Price": "$1.50 per 100g",
    "Aldi Category": "Pantry",
    "URL": "https://www.aldi.com.au/en/groceries/pantry/chocolate/chocolate-detail/ps/p/white-mini-chocolate-bars-5-x-40g/"
  },
  {
    "Product Name": "Marzipan Mini Chocolate Bars 5 x 40g 5pk",
    "Price": 2.99,
    "Unit Price": "$1.50 per 100g",
    "Aldi Category": "Pantry",
    "URL": "https://www.aldi.com.au/en/groceries/pantry/chocolate/chocolate-detail/ps/p/marzipan-mini-chocolate-bars-5-x-40g/"
  },
  {
    "Product Name": "Expressi Organic 16pk",
    "Price": 5.99,
    "Unit Price": "37c per capsule",
    "Aldi Category": "Pantry",
    "URL": "https://www.aldi.com.au/en/groceries/pantry/coffee/coffee-detail/ps/p/expressi-organic/"
  },
  {
    "Product Name": "Hazelnut Mini Chocolate Bars 5 x 40g 5pk",
    "Price": 2.99,
    "Unit Price": "$1.50 per 100g",
    "Aldi Category": "Pantry",
    "URL": "https://www.aldi.com.au/en/groceries/pantry/chocolate/chocolate-detail/ps/p/hazelnut-mini-chocolate-bars-5-x-40g/"
  },
  {
    "Product Name": "Choceur Milk Almond Chocolate Block 200g",
    "Price": 2.99,
    "Unit Price": "$1.50 per 100g",
    "Aldi Category": "Pantry",
    "URL": "https://www.aldi.com.au/en/groceries/pantry/chocolate/chocolate-detail/ps/p/choceur-milk-almond-chocolate-block-200g/"
  },
  {
    "Product Name": "Just Organic Yogurt Assorted Varieties 140g 140g",
    "Price": 1.49,
    "Unit Price": "$1.06 per 100g",
    "Aldi Category": "Pantry",
    "URL": "https://www.aldi.com.au/en/groceries/pantry/just-organic/just-organic-detail/ps/p/just-organic-yogurt-assorted-varieties-140g/"
  },
  {
    "Product Name": "Choceur Mountain Bar 100g",
    "Price": 1.99,
    "Unit Price": "$1.99 per 100g",
    "Aldi Category": "Pantry",
    "URL": "https://www.aldi.com.au/en/groceries/pantry/chocolate/chocolate-detail/ps/p/choceur-mountain-bar-100g/"
  },
  {
    "Product Name": "Milk Mini Chocolate Bars 5 x 40g 5pk",
    "Price": 2.99,
    "Unit Price": "$1.50 per 100g",
    "Aldi Category": "Pantry",
    "URL": "https://www.aldi.com.au/en/groceries/pantry/chocolate/chocolate-detail/ps/p/milk-mini-chocolate-bars-5-x-40g/"
  },
  {
    "Product Name": "Hazelnut Crème Mini Chocolate Bars 5 x 40g 5pk",
    "Price": 2.99,
    "Unit Price": "$1.50 per 100g",
    "Aldi Category": "Pantry",
    "URL": "https://www.aldi.com.au/en/groceries/pantry/chocolate/chocolate-detail/ps/p/hazelnut-creme-mini-chocolate-bars-5-x-40g/"
  },
  {
    "Product Name": "Expressi Calabrese 16pk",
    "Price": 5.99,
    "Unit Price": "37c per capsule",
    "Aldi Category": "Pantry",
    "URL": "https://www.aldi.com.au/en/groceries/pantry/coffee/coffee-detail/ps/p/expressi-calabrese/"
  },
  {
    "Product Name": "Expressi La Spezia 16pk",
    "Price": 5.99,
    "Unit Price": "37c per capsule",
    "Aldi Category": "Pantry",
    "URL": "https://www.aldi.com.au/en/groceries/pantry/coffee/coffee-detail/ps/p/expressi-la-spezia/"
  },
  {
    "Product Name": "Expressi Decaffi 16pk",
    "Price": 5.99,
    "Unit Price": "37c per capsule",
    "Aldi Category": "Pantry",
    "URL": "https://www.aldi.com.au/en/groceries/pantry/coffee/coffee-detail/ps/p/expressi-decaffi/"
  },
  {
    "Product Name": "Expressi Abruzzo 16pk",
    "Price": 5.99,
    "Unit Price": "37c per capsule",
    "Aldi Category": "Pantry",
    "URL": "https://www.aldi.com.au/en/groceries/pantry/coffee/coffee-detail/ps/p/expressi-abruzzo/"
  },
  {
    "Product Name": "Expressi Milano 16pk",
    "Price": 5.99,
    "Unit Price": "37c per capsule",
    "Aldi Category": "Pantry",
    "URL": "https://www.aldi.com.au/en/groceries/pantry/coffee/coffee-detail/ps/p/expressi-milano/"
  },
  {
    "Product Name": "EXPRESSI Milk Frother",
    "Price": 29.99,
    "Unit Price": "",
    "Aldi Category": "Pantry",
    "URL": "https://www.aldi.com.au/en/groceries/pantry/coffee/coffee-detail/ps/p/expressi-milk-frother/"
  },
  {
    "Product Name": "Expressi Reggio 16pk",
    "Price": 5.99,
    "Unit Price": "37c per capsule",
    "Aldi Category": "Pantry",
    "URL": "https://www.aldi.com.au/en/groceries/pantry/coffee/coffee-detail/ps/p/expressi-reggio/"
  },
  {
    "Product Name": "EXPRESSI Coffee Capsule Machine – Steel Grey",
    "Price": 79.99,
    "Unit Price": "",
    "Aldi Category": "Pantry",
    "URL": "https://www.aldi.com.au/en/groceries/pantry/coffee/coffee-detail/ps/p/expressi-coffee-capsule-machine-steel-grey/"
  },
  {
    "Product Name": "Expressi Valletta 16pk",
    "Price": 5.99,
    "Unit Price": "37c per capsule",
    "Aldi Category": "Pantry",
    "URL": "https://www.aldi.com.au/en/groceries/pantry/coffee/coffee-detail/ps/p/expressi-valletta/"
  },
  {
    "Product Name": "Expressi Rich Hot Chocolate 16pk",
    "Price": 5.99,
    "Unit Price": "37c per capsule",
    "Aldi Category": "Pantry",
    "URL": "https://www.aldi.com.au/en/groceries/pantry/coffee/coffee-detail/ps/p/expressi-rich-hot-chocolate/"
  },
  {
    "Product Name": "The Tudor Central Victorian Shiraz 750ml",
    "Price": 12.99,
    "Unit Price": "",
    "Aldi Category": "Liquor",
    "URL": "https://www.aldi.com.au/en/groceries/liquor/wine/wine-detail/ps/p/the-tudor-central-victorian-shiraz-750ml-1/"
  },
  {
    "Product Name": "Expressi Torino 16pk",
    "Price": 5.99,
    "Unit Price": "37c per capsule",
    "Aldi Category": "Pantry",
    "URL": "https://www.aldi.com.au/en/groceries/pantry/coffee/coffee-detail/ps/p/expressi-torino/"
  },
  {
    "Product Name": "Expressi Intenzo 120g",
    "Price": 5.99,
    "Unit Price": "37c per capsule",
    "Aldi Category": "Pantry",
    "URL": "https://www.aldi.com.au/en/groceries/pantry/coffee/coffee-detail/ps/p/expressi-intenzo/"
  },
  {
    "Product Name": "Vinology McLaren Vale Organic Cabernet Sauvignon 750ml",
    "Price": 11.99,
    "Unit Price": "",
    "Aldi Category": "Liquor",
    "URL": "https://www.aldi.com.au/en/groceries/liquor/wine/wine-detail/ps/p/vinology-mclaren-vale-organic-cabernet-sauvignon-7/"
  },
  {
    "Product Name": "EXPRESSI Coffee Capsule Machine – One",
    "Price": 69.99,
    "Unit Price": "",
    "Aldi Category": "Pantry",
    "URL": "https://www.aldi.com.au/en/groceries/pantry/coffee/coffee-detail/ps/p/expressi-coffee-capsule-machine-one/"
  },
  {
    "Product Name": "Blackstone Paddock Margaret River Cabernet Sauvignon 750ml",
    "Price": 17.99,
    "Unit Price": "",
    "Aldi Category": "Liquor",
    "URL": "https://www.aldi.com.au/en/groceries/liquor/wine/wine-detail/ps/p/blackstone-paddock-margaret-river-cabernet-sauvign/"
  },
  {
    "Product Name": "Taylors Special Release Clare Valley Shiraz 750ml",
    "Price": 14.99,
    "Unit Price": "",
    "Aldi Category": "Liquor",
    "URL": "https://www.aldi.com.au/en/groceries/liquor/wine/wine-detail/ps/p/taylors-special-release-clare-valley-shiraz-750ml/"
  },
  {
    "Product Name": "Precious Earth Shiraz  750ml",
    "Price": 2.99,
    "Unit Price": "",
    "Aldi Category": "Liquor",
    "URL": "https://www.aldi.com.au/en/groceries/liquor/wine/wine-detail/ps/p/precious-earth-shiraz-750ml/"
  },
  {
    "Product Name": "Luis Felipe Edwards Classic Carménère 750ml",
    "Price": "see price in store",
    "Unit Price": "see price in store*",
    "Aldi Category": "Liquor",
    "URL": "https://www.aldi.com.au/en/groceries/liquor/wine/wine-detail/ps/p/luis-felipe-edwards-classic-carmnere-750ml/"
  },
  {
    "Product Name": "The Pond Cabernet Sauvignon 750ml",
    "Price": 6.99,
    "Unit Price": "",
    "Aldi Category": "Liquor",
    "URL": "https://www.aldi.com.au/en/groceries/liquor/wine/wine-detail/ps/p/the-pond-cabernet-sauvignon-750ml/"
  },
  {
    "Product Name": "The Venturer Series Durif 750ml",
    "Price": 8.99,
    "Unit Price": "",
    "Aldi Category": "Liquor",
    "URL": "https://www.aldi.com.au/en/groceries/liquor/wine/wine-detail/ps/p/the-venturer-series-durif-750ml/"
  },
  {
    "Product Name": "El Toro Macho Reserva 750ml",
    "Price": 8.99,
    "Unit Price": "",
    "Aldi Category": "Liquor",
    "URL": "https://www.aldi.com.au/en/groceries/liquor/wine/wine-detail/ps/p/el-toro-macho-reserva-750ml/"
  },
  {
    "Product Name": "Kaiora Bay Reserve Central Otago Pinot Noir 750ml",
    "Price": 14.99,
    "Unit Price": "",
    "Aldi Category": "Liquor",
    "URL": "https://www.aldi.com.au/en/groceries/liquor/wine/wine-detail/ps/p/kaiora-bay-reserve-central-otago-pinot-noir-750ml/"
  },
  {
    "Product Name": "Expressi Tauro 16pk",
    "Price": 5.99,
    "Unit Price": "37c per capsule",
    "Aldi Category": "Pantry",
    "URL": "https://www.aldi.com.au/en/groceries/pantry/coffee/coffee-detail/ps/p/expressi-tauro/"
  },
  {
    "Product Name": "Blackstone Paddock Barossa Valley Shiraz 750ml",
    "Price": 17.99,
    "Unit Price": "",
    "Aldi Category": "Liquor",
    "URL": "https://www.aldi.com.au/en/groceries/liquor/wine/wine-detail/ps/p/blackstone-paddock-barossa-valley-shiraz-750ml/"
  },
  {
    "Product Name": "Expressi Renzo 16pk",
    "Price": 5.99,
    "Unit Price": "37c per capsule",
    "Aldi Category": "Pantry",
    "URL": "https://www.aldi.com.au/en/groceries/pantry/coffee/coffee-detail/ps/p/expressi-renzo/"
  },
  {
    "Product Name": "One Road Goulburn Valley & King Valley Cabernet Merlot 750ml",
    "Price": 7.49,
    "Unit Price": "",
    "Aldi Category": "Liquor",
    "URL": "https://www.aldi.com.au/en/groceries/liquor/wine/wine-detail/ps/p/one-road-goulburn-valley-king-valley-cabernet-merl/"
  },
  {
    "Product Name": "Blackstone Paddock “The Player” Barossa Valley Shiraz 750ml",
    "Price": 12.99,
    "Unit Price": "",
    "Aldi Category": "Liquor",
    "URL": "https://www.aldi.com.au/en/groceries/liquor/wine/wine-detail/ps/p/blackstone-paddock-the-player-barossa-valley-shira/"
  },
  {
    "Product Name": "Coraggioso Nero D’Avola Sicily, Italy 750ml",
    "Price": 4.99,
    "Unit Price": "",
    "Aldi Category": "Liquor",
    "URL": "https://www.aldi.com.au/en/groceries/liquor/wine/wine-detail/ps/p/coraggioso-nero-davola-sicily-italy-750ml-1/"
  },
  {
    "Product Name": "Piedra Negra Argentinian Malbec 750ml",
    "Price": 10.99,
    "Unit Price": "",
    "Aldi Category": "Liquor",
    "URL": "https://www.aldi.com.au/en/groceries/liquor/wine/wine-detail/ps/p/piedra-negra-argentinian-malbec750ml/"
  },
  {
    "Product Name": "The Tudor Yarra Valley Pinot Noir 750ml",
    "Price": 12.99,
    "Unit Price": "",
    "Aldi Category": "Liquor",
    "URL": "https://www.aldi.com.au/en/groceries/liquor/wine/wine-detail/ps/p/the-tudor-yarra-valley-pinot-noir-750ml/"
  },
  {
    "Product Name": "Château Les Maurins Bordeaux Merlot & Cabernet Sauvignon 750ml",
    "Price": 9.99,
    "Unit Price": "",
    "Aldi Category": "Liquor",
    "URL": "https://www.aldi.com.au/en/groceries/liquor/wine/wine-detail/ps/p/chateau-les-maurins-bordeaux-merlot-cabernet-sauvi/"
  },
  {
    "Product Name": "A.C. Byrne & Co McLaren Vale Shiraz 750ml",
    "Price": 9.99,
    "Unit Price": "",
    "Aldi Category": "Liquor",
    "URL": "https://www.aldi.com.au/en/groceries/liquor/wine/wine-detail/ps/p/ac-byrne-co-mclaren-vale-shiraz-750ml/"
  },
  {
    "Product Name": "Corte Carista Chianti Superiore DOC 750ml",
    "Price": 10.99,
    "Unit Price": "",
    "Aldi Category": "Liquor",
    "URL": "https://www.aldi.com.au/en/groceries/liquor/wine/wine-detail/ps/p/corte-carista-chianti-superiore-doc-750ml/"
  },
  {
    "Product Name": "Small Talk Shiraz 1L",
    "Price": 5.99,
    "Unit Price": "",
    "Aldi Category": "Liquor",
    "URL": "https://www.aldi.com.au/en/groceries/liquor/wine/wine-detail/ps/p/small-talk-shiraz-1l/"
  },
  {
    "Product Name": "One Road South Australia & Heathcote Shiraz 750ml",
    "Price": 7.49,
    "Unit Price": "",
    "Aldi Category": "Liquor",
    "URL": "https://www.aldi.com.au/en/groceries/liquor/wine/wine-detail/ps/p/one-road-south-australia-heathcote-shiraz-750ml/"
  },
  {
    "Product Name": "A.C. Byrne & Co Margaret River Cabernet Merlot 750ml",
    "Price": 9.99,
    "Unit Price": "",
    "Aldi Category": "Liquor",
    "URL": "https://www.aldi.com.au/en/groceries/liquor/wine/wine-detail/ps/p/ac-byrne-co-margaret-river-cabernet-merlot-750ml/"
  },
  {
    "Product Name": "South Point Estate Pink Moscato 750ml",
    "Price": 4.99,
    "Unit Price": "",
    "Aldi Category": "Liquor",
    "URL": "https://www.aldi.com.au/en/groceries/liquor/wine/wine-detail/ps/p/south-point-estate-pink-moscato-750ml/"
  },
  {
    "Product Name": "Pájaro de Buen Agüero Old Vines Garnacha 750ml 750ml",
    "Price": 9.99,
    "Unit Price": "",
    "Aldi Category": "Liquor",
    "URL": "https://www.aldi.com.au/en/groceries/liquor/wine/wine-detail/ps/p/pajaro-de-buen-agueero-old-vines-garnacha-750ml/"
  },
  {
    "Product Name": "El Toro Macho Tempranillo Bobal 750ml",
    "Price": 5.99,
    "Unit Price": "",
    "Aldi Category": "Liquor",
    "URL": "https://www.aldi.com.au/en/groceries/liquor/wine/wine-detail/ps/p/el-toro-macho-tempranillo-bobal-750ml/"
  },
  {
    "Product Name": "Keeper’s Glove Tawny NV 750ml",
    "Price": 4.99,
    "Unit Price": "",
    "Aldi Category": "Liquor",
    "URL": "https://www.aldi.com.au/en/groceries/liquor/wine/wine-detail/ps/p/keepers-glove-tawny-nv-750ml/"
  },
  {
    "Product Name": "Albertson's Reserve Soft Dry Red Cask 4L",
    "Price": 9.99,
    "Unit Price": "",
    "Aldi Category": "Liquor",
    "URL": "https://www.aldi.com.au/en/groceries/liquor/wine/wine-detail/ps/p/albertsons-reserve-soft-dry-red-cask/"
  },
  {
    "Product Name": "Little Birdwood Sweet Red 750ml",
    "Price": 4.99,
    "Unit Price": "",
    "Aldi Category": "Liquor",
    "URL": "https://www.aldi.com.au/en/groceries/liquor/wine/wine-detail/ps/p/little-birdwood-sweet-red-750ml/"
  },
  {
    "Product Name": "Loire Valley Cabernet Franc Rosé 750ml",
    "Price": 8.49,
    "Unit Price": "",
    "Aldi Category": "Liquor",
    "URL": "https://www.aldi.com.au/en/groceries/liquor/wine/wine-detail/ps/p/loire-valley-cabernet-franc-ros-750ml/"
  },
  {
    "Product Name": "Grands Les Maurins Bordeaux Sauvignon Blanc 750ml",
    "Price": 7.99,
    "Unit Price": "",
    "Aldi Category": "Liquor",
    "URL": "https://www.aldi.com.au/en/groceries/liquor/wine/wine-detail/ps/p/grands-les-maurins-bordeaux-sauvignon-blanc-750ml/"
  },
  {
    "Product Name": "Kaiora Bay Marlborough Sauvignon Blanc 750ml",
    "Price": 9.99,
    "Unit Price": "",
    "Aldi Category": "Liquor",
    "URL": "https://www.aldi.com.au/en/groceries/liquor/wine/wine-detail/ps/p/kaiora-bay-marlborough-sauvignon-blanc-750ml-1/"
  },
  {
    "Product Name": "One Road Chardonnay 750ml",
    "Price": 7.49,
    "Unit Price": "",
    "Aldi Category": "Liquor",
    "URL": "https://www.aldi.com.au/en/groceries/liquor/wine/wine-detail/ps/p/one-road-chardonnay-750ml/"
  },
  {
    "Product Name": "Neve Marlborough/Hawkes Bay Sauvignon Blanc 750ml",
    "Price": 6.49,
    "Unit Price": "",
    "Aldi Category": "Liquor",
    "URL": "https://www.aldi.com.au/en/groceries/liquor/wine/wine-detail/ps/p/neve-marlboroughhawkes-bay-sauvignon-blanc-750ml/"
  },
  {
    "Product Name": "Little Birdwood Cabernet Shiraz Merlot 750ml",
    "Price": 4.99,
    "Unit Price": "",
    "Aldi Category": "Liquor",
    "URL": "https://www.aldi.com.au/en/groceries/liquor/wine/wine-detail/ps/p/little-birdwood-cabernet-shiraz-merlot750ml/"
  },
  {
    "Product Name": "François Lurton La Mule Provence Rosé 750ml",
    "Price": 10.99,
    "Unit Price": "",
    "Aldi Category": "Liquor",
    "URL": "https://www.aldi.com.au/en/groceries/liquor/wine/wine-detail/ps/p/francois-lurton-la-mule-provence-ros-750ml/"
  },
  {
    "Product Name": "Claire Creek Merlot 750ml",
    "Price": "see price in store",
    "Unit Price": "see price in store*",
    "Aldi Category": "Liquor",
    "URL": "https://www.aldi.com.au/en/groceries/liquor/wine/wine-detail/ps/p/claire-creek-merlot-750ml/"
  },
  {
    "Product Name": "South Point Estate Rosé 750ml",
    "Price": 4.99,
    "Unit Price": "",
    "Aldi Category": "Liquor",
    "URL": "https://www.aldi.com.au/en/groceries/liquor/wine/wine-detail/ps/p/south-point-estate-ros-750ml/"
  },
  {
    "Product Name": "Loire Valley Sauvignon Blanc 750ml",
    "Price": 8.49,
    "Unit Price": "",
    "Aldi Category": "Liquor",
    "URL": "https://www.aldi.com.au/en/groceries/liquor/wine/wine-detail/ps/p/loire-valley-sauvignon-blanc-750ml/"
  },
  {
    "Product Name": "Brooke James Vintners Shiraz Cask 2L",
    "Price": 8.99,
    "Unit Price": "",
    "Aldi Category": "Liquor",
    "URL": "https://www.aldi.com.au/en/groceries/liquor/wine/wine-detail/ps/p/brooke-james-vintners-shiraz-cask-2l/"
  },
  {
    "Product Name": "Precious Earth Chardonnay 750ml",
    "Price": 2.99,
    "Unit Price": "",
    "Aldi Category": "Liquor",
    "URL": "https://www.aldi.com.au/en/groceries/liquor/wine/wine-detail/ps/p/precious-earth-chardonnay-750ml/"
  },
  {
    "Product Name": "A.C. Byrne & Co Margaret River Sauvignon Blanc Semillon 750ml",
    "Price": 7.99,
    "Unit Price": "",
    "Aldi Category": "Liquor",
    "URL": "https://www.aldi.com.au/en/groceries/liquor/wine/wine-detail/ps/p/ac-byrne-co-margaret-river-sauvignon-blanc-semillo/"
  },
  {
    "Product Name": "A.C. Byrne & Co Margaret River Chardonnay 750ml",
    "Price": 9.99,
    "Unit Price": "",
    "Aldi Category": "Liquor",
    "URL": "https://www.aldi.com.au/en/groceries/liquor/wine/wine-detail/ps/p/ac-byrne-co-margaret-river-chardonnay-750ml/"
  },
  {
    "Product Name": "Sandara Sparkling Sangria 750ml",
    "Price": 7.49,
    "Unit Price": "",
    "Aldi Category": "Liquor",
    "URL": "https://www.aldi.com.au/en/groceries/liquor/wine/wine-detail/ps/p/sandara-sparkling-sangria-750ml/"
  },
  {
    "Product Name": "Brooke James Vitners Premium Cabernet Merlot Cask 2L",
    "Price": 8.99,
    "Unit Price": "",
    "Aldi Category": "Liquor",
    "URL": "https://www.aldi.com.au/en/groceries/liquor/wine/wine-detail/ps/p/brooke-james-vitners-premium-cabernet-merlot-cask/"
  },
  {
    "Product Name": "Kaiora Bay Reserve Marlborough Sauvignon Blanc 750ml",
    "Price": 12.99,
    "Unit Price": "",
    "Aldi Category": "Liquor",
    "URL": "https://www.aldi.com.au/en/groceries/liquor/wine/wine-detail/ps/p/kaiora-bay-reserve-marlborough-sauvignon-blanc-750/"
  },
  {
    "Product Name": "Precious Earth Semillon Sauvignon Blanc 750ml",
    "Price": 2.99,
    "Unit Price": "",
    "Aldi Category": "Liquor",
    "URL": "https://www.aldi.com.au/en/groceries/liquor/wine/wine-detail/ps/p/precious-earth-semillon-sauvignon-blanc750ml/"
  },
  {
    "Product Name": "South Point Estate Sauvignon Blanc 750ml",
    "Price": 4.99,
    "Unit Price": "",
    "Aldi Category": "Liquor",
    "URL": "https://www.aldi.com.au/en/groceries/liquor/wine/wine-detail/ps/p/south-point-estate-sauvignon-blanc-750ml/"
  },
  {
    "Product Name": "Brooke James Vintners Semillon Sauvignon Blanc Cask 2L",
    "Price": 8.99,
    "Unit Price": "",
    "Aldi Category": "Liquor",
    "URL": "https://www.aldi.com.au/en/groceries/liquor/wine/wine-detail/ps/p/brooke-james-vintners-semillon-sauvignon-blanc-cas/"
  },
  {
    "Product Name": "South Point Estate Moscato 750ml",
    "Price": 4.99,
    "Unit Price": "",
    "Aldi Category": "Liquor",
    "URL": "https://www.aldi.com.au/en/groceries/liquor/wine/wine-detail/ps/p/south-point-estate-moscato-750ml/"
  },
  {
    "Product Name": "Villa Elsa Pinot Grigio DOC Delle Venezie 750ml 750ml",
    "Price": 6.99,
    "Unit Price": "",
    "Aldi Category": "Liquor",
    "URL": "https://www.aldi.com.au/en/groceries/liquor/wine/wine-detail/ps/p/villa-elsa-pinot-grigio-doc-delle-venezie-750ml/"
  },
  {
    "Product Name": "Little Birdwood Semillon Sauvignon Blanc 750ml",
    "Price": 4.99,
    "Unit Price": "",
    "Aldi Category": "Liquor",
    "URL": "https://www.aldi.com.au/en/groceries/liquor/wine/wine-detail/ps/p/little-birdwood-semillon-sauvignon-blanc-750ml/"
  },
  {
    "Product Name": "Monsigny Champagne Brut NV 750ml",
    "Price": 22.99,
    "Unit Price": "",
    "Aldi Category": "Liquor",
    "URL": "https://www.aldi.com.au/en/groceries/liquor/champagne-sparkling/champagne-sparkling-detail/ps/p/monsigny-champagne-brut-nv-750ml/"
  },
  {
    "Product Name": "Veuve Olivier French Sparkling Wine NV 750ml",
    "Price": 7.49,
    "Unit Price": "",
    "Aldi Category": "Liquor",
    "URL": "https://www.aldi.com.au/en/groceries/liquor/champagne-sparkling/champagne-sparkling-detail/ps/p/veuve-olivier-french-sparkling-wine-nv-750ml/"
  },
  {
    "Product Name": "South Point Estate Sparkling Chardonnay Pinot Noir NV 750ml",
    "Price": 4.99,
    "Unit Price": "",
    "Aldi Category": "Liquor",
    "URL": "https://www.aldi.com.au/en/groceries/liquor/champagne-sparkling/champagne-sparkling-detail/ps/p/south-point-estate-sparkling-chardonnay-pinot-noir/"
  },
  {
    "Product Name": "South Point Estate Pinot Grigio 750ml",
    "Price": 4.99,
    "Unit Price": "",
    "Aldi Category": "Liquor",
    "URL": "https://www.aldi.com.au/en/groceries/liquor/wine/wine-detail/ps/p/south-point-estate-pinot-grigio-750ml/"
  },
  {
    "Product Name": "Albertson's Reserve Soft Fruity White Cask 4L",
    "Price": 9.99,
    "Unit Price": "",
    "Aldi Category": "Liquor",
    "URL": "https://www.aldi.com.au/en/groceries/liquor/wine/wine-detail/ps/p/albertsons-reserve-soft-fruity-white-cask/"
  },
  {
    "Product Name": "Freya & Jules Watervale, Clare Valley Riesling 750ml",
    "Price": 8.99,
    "Unit Price": "",
    "Aldi Category": "Liquor",
    "URL": "https://www.aldi.com.au/en/groceries/liquor/wine/wine-detail/ps/p/freya-jules-watervale-clare-valley-riesling-750ml/"
  },
  {
    "Product Name": "Claire Creek Sparkling Moscato Rosa NV 750ml",
    "Price": 3.99,
    "Unit Price": "",
    "Aldi Category": "Liquor",
    "URL": "https://www.aldi.com.au/en/groceries/liquor/champagne-sparkling/champagne-sparkling-detail/ps/p/claire-creek-sparkling-moscato-rosa-nv-750ml/"
  },
  {
    "Product Name": "The Pond Pinot Grigio 750ml",
    "Price": 6.99,
    "Unit Price": "",
    "Aldi Category": "Liquor",
    "URL": "https://www.aldi.com.au/en/groceries/liquor/wine/wine-detail/ps/p/the-pond-pinot-grigio-750ml/"
  },
  {
    "Product Name": "Yellowglen Chardonnay Pinot Noir Prosecco Rosé 750ml",
    "Price": 7.99,
    "Unit Price": "",
    "Aldi Category": "Liquor",
    "URL": "https://www.aldi.com.au/en/groceries/liquor/champagne-sparkling/champagne-sparkling-detail/ps/p/yellowglen-chardonnay-pinot-noir-prosecco-ros-750m/"
  },
  {
    "Product Name": "Albertson's Reserve Crisp Dry White Cask 4L",
    "Price": 9.99,
    "Unit Price": "",
    "Aldi Category": "Liquor",
    "URL": "https://www.aldi.com.au/en/groceries/liquor/wine/wine-detail/ps/p/albertsons-reserve-crisp-dry-white-cask/"
  },
  {
    "Product Name": "Claire Creek Sparkling Moscato NV 750ml",
    "Price": 3.99,
    "Unit Price": "",
    "Aldi Category": "Liquor",
    "URL": "https://www.aldi.com.au/en/groceries/liquor/champagne-sparkling/champagne-sparkling-detail/ps/p/claire-creek-sparkling-moscato-nv-750ml/"
  },
  {
    "Product Name": "Corte Carista Prosecco DOC NV 750ml",
    "Price": 9.99,
    "Unit Price": "",
    "Aldi Category": "Liquor",
    "URL": "https://www.aldi.com.au/en/groceries/liquor/champagne-sparkling/champagne-sparkling-detail/ps/p/corte-carista-prosecco-doc-nv-750ml-1/"
  },
  {
    "Product Name": "Yellowglen Chardonnay Pinot Noir & Prosecco 750ml",
    "Price": 7.99,
    "Unit Price": "",
    "Aldi Category": "Liquor",
    "URL": "https://www.aldi.com.au/en/groceries/liquor/champagne-sparkling/champagne-sparkling-detail/ps/p/yellowglen-chardonnay-pinot-noir-prosecco-750ml/"
  },
  {
    "Product Name": "North of Nowhere Pale Ale 12 x 330mL see price in store*",
    "Price": "see price in store",
    "Unit Price": "",
    "Aldi Category": "Liquor",
    "URL": "https://www.aldi.com.au/en/groceries/liquor/beer-cider/beer-cider-detail/ps/p/north-of-nowhere-pale-ale-12-x-330ml/"
  },
  {
    "Product Name": "Storm Brewing Co. Premium Light Lager 6 x 330mL",
    "Price": 7.99,
    "Unit Price": "",
    "Aldi Category": "Liquor",
    "URL": "https://www.aldi.com.au/en/groceries/liquor/beer-cider/beer-cider-detail/ps/p/storm-brewing-co-premium-light-lager-6-x-330ml/"
  },
  {
    "Product Name": "Storm Brewing Co. Premium Light Lager 24 x 330mL see price in store*",
    "Price": "see price in store",
    "Unit Price": "",
    "Aldi Category": "Liquor",
    "URL": "https://www.aldi.com.au/en/groceries/liquor/beer-cider/beer-cider-detail/ps/p/storm-brewing-co-premium-light-lager-24-x-330ml/"
  },
  {
    "Product Name": "Vallée Des Secrets Sparkling Cuvée NV 750ml",
    "Price": 12.99,
    "Unit Price": "",
    "Aldi Category": "Liquor",
    "URL": "https://www.aldi.com.au/en/groceries/liquor/champagne-sparkling/champagne-sparkling-detail/ps/p/valle-des-secrets-sparkling-cuve-nv-750ml/"
  },
  {
    "Product Name": "Rivet Gold 12pk see price in store*",
    "Price": "see price in store",
    "Unit Price": "",
    "Aldi Category": "Liquor",
    "URL": "https://www.aldi.com.au/en/groceries/liquor/beer-cider/beer-cider-detail/ps/p/rivet-gold-12pk/"
  },
  {
    "Product Name": "Fraser Briggs Premium Lager 6 x 330mL",
    "Price": 9.99,
    "Unit Price": "",
    "Aldi Category": "Liquor",
    "URL": "https://www.aldi.com.au/en/groceries/liquor/beer-cider/beer-cider-detail/ps/p/fraser-briggs-premium-lager-6-x-330ml-2/"
  },
  {
    "Product Name": "Cape Cyan Natural Blonde Beer 6 x 330mL",
    "Price": 9.99,
    "Unit Price": "",
    "Aldi Category": "Liquor",
    "URL": "https://www.aldi.com.au/en/groceries/liquor/beer-cider/beer-cider-detail/ps/p/cape-cyan-natural-blonde-beer-6-x-330ml/"
  },
  {
    "Product Name": "Rivet Lager 24 x 330mL see price in store*",
    "Price": "see price in store",
    "Unit Price": "",
    "Aldi Category": "Liquor",
    "URL": "https://www.aldi.com.au/en/groceries/liquor/beer-cider/beer-cider-detail/ps/p/rivet-lager-24-x-330ml/"
  },
  {
    "Product Name": "Carlton Dry 12 x 330ml",
    "Price": 24.99,
    "Unit Price": "",
    "Aldi Category": "Liquor",
    "URL": "https://www.aldi.com.au/en/groceries/liquor/beer-cider/beer-cider-detail/ps/p/carlton-dry-12-x-330ml/"
  },
  {
    "Product Name": "Storm Brewing Co. Premium Super Dry Beer 6 x 330mL",
    "Price": 9.99,
    "Unit Price": "",
    "Aldi Category": "Liquor",
    "URL": "https://www.aldi.com.au/en/groceries/liquor/beer-cider/beer-cider-detail/ps/p/storm-brewing-co-premium-super-dry-beer-6-x-330ml/"
  },
  {
    "Product Name": "Sainte Etienne Premium Lager 6 x 330mL",
    "Price": 8.99,
    "Unit Price": "",
    "Aldi Category": "Liquor",
    "URL": "https://www.aldi.com.au/en/groceries/liquor/beer-cider/beer-cider-detail/ps/p/sainte-etienne-imported-premium-lager-6-x-330ml/"
  },
  {
    "Product Name": "Coopers Original Pale Ale 12 x 375mL see price in store*",
    "Price": "see price in store",
    "Unit Price": "",
    "Aldi Category": "Liquor",
    "URL": "https://www.aldi.com.au/en/groceries/liquor/beer-cider/beer-cider-detail/ps/p/coopers-original-pale-ale-12-x-375ml-1/"
  },
  {
    "Product Name": "Cape Cyan Natural Blonde Beer 24 x 330mL see price in store*",
    "Price": "see price in store",
    "Unit Price": "",
    "Aldi Category": "Liquor",
    "URL": "https://www.aldi.com.au/en/groceries/liquor/beer-cider/beer-cider-detail/ps/p/cape-cyan-natural-blonde-beer-24-x-330ml/"
  },
  {
    "Product Name": "Corona Lager 12 x 355mL see price in store*",
    "Price": "see price in store",
    "Unit Price": "",
    "Aldi Category": "Liquor",
    "URL": "https://www.aldi.com.au/en/groceries/liquor/beer-cider/beer-cider-detail/ps/p/corona-lager-12-x-355ml-4/"
  },
  {
    "Product Name": "Devil's Orchard Pear Cider 6 x 330mL",
    "Price": 9.99,
    "Unit Price": "",
    "Aldi Category": "Liquor",
    "URL": "https://www.aldi.com.au/en/groceries/liquor/beer-cider/beer-cider-detail/ps/p/devils-orchard-pear-cider-6-x-330ml/"
  },
  {
    "Product Name": "Somersby Apple Cider 10 x 330mL see price in store*",
    "Price": "see price in store",
    "Unit Price": "",
    "Aldi Category": "Liquor",
    "URL": "https://www.aldi.com.au/en/groceries/liquor/beer-cider/beer-cider-detail/ps/p/somersby-apple-cider-10-x-330ml/"
  },
  {
    "Product Name": "Sainte Etienne Premium Lager 24 x 330mL see price in store*",
    "Price": "see price in store",
    "Unit Price": "",
    "Aldi Category": "Liquor",
    "URL": "https://www.aldi.com.au/en/groceries/liquor/beer-cider/beer-cider-detail/ps/p/sainte-etienne-premium-lager-24-x-330ml/"
  },
  {
    "Product Name": "Storm Brewing Co. Premium Super Dry Beer 24 x 330mL see price in store*",
    "Price": "see price in store",
    "Unit Price": "",
    "Aldi Category": "Liquor",
    "URL": "https://www.aldi.com.au/en/groceries/liquor/beer-cider/beer-cider-detail/ps/p/storm-brewing-co-premium-super-dry-beer-24-x-330ml-1/"
  },
  {
    "Product Name": "Fraser Briggs Premium Lager 24 x 330mL see price in store*",
    "Price": "see price in store",
    "Unit Price": "",
    "Aldi Category": "Liquor",
    "URL": "https://www.aldi.com.au/en/groceries/liquor/beer-cider/beer-cider-detail/ps/p/fraser-briggs-premium-lager-24-x-330ml-1/"
  },
  {
    "Product Name": "Renberg Apple Cider 500mL",
    "Price": 2.99,
    "Unit Price": "",
    "Aldi Category": "Liquor",
    "URL": "https://www.aldi.com.au/en/groceries/liquor/beer-cider/beer-cider-detail/ps/p/renberg-apple-cider-500ml/"
  },
  {
    "Product Name": "Storm Brewing Co. Apple Cider 10 x 375mL",
    "Price": 16.99,
    "Unit Price": "",
    "Aldi Category": "Liquor",
    "URL": "https://www.aldi.com.au/en/groceries/liquor/beer-cider/beer-cider-detail/ps/p/storm-brewing-co-apple-cider-10-x-375ml/"
  },
  {
    "Product Name": "Tamova Quadruple Distilled Vodka 700ml",
    "Price": 29.99,
    "Unit Price": "",
    "Aldi Category": "Liquor",
    "URL": "https://www.aldi.com.au/en/groceries/liquor/spirits/spirits-detail/ps/p/tamova-quadruple-distilled-vodka-700ml-2/"
  },
  {
    "Product Name": "Darley’s London Style Gin 700ml",
    "Price": 29.99,
    "Unit Price": "",
    "Aldi Category": "Liquor",
    "URL": "https://www.aldi.com.au/en/groceries/liquor/spirits/spirits-detail/ps/p/darleys-london-style-gin-700ml/"
  },
  {
    "Product Name": "Renberg Swedish Pear Cider 500mL",
    "Price": 2.99,
    "Unit Price": "",
    "Aldi Category": "Liquor",
    "URL": "https://www.aldi.com.au/en/groceries/liquor/beer-cider/beer-cider-detail/ps/p/renberg-swedish-pear-cider-500ml/"
  },
  {
    "Product Name": "Highland Earl Blended Scotch Whisky 700ml",
    "Price": 32.99,
    "Unit Price": "",
    "Aldi Category": "Liquor",
    "URL": "https://www.aldi.com.au/en/groceries/liquor/spirits/spirits-detail/ps/p/highland-earl-blended-scotch-whisky-700ml-1/"
  },
  {
    "Product Name": "Baroque Brandy 700ml",
    "Price": 29.99,
    "Unit Price": "",
    "Aldi Category": "Liquor",
    "URL": "https://www.aldi.com.au/en/groceries/liquor/spirits/spirits-detail/ps/p/baroque-brandy-700ml-2/"
  },
  {
    "Product Name": "Leo Imported Lager 12 x 330mL",
    "Price": 18.99,
    "Unit Price": "",
    "Aldi Category": "Liquor",
    "URL": "https://www.aldi.com.au/en/groceries/liquor/beer-cider/beer-cider-detail/ps/p/leo-imported-lager-12-x-330ml/"
  },
  {
    "Product Name": "Striganov Vodka Crush Guava 4pk",
    "Price": 9.99,
    "Unit Price": "",
    "Aldi Category": "Liquor",
    "URL": "https://www.aldi.com.au/en/groceries/liquor/spirits/spirits-detail/ps/p/striganov-vodka-crush-guava-4pk/"
  },
  {
    "Product Name": "Bluegrass Kentucky Straight Bourbon Whiskey & Cola 6pk 6pk",
    "Price": 17.99,
    "Unit Price": "",
    "Aldi Category": "Liquor",
    "URL": "https://www.aldi.com.au/en/groceries/liquor/spirits/spirits-detail/ps/p/bluegrass-kentucky-straight-bourbon-whiskey-cola-6/"
  },
  {
    "Product Name": "Jim Beam Bourbon 700mL",
    "Price": 37.95,
    "Unit Price": "",
    "Aldi Category": "Liquor",
    "URL": "https://www.aldi.com.au/en/groceries/liquor/spirits/spirits-detail/ps/p/jim-beam-bourbon-700ml/"
  },
  {
    "Product Name": "Striganov Vodka Crush Raspberry 4pk",
    "Price": 9.99,
    "Unit Price": "",
    "Aldi Category": "Liquor",
    "URL": "https://www.aldi.com.au/en/groceries/liquor/spirits/spirits-detail/ps/p/striganov-vodka-crush-crush-raspberry-4pk/"
  },
  {
    "Product Name": "Baileys Irish Cream 700mL",
    "Price": 29.95,
    "Unit Price": "",
    "Aldi Category": "Liquor",
    "URL": "https://www.aldi.com.au/en/groceries/liquor/spirits/spirits-detail/ps/p/baileys-irish-cream-700ml/"
  },
  {
    "Product Name": "Striganov Vodka Crush Lemon Lime 4pk",
    "Price": 9.99,
    "Unit Price": "",
    "Aldi Category": "Liquor",
    "URL": "https://www.aldi.com.au/en/groceries/liquor/spirits/spirits-detail/ps/p/striganov-vodka-crush-lemon-lime-4pk/"
  },
  {
    "Product Name": "Striganov Vodka Crush Watermelon 4pk",
    "Price": 9.99,
    "Unit Price": "",
    "Aldi Category": "Liquor",
    "URL": "https://www.aldi.com.au/en/groceries/liquor/spirits/spirits-detail/ps/p/striganov-vodka-crush-watermelon-4pk/"
  },
  {
    "Product Name": "A.C. Byrne & Co. Margaret River Cabernet Merlot",
    "Price": 9.99,
    "Unit Price": "",
    "Aldi Category": "Liquor",
    "URL": "https://www.aldi.com.au/en/groceries/liquor/liquor-now-available-in-wa/wa-wine-detail/ps/p/ac-byrne-co-margaret-river-cabernet-merlot-2013/"
  },
  {
    "Product Name": "A.C. Byrne & Co. Margaret River Chardonnay",
    "Price": 9.99,
    "Unit Price": "",
    "Aldi Category": "Liquor",
    "URL": "https://www.aldi.com.au/en/groceries/liquor/liquor-now-available-in-wa/wa-wine-detail/ps/p/ac-byrne-co-margaret-river-chardonnay-2014/"
  },
  {
    "Product Name": "A.C. Byrne & Co. Margaret River Semillon Sauvignon Blanc",
    "Price": 7.99,
    "Unit Price": "",
    "Aldi Category": "Liquor",
    "URL": "https://www.aldi.com.au/en/groceries/liquor/liquor-now-available-in-wa/wa-wine-detail/ps/p/ac-byrne-co-margaret-river-semillon-sauvignon-blan/"
  },
  {
    "Product Name": "Blackstone Paddock Margaret River Cabernet Sauvignon",
    "Price": 17.99,
    "Unit Price": "",
    "Aldi Category": "Liquor",
    "URL": "https://www.aldi.com.au/en/groceries/liquor/liquor-now-available-in-wa/wa-wine-detail/ps/p/blackstone-paddock-margaret-river-cabernet-sauvign-1/"
  },
  {
    "Product Name": "Highland Black 8YO Blended Scotch Whisky 700ml",
    "Price": 36.99,
    "Unit Price": "",
    "Aldi Category": "Liquor",
    "URL": "https://www.aldi.com.au/en/groceries/liquor/spirits/spirits-detail/ps/p/highland-black-8yo-blended-scotch-whisky-700ml/"
  },
  {
    "Product Name": "One Road South Australian & Heathcote Shiraz",
    "Price": 6.99,
    "Unit Price": "",
    "Aldi Category": "Liquor",
    "URL": "https://www.aldi.com.au/en/groceries/liquor/liquor-now-available-in-wa/wa-wine-detail/ps/p/one-road-south-australian-heathcote-shiraz/"
  },
  {
    "Product Name": "Bluegrass Kentucky Bourbon 700ml",
    "Price": 31.49,
    "Unit Price": "",
    "Aldi Category": "Liquor",
    "URL": "https://www.aldi.com.au/en/groceries/liquor/spirits/spirits-detail/ps/p/bluegrass-kentucky-bourbon-700ml/"
  },
  {
    "Product Name": "O’Donnells Irish Country Cream Liqueur 700ml",
    "Price": 13.99,
    "Unit Price": "",
    "Aldi Category": "Liquor",
    "URL": "https://www.aldi.com.au/en/groceries/liquor/spirits/spirits-detail/ps/p/odonnells-irish-country-cream-liqueur-700ml/"
  },
  {
    "Product Name": "Devil’s Orchard Apple Cider 6 x 330mL",
    "Price": 9.99,
    "Unit Price": "",
    "Aldi Category": "Liquor",
    "URL": "https://www.aldi.com.au/en/groceries/liquor/beer-cider/beer-cider-detail/ps/p/devils-orchard-apple-cider-6-x-330ml/"
  },
  {
    "Product Name": "Veuve Monsigny Brut Champagne NV",
    "Price": 19.99,
    "Unit Price": "",
    "Aldi Category": "Liquor",
    "URL": "https://www.aldi.com.au/en/groceries/liquor/liquor-now-available-in-wa/wa-wine-detail/ps/p/veuve-monsigny-brut-champagne-nv-1/"
  }
]