[
  {
    "Brand_Product_Size": "Head & Shoulders Conditioner Smooth & Silky 660mL",
    "COL Price": 17,
    "COL ppu": "$2.58 per 100mL",
    "COL Size": "660mL"
  },
  {
    "Brand_Product_Size": "Coles Jujube Prepack 400g",
    "COL Price": 9.9,
    "COL ppu": "$24.75 per 1Kg",
    "COL Size": "400g"
  },
  {
    "Brand_Product_Size": "The Spice Tailor Malabar Biryani 360g",
    "COL Price": 5.5,
    "COL ppu": "$1.53 per 100G",
    "COL Size": "360g"
  },
  {
    "Brand_Product_Size": "Fantastic Crispy Bacon Noodle Cup 70g",
    "COL Price": 1.6,
    "COL ppu": "$2.29 per 100G",
    "COL Size": "70g"
  },
  {
    "Brand_Product_Size": "McCain Frozen Ham & Pineapple Family Pizza 500g",
    "COL Price": 5.5,
    "COL ppu": "$1.10 per 100G",
    "COL Size": "500g"
  },
  {
    "Brand_Product_Size": "Perfect Italiano Grated Cheese Perfect Bakes 250g",
    "COL Price": 4.25,
    "COL ppu": "$17.00 per 1Kg",
    "COL Size": "250g"
  },
  {
    "Brand_Product_Size": "Nivea Sun Protect & Moisture SPF 50+ 1L",
    "COL Price": 30,
    "COL ppu": "$3.00 per 100mL",
    "COL Size": "1L"
  },
  {
    "Brand_Product_Size": "Sistema To Go Mini Bites 3 pack",
    "COL Price": 6,
    "COL ppu": "$2.00 per 1Ea",
    "COL Size": "3 pack"
  },
  {
    "Brand_Product_Size": "Peters Drumstick Caramel Swirl Ice Cream Cones 4 pack 475mL",
    "COL Price": 5,
    "COL ppu": "$1.05 per 100mL",
    "COL Size": "475mL"
  },
  {
    "Brand_Product_Size": "Tena Level 2 Incontinence Pouches For Men 10 pack",
    "COL Price": 8,
    "COL ppu": "$0.80 per 1Ea",
    "COL Size": "10 pack"
  },
  {
    "Brand_Product_Size": "Twinings Chai & Vanilla Tea Bags 10 pack 20g",
    "COL Price": 2.9,
    "COL ppu": "$0.29 per 1Ea",
    "COL Size": "20g"
  },
  {
    "Brand_Product_Size": "Cook & Dine Speed Peeler each",
    "COL Price": 2,
    "COL ppu": "$2.00 per 1Ea",
    "COL Size": "each"
  },
  {
    "Brand_Product_Size": "Coles Chicken Pho With Noodles Soup Serves 2 60g",
    "COL Price": 1,
    "COL ppu": "$1.67 per 100G",
    "COL Size": "60g"
  },
  {
    "Brand_Product_Size": "Bepanthen Antiseptic Soothing Cream 100g",
    "COL Price": 12,
    "COL ppu": "$12.00 per 100G",
    "COL Size": "100g"
  },
  {
    "Brand_Product_Size": "Big M Original Chocolate Flavoured Milk 2L",
    "COL Price": 4.3,
    "COL ppu": "$2.15 per 1L",
    "COL Size": "2L"
  },
  {
    "Brand_Product_Size": "Tooshies By Tom Organic Bamboo Nappies Size 2 Infant 48 pack",
    "COL Price": 20,
    "COL ppu": "$0.42 per 1Ea",
    "COL Size": "48 pack"
  },
  {
    "Brand_Product_Size": "Nivea Soft Cream Lotion Moisturiser  + Jojoba Oil & Vitamin E 200mL",
    "COL Price": 10,
    "COL ppu": "$5.00 per 100mL",
    "COL Size": "200mL"
  },
  {
    "Brand_Product_Size": "Stain Go Stain Remover 200mL",
    "COL Price": 9,
    "COL ppu": "$45.00 per 1L",
    "COL Size": "200mL"
  },
  {
    "Brand_Product_Size": "Bulla Creamy Classics Cookies & Cream Ice Cream Tub 2L",
    "COL Price": 8.5,
    "COL ppu": "$0.43 per 100mL",
    "COL Size": "2L"
  },
  {
    "Brand_Product_Size": "Coles Kitchen Chicken & Mushroom Pie 700g",
    "COL Price": 13.5,
    "COL ppu": "$1.93 per 100G",
    "COL Size": "700g"
  },
  {
    "Brand_Product_Size": "L'Oreal Paris Intense Nutrition Day Cream 50mL",
    "COL Price": 24.5,
    "COL ppu": "$49.00 per 100mL",
    "COL Size": "50mL"
  },
  {
    "Brand_Product_Size": "Air Wick Pure Cherry Blossom Fragrance Infused With Essential Oil 19mL 2 pack",
    "COL Price": 10,
    "COL ppu": "$5.00 per 1Ea",
    "COL Size": "2 pack"
  },
  {
    "Brand_Product_Size": "Table Of Plenty Single Rice Cakes Milk Chocolate 30g",
    "COL Price": 1.95,
    "COL ppu": "$6.50 per 100G",
    "COL Size": "30g"
  },
  {
    "Brand_Product_Size": "Pantene Smooth & Sleek Conditioner 375mL",
    "COL Price": 8,
    "COL ppu": "$2.13 per 100mL",
    "COL Size": "375mL"
  },
  {
    "Brand_Product_Size": "Mount Franklin Pure Spring Water 500mL 6 pack",
    "COL Price": 4.3,
    "COL ppu": "$1.43 per 1L",
    "COL Size": "6 pack"
  },
  {
    "Brand_Product_Size": "Sanitarium Weet-Bix Breakfast Cereal 575g",
    "COL Price": 3.8,
    "COL ppu": "$0.66 per 100G",
    "COL Size": "575g"
  },
  {
    "Brand_Product_Size": "Coles Finest Tasmanian Goats Cheese 300g",
    "COL Price": 9.7,
    "COL ppu": "$3.23 per 100G",
    "COL Size": "300g"
  },
  {
    "Brand_Product_Size": "KanTong Honey Teriyaki Chicken Cooking Sauce 510g",
    "COL Price": 3.3,
    "COL ppu": "$0.65 per 100G",
    "COL Size": "510g"
  },
  {
    "Brand_Product_Size": "Coles Frozen Vegetable Samosas 10 Pack 300g",
    "COL Price": 5,
    "COL ppu": "$1.67 per 100G",
    "COL Size": "300g"
  },
  {
    "Brand_Product_Size": "Wellness Road Australian Polenta 500g",
    "COL Price": 2.8,
    "COL ppu": "$0.56 per 100G",
    "COL Size": "500g"
  },
  {
    "Brand_Product_Size": "Coles Celery Sticks Prepacked 300g",
    "COL Price": 4.5,
    "COL ppu": "$15.00 per 1Kg",
    "COL Size": "300g"
  },
  {
    "Brand_Product_Size": "Continental Cup A Soup Roast Chicken Hearty Soup Serves 2 75g",
    "COL Price": 2.1,
    "COL ppu": "$2.80 per 100G",
    "COL Size": "75g"
  },
  {
    "Brand_Product_Size": "Danone The Ultimate Black Cherry Yoghurt 4x115g 4 pack",
    "COL Price": 4.5,
    "COL ppu": "$0.98 per 100G",
    "COL Size": "4 pack"
  },
  {
    "Brand_Product_Size": "Scholl Gel Activ Work Women 1 each",
    "COL Price": 28,
    "COL ppu": "",
    "COL Size": "1 each"
  },
  {
    "Brand_Product_Size": "Coles 2 Basmati Rice Cup 250g",
    "COL Price": 2,
    "COL ppu": "$0.80 per 100G",
    "COL Size": "250g"
  },
  {
    "Brand_Product_Size": "Epzen Magnesium Bath Crystals Soothe 900g",
    "COL Price": 12.95,
    "COL ppu": "$1.44 per 100G",
    "COL Size": "900g"
  },
  {
    "Brand_Product_Size": "Dove Restoring Ritual Conditioner Coconut Oil & Turmeric 640mL",
    "COL Price": 11.9,
    "COL ppu": "$1.86 per 100mL",
    "COL Size": "640mL"
  },
  {
    "Brand_Product_Size": "Black Swan French Onion Dip 200g",
    "COL Price": 3.5,
    "COL ppu": "$1.75 per 100G",
    "COL Size": "200g"
  },
  {
    "Brand_Product_Size": "Coles Chicken & Corn Soup Pouch 430g",
    "COL Price": 2.7,
    "COL ppu": "$0.63 per 100mL",
    "COL Size": "430g"
  },
  {
    "Brand_Product_Size": "Moro Delicado Light Taste Olive Oil 1L",
    "COL Price": 12,
    "COL ppu": "$1.20 per 100mL",
    "COL Size": "1L"
  },
  {
    "Brand_Product_Size": "Coles Trio Of Olives & Roasted Capsicum Dip 150g",
    "COL Price": 2.85,
    "COL ppu": "$1.90 per 100G",
    "COL Size": "150g"
  },
  {
    "Brand_Product_Size": "Oppenheimer Tinny Taffy 50 Pack 575g",
    "COL Price": 17,
    "COL ppu": "$2.96 per 100G",
    "COL Size": "575g"
  },
  {
    "Brand_Product_Size": "Lo Bros Organic Kombucha Raspberry Lemon Drink Chilled 750mL",
    "COL Price": 5,
    "COL ppu": "$6.67 per 1L",
    "COL Size": "750mL"
  },
  {
    "Brand_Product_Size": "Sunsilk Conditioner Summer Care 700mL",
    "COL Price": 10,
    "COL ppu": "$1.43 per 100mL",
    "COL Size": "700mL"
  },
  {
    "Brand_Product_Size": "Purina Total Care Heartwormer, Allwormer & Flea Control  for Small Dogs 1 pack",
    "COL Price": 22,
    "COL ppu": "$22.00 per 1Ea",
    "COL Size": "1 pack"
  },
  {
    "Brand_Product_Size": "Tommee Tippee Easiflow 360 Lip Activated Cup 200mL 6 Months + 1 pack",
    "COL Price": 9.6,
    "COL ppu": "$9.60 per 1Ea",
    "COL Size": "1 pack"
  },
  {
    "Brand_Product_Size": "Coles Baby Capers 110g",
    "COL Price": 1.9,
    "COL ppu": "$17.27 per 1Kg",
    "COL Size": "110g"
  },
  {
    "Brand_Product_Size": "Coles Gluten Free White Rolls 2 pack 140g",
    "COL Price": 3,
    "COL ppu": "$2.14 per 100G",
    "COL Size": "140g"
  },
  {
    "Brand_Product_Size": "Plumrose Canned Spiced Ham 340g",
    "COL Price": 4.95,
    "COL ppu": "$14.56 per 1Kg",
    "COL Size": "340g"
  },
  {
    "Brand_Product_Size": "Peters Drumstick Minis Classic Vanilla Ice Cream Cones 6 pack 490mL",
    "COL Price": 5,
    "COL ppu": "$1.02 per 100mL",
    "COL Size": "490mL"
  },
  {
    "Brand_Product_Size": "Coles Urban Coffee Culture Intensity 7 Whole Roast Beans Medium 1kg",
    "COL Price": 12,
    "COL ppu": "$12.00 per 1Kg",
    "COL Size": "1kg"
  },
  {
    "Brand_Product_Size": "Genius Gluten Free Farmhouse Triple Seeded Bread Loaf 535g",
    "COL Price": 6,
    "COL ppu": "$1.12 per 100G",
    "COL Size": "535g"
  },
  {
    "Brand_Product_Size": "Naturopathica Horny Goat Weed for Him 50 pack",
    "COL Price": 40,
    "COL ppu": "$0.80 per 1Ea",
    "COL Size": "50 pack"
  },
  {
    "Brand_Product_Size": "Only Organic Banana Mixed Berry Coconut Chia 100g",
    "COL Price": 2.8,
    "COL ppu": "$2.80 per 100G",
    "COL Size": "100g"
  },
  {
    "Brand_Product_Size": "Coles Pink Lady Apples Loose approx. 200g",
    "COL Price": 0.7,
    "COL ppu": "$3.50 per 1Kg",
    "COL Size": "approx. 200g"
  },
  {
    "Brand_Product_Size": "Rafferty's Garden 4M+ My First Apple 120g",
    "COL Price": 1.5,
    "COL ppu": "$1.25 per 100G",
    "COL Size": "120g"
  },
  {
    "Brand_Product_Size": "Coles Ultra Sunscreen SPF 50+ 200mL",
    "COL Price": 5,
    "COL ppu": "$2.50 per 100mL",
    "COL Size": "200mL"
  },
  {
    "Brand_Product_Size": "Beechworth Bee Raw Honey & Honeycomb 350g",
    "COL Price": 12,
    "COL ppu": "$3.43 per 100G",
    "COL Size": "350g"
  },
  {
    "Brand_Product_Size": "Schwarzkopf Colour Specialist 5-1 Cool Light Brown 1 pack",
    "COL Price": 19,
    "COL ppu": "$19.00 per 1Ea",
    "COL Size": "1 pack"
  },
  {
    "Brand_Product_Size": "Coco Earth Premium Liquid Coconut Oil 500mL",
    "COL Price": 11,
    "COL ppu": "$2.20 per 100mL",
    "COL Size": "500mL"
  },
  {
    "Brand_Product_Size": "Coles Sweet Symphony Platter each",
    "COL Price": 35,
    "COL ppu": "$35.00 per 1Ea",
    "COL Size": "each"
  },
  {
    "Brand_Product_Size": "Leggo's Organic Tomato Paste Jar 500g",
    "COL Price": 4.85,
    "COL ppu": "$0.97 per 100G",
    "COL Size": "500g"
  },
  {
    "Brand_Product_Size": "Coles Nature's Kitchen Vegetable Spring Rolls 216g",
    "COL Price": 6,
    "COL ppu": "$2.78 per 100G",
    "COL Size": "216g"
  },
  {
    "Brand_Product_Size": "Scentilla Pear & Verbena Soy Blend Double Wicked Candle 260g",
    "COL Price": 13,
    "COL ppu": "$5.00 per 100G",
    "COL Size": "260g"
  },
  {
    "Brand_Product_Size": "Coles Vietnamese Mint Punnet 15g",
    "COL Price": 3,
    "COL ppu": "$3.00 per 15G",
    "COL Size": "15g"
  },
  {
    "Brand_Product_Size": "Coles I'M Free From Shortbread Creams 144g",
    "COL Price": 3.5,
    "COL ppu": "$2.43 per 100G",
    "COL Size": "144g"
  },
  {
    "Brand_Product_Size": "Twinings English Breakfast Tea Bags 100 pack 200g",
    "COL Price": 5.6,
    "COL ppu": "$0.06 per 1Ea",
    "COL Size": "200g"
  },
  {
    "Brand_Product_Size": "Auricchio Grana Padano Basile Imports approx. 250g",
    "COL Price": 12,
    "COL ppu": "$48.00 per 1Kg",
    "COL Size": "approx. 250g"
  },
  {
    "Brand_Product_Size": "British Sausage Co Unsmoked Back Bacon 200g",
    "COL Price": 7,
    "COL ppu": "$35.00 per 1Kg",
    "COL Size": "200g"
  },
  {
    "Brand_Product_Size": "TLY Joyce Silken Firm Tofu 300g",
    "COL Price": 3.2,
    "COL ppu": "$1.07 per 100G",
    "COL Size": "300g"
  },
  {
    "Brand_Product_Size": "OB Finest Entertaining Pack 310g",
    "COL Price": 10.5,
    "COL ppu": "$3.39 per 100G",
    "COL Size": "310g"
  },
  {
    "Brand_Product_Size": "Heinz Beanz BBQ Sauce 555g",
    "COL Price": 2.5,
    "COL ppu": "$0.45 per 100G",
    "COL Size": "555g"
  },
  {
    "Brand_Product_Size": "Nivea Men Protect & Care Moisturising Shaving Foam + Aloe Vera 200mL",
    "COL Price": 2.9,
    "COL ppu": "$1.45 per 100mL",
    "COL Size": "200mL"
  },
  {
    "Brand_Product_Size": "Coles Blueberries Prepacked 125g",
    "COL Price": 7.5,
    "COL ppu": "$60.00 per 1Kg",
    "COL Size": "125g"
  },
  {
    "Brand_Product_Size": "Nature's Way Vita Gummies Sugar Free Vitamin C Sugar Free Tablets 65 pack",
    "COL Price": 20,
    "COL ppu": "",
    "COL Size": "65 pack"
  },
  {
    "Brand_Product_Size": "Coles Green Cayenne Chillies Loose approx. 50g",
    "COL Price": 1.2,
    "COL ppu": "$24.00 per 1Kg",
    "COL Size": "approx. 50g"
  },
  {
    "Brand_Product_Size": "Alicos Organic Sicilian Cherry Tomato Puree Passata 660g",
    "COL Price": 5,
    "COL ppu": "$0.76 per 100G",
    "COL Size": "660g"
  },
  {
    "Brand_Product_Size": "Royal Fields Corn Flour 1kg",
    "COL Price": 4.8,
    "COL ppu": "$4.80 per 1Kg",
    "COL Size": "1kg"
  },
  {
    "Brand_Product_Size": "Leiber's Mr Chip Premium Cookie 310g",
    "COL Price": 7.5,
    "COL ppu": "$2.42 per 100G",
    "COL Size": "310g"
  },
  {
    "Brand_Product_Size": "Fussy Cat Cat Food Pouch Bites & Fish Gravy 80g 12 pack",
    "COL Price": 12.5,
    "COL ppu": "$1.30 per 100G",
    "COL Size": "12 pack"
  },
  {
    "Brand_Product_Size": "Crave Real Turkey Cuts In Gravy Cat Food 75g",
    "COL Price": 2.2,
    "COL ppu": "$2.93 per 100G",
    "COL Size": "75g"
  },
  {
    "Brand_Product_Size": "Jinmailang Long XU Noodle 1kg",
    "COL Price": 2.5,
    "COL ppu": "$2.50 per 1Kg",
    "COL Size": "1kg"
  },
  {
    "Brand_Product_Size": "Starbucks Latte Premium Instant Mixes 5 pack",
    "COL Price": 2.95,
    "COL ppu": "$0.59 per 1Ea",
    "COL Size": "5 pack"
  },
  {
    "Brand_Product_Size": "Beerenberg Australian Strawberry Jam 300g",
    "COL Price": 5,
    "COL ppu": "$1.67 per 100G",
    "COL Size": "300g"
  },
  {
    "Brand_Product_Size": "Vanish Stain Remover Fabric Powder 2.7kg",
    "COL Price": 30,
    "COL ppu": "$11.11 per 1Kg",
    "COL Size": "2.7kg"
  },
  {
    "Brand_Product_Size": "Pirro Macherroni Al Ferretto Pasta 500g",
    "COL Price": 4.95,
    "COL ppu": "$0.99 per 100G",
    "COL Size": "500g"
  },
  {
    "Brand_Product_Size": "Babylove Unisex Cosifit Crawler Nappy 6-11 Kg Size 3 40 pack",
    "COL Price": 14,
    "COL ppu": "$0.35 per 1Ea",
    "COL Size": "40 pack"
  },
  {
    "Brand_Product_Size": "Peckish Tangy BBQ Rice Crackers 100g",
    "COL Price": 2.2,
    "COL ppu": "$2.20 per 100G",
    "COL Size": "100g"
  },
  {
    "Brand_Product_Size": "Lavazza Expresso Intensita 10 Ground Coffee 16 Capsules 16 pack",
    "COL Price": 11,
    "COL ppu": "$0.69 per 1Ea",
    "COL Size": "16 pack"
  },
  {
    "Brand_Product_Size": "Lavazza Espresso Intenso Intensita 13 Ground Coffee 16 Capsules 120g",
    "COL Price": 11,
    "COL ppu": "$9.17 per 100G",
    "COL Size": "120g"
  },
  {
    "Brand_Product_Size": "St Remio Coffee Expressi/Caffitaly Supreme Capsules 10 pack",
    "COL Price": 3.75,
    "COL ppu": "$0.38 per 1Ea",
    "COL Size": "10 pack"
  },
  {
    "Brand_Product_Size": "Queen Victoria Green Tea 50 pack",
    "COL Price": 6,
    "COL ppu": "$0.12 per 1Ea",
    "COL Size": "50 pack"
  },
  {
    "Brand_Product_Size": "Mount Franklin Pure Spring Water 1L 6 pack",
    "COL Price": 8.05,
    "COL ppu": "$1.34 per 1L",
    "COL Size": "6 pack"
  },
  {
    "Brand_Product_Size": "Kleenex Everyday 2 Ply Kids Facial Tissues 200 pack",
    "COL Price": 2,
    "COL ppu": "$1.00 per 100Ea",
    "COL Size": "200 pack"
  },
  {
    "Brand_Product_Size": "Lifesavers Fruit Tingles 4 pack 136g",
    "COL Price": 3.55,
    "COL ppu": "$2.61 per 100G",
    "COL Size": "136g"
  },
  {
    "Brand_Product_Size": "Coles Bakery Stone Baked By Laurent Turkish Loaf each",
    "COL Price": 3.5,
    "COL ppu": "$3.50 per 1Ea",
    "COL Size": "each"
  },
  {
    "Brand_Product_Size": "Oak Chocolate Flavoured Milk 750mL",
    "COL Price": 3,
    "COL ppu": "$4.00 per 1L",
    "COL Size": "750mL"
  },
  {
    "Brand_Product_Size": "Beerenberg Australian Raspberry Jam 300g",
    "COL Price": 5,
    "COL ppu": "$1.67 per 100G",
    "COL Size": "300g"
  },
  {
    "Brand_Product_Size": "Garnier Fructis Normal Conditioner 850mL",
    "COL Price": 7.5,
    "COL ppu": "$0.88 per 100mL",
    "COL Size": "850mL"
  },
  {
    "Brand_Product_Size": "David Beckham Respect Deodorant 150mL",
    "COL Price": 8,
    "COL ppu": "$5.33 per 100mL",
    "COL Size": "150mL"
  },
  {
    "Brand_Product_Size": "Equal Sweetener Sachets 50 pack",
    "COL Price": 3.7,
    "COL ppu": "$0.07 per 1Ea",
    "COL Size": "50 pack"
  },
  {
    "Brand_Product_Size": "Weis Bar Raspberry Davidson Plum 4 Pack 280mL",
    "COL Price": 7.5,
    "COL ppu": "$2.68 per 100mL",
    "COL Size": "280mL"
  },
  {
    "Brand_Product_Size": "Glen 20 Lavender Air Freshener Spray 300g",
    "COL Price": 8,
    "COL ppu": "$2.67 per 100G",
    "COL Size": "300g"
  },
  {
    "Brand_Product_Size": "Streets Paddle Pop Koala Choc Caramel 4 pack 280mL",
    "COL Price": 7,
    "COL ppu": "$2.50 per 100mL",
    "COL Size": "280mL"
  },
  {
    "Brand_Product_Size": "French Fries Original Potato Chips 175g",
    "COL Price": 3.5,
    "COL ppu": "$2.00 per 100G",
    "COL Size": "175g"
  },
  {
    "Brand_Product_Size": "Coles Snow Peas loose approx. 100g",
    "COL Price": 1.7,
    "COL ppu": "$17.00 per 1Kg",
    "COL Size": "approx. 100g"
  },
  {
    "Brand_Product_Size": "Cetaphil Moisturising Cream 250g",
    "COL Price": 16,
    "COL ppu": "$6.40 per 100G",
    "COL Size": "250g"
  },
  {
    "Brand_Product_Size": "Fantastic Grainz Rice Cracker Lightly Salted 100g",
    "COL Price": 3,
    "COL ppu": "$3.00 per 100G",
    "COL Size": "100g"
  },
  {
    "Brand_Product_Size": "Coles Grated Parmesan Cheese 100g",
    "COL Price": 1.6,
    "COL ppu": "$16.00 per 1Kg",
    "COL Size": "100g"
  },
  {
    "Brand_Product_Size": "Campbell's Chunky Soup Potato Bacon 505g",
    "COL Price": 3.5,
    "COL ppu": "$0.69 per 100G",
    "COL Size": "505g"
  },
  {
    "Brand_Product_Size": "Herbert Adams Frozen Slow Cooked Beef with Caramelised Onion & Cabernet Sauvignon Pies 2 pack 400g",
    "COL Price": 7.8,
    "COL ppu": "$1.95 per 100G",
    "COL Size": "400g"
  },
  {
    "Brand_Product_Size": "Ogx Extra Strength Argan Oil Shampoo 385mL",
    "COL Price": 21,
    "COL ppu": "$5.45 per 100mL",
    "COL Size": "385mL"
  },
  {
    "Brand_Product_Size": "Coles Rice Puffs 360g",
    "COL Price": 1.85,
    "COL ppu": "$0.51 per 100G",
    "COL Size": "360g"
  },
  {
    "Brand_Product_Size": "L'Oreal Paris Excellence 7.3 Dark Golden Blonde Hair Colour 1 pack",
    "COL Price": 20,
    "COL ppu": "$20.00 per 1Ea",
    "COL Size": "1 pack"
  },
  {
    "Brand_Product_Size": "Keep It Cleaner Bliss Balls Peppermint Slice 40g",
    "COL Price": 2.5,
    "COL ppu": "$6.25 per 100mL",
    "COL Size": "40g"
  },
  {
    "Brand_Product_Size": "Passage Foods Passage To India Balti Curry Simmer Sauce Pouch 375g",
    "COL Price": 2.35,
    "COL ppu": "$0.63 per 100G",
    "COL Size": "375g"
  },
  {
    "Brand_Product_Size": "Fable Plant Based Mealsrogan Josh 350g",
    "COL Price": 9.95,
    "COL ppu": "$2.84 per 100G",
    "COL Size": "350g"
  },
  {
    "Brand_Product_Size": "Red Bull Zero Energy Drink Multipack 250mL 4 pack",
    "COL Price": 7,
    "COL ppu": "$7.00 per 1L",
    "COL Size": "4 pack"
  },
  {
    "Brand_Product_Size": "Gaganis Premium Continental Style Soup Mix 1kg",
    "COL Price": 4.8,
    "COL ppu": "$4.80 per 1Kg",
    "COL Size": "1kg"
  },
  {
    "Brand_Product_Size": "Coles Chickpea Sweet Potato & Turmeric Curry With Rice 350g",
    "COL Price": 3,
    "COL ppu": "$0.86 per 100G",
    "COL Size": "350g"
  },
  {
    "Brand_Product_Size": "Lavazza Medium Roast Smooth And Aromatic Coffee Beans 1kg",
    "COL Price": 30,
    "COL ppu": "$3.00 per 100G",
    "COL Size": "1kg"
  },
  {
    "Brand_Product_Size": "Sanofi Epsom Salts 1kg",
    "COL Price": 8.3,
    "COL ppu": "$0.83 per 100G",
    "COL Size": "1kg"
  },
  {
    "Brand_Product_Size": "Royal Fields Pearl Barley 1kg",
    "COL Price": 3,
    "COL ppu": "$3.00 per 1Kg",
    "COL Size": "1kg"
  },
  {
    "Brand_Product_Size": "Connoisseur Mint With Cookies Gourmet Ice Cream Tub 1L",
    "COL Price": 7.5,
    "COL ppu": "$7.50 per 1L",
    "COL Size": "1L"
  },
  {
    "Brand_Product_Size": "Bega Peanut Butter Crunchy 780g",
    "COL Price": 6.5,
    "COL ppu": "$0.83 per 100G",
    "COL Size": "780g"
  },
  {
    "Brand_Product_Size": "Borg's Pastizzi Spinach Ricotta 625g",
    "COL Price": 4.8,
    "COL ppu": "$0.77 per 100G",
    "COL Size": "625g"
  },
  {
    "Brand_Product_Size": "Pana White Macadamia 45g",
    "COL Price": 6,
    "COL ppu": "$13.33 per 100G",
    "COL Size": "45g"
  },
  {
    "Brand_Product_Size": "Weis Mango & Macadamia Ice Cream Bars 4 pack 280mL",
    "COL Price": 7.5,
    "COL ppu": "$2.68 per 100mL",
    "COL Size": "280mL"
  },
  {
    "Brand_Product_Size": "Coles Gluten Free Choc Coated Nut Bars 6 pack 210g",
    "COL Price": 2.7,
    "COL ppu": "$1.29 per 100G",
    "COL Size": "210g"
  },
  {
    "Brand_Product_Size": "Simon Johnson Choc Coated Soft Nougat 110g",
    "COL Price": 20,
    "COL ppu": "$18.18 per 100G",
    "COL Size": "110g"
  },
  {
    "Brand_Product_Size": "Coles Iceberg Lettuce each",
    "COL Price": 4.5,
    "COL ppu": "$4.50 per 1Ea",
    "COL Size": "each"
  },
  {
    "Brand_Product_Size": "Mission Extreme Cheese Tortilla Triangles Corn Chips 230g",
    "COL Price": 3.1,
    "COL ppu": "$1.35 per 100G",
    "COL Size": "230g"
  },
  {
    "Brand_Product_Size": "Oatly Non Dairy Frozen Mint Chip Dessert Tub 473mL",
    "COL Price": 9.5,
    "COL ppu": "$2.01 per 100mL",
    "COL Size": "473mL"
  },
  {
    "Brand_Product_Size": "King C Gillette Double Edge Blades 10ct 1each",
    "COL Price": 14,
    "COL ppu": "$14.00 per 1Ea",
    "COL Size": "1each"
  },
  {
    "Brand_Product_Size": "Yaru Still Mineral Water 1L",
    "COL Price": 1.47,
    "COL ppu": "$1.47 per 1L",
    "COL Size": "1L"
  },
  {
    "Brand_Product_Size": "Vegie Delights Frozen Thai Chilli and Lime Cakes 4 pack 280g",
    "COL Price": 6,
    "COL ppu": "$2.14 per 100G",
    "COL Size": "280g"
  },
  {
    "Brand_Product_Size": "Ogx Extra Strength Coconut Miracle Oil 100mL",
    "COL Price": 21,
    "COL ppu": "$21.00 per 100mL",
    "COL Size": "100mL"
  },
  {
    "Brand_Product_Size": "S & B Golden Curry Mild Curry Sauce Mix 92g",
    "COL Price": 4.5,
    "COL ppu": "$4.89 per 100G",
    "COL Size": "92g"
  },
  {
    "Brand_Product_Size": "Simple Face Wash Refreshing Mini 50mL",
    "COL Price": 4,
    "COL ppu": "$8.00 per 100mL",
    "COL Size": "50mL"
  },
  {
    "Brand_Product_Size": "Cortas Boiled Whole Chick Peas 400g",
    "COL Price": 1.6,
    "COL ppu": "$4.00 per 1Kg",
    "COL Size": "400g"
  },
  {
    "Brand_Product_Size": "Birds Eye Snap Frozen Sliced Green Beans 500g",
    "COL Price": 2.5,
    "COL ppu": "$5.00 per 1Kg",
    "COL Size": "500g"
  },
  {
    "Brand_Product_Size": "Coles Frozen Fruit Blueberries 500g",
    "COL Price": 4,
    "COL ppu": "$8.00 per 1Kg",
    "COL Size": "500g"
  },
  {
    "Brand_Product_Size": "Nivea Stress Protect Roll On Antiperspirant Deodorant 50mL",
    "COL Price": 3.5,
    "COL ppu": "$7.00 per 100mL",
    "COL Size": "50mL"
  },
  {
    "Brand_Product_Size": "Twinings English Breakfast Leaf Tea 125g",
    "COL Price": 7,
    "COL ppu": "$5.60 per 100G",
    "COL Size": "125g"
  },
  {
    "Brand_Product_Size": "Cook & Dine Tall Latte Mug Pink each",
    "COL Price": 5,
    "COL ppu": "$5.00 per 1Ea",
    "COL Size": "each"
  },
  {
    "Brand_Product_Size": "COYO Mango Probiotic Coconut Milk Kefir 250mL",
    "COL Price": 4.9,
    "COL ppu": "$19.60 per 1L",
    "COL Size": "250mL"
  },
  {
    "Brand_Product_Size": "Carman's Coconut Yoghurt & Roasted Nut Gourmet Protein Bars 5 pack 200g",
    "COL Price": 6.3,
    "COL ppu": "$3.15 per 100G",
    "COL Size": "200g"
  },
  {
    "Brand_Product_Size": "Primo English Sliced Ham 100g",
    "COL Price": 3.25,
    "COL ppu": "$32.50 per 1Kg",
    "COL Size": "100g"
  },
  {
    "Brand_Product_Size": "MTR Instant Dosa Mix 500g",
    "COL Price": 3.25,
    "COL ppu": "$0.65 per 100G",
    "COL Size": "500g"
  },
  {
    "Brand_Product_Size": "Coles Deli Salad Tubs Jumbo Quinoa Tabouleh Salad each",
    "COL Price": 11,
    "COL ppu": "$11.00 per 1Ea",
    "COL Size": "each"
  },
  {
    "Brand_Product_Size": "Nature's Way Probiotic Capsules 30 pack",
    "COL Price": 15,
    "COL ppu": "$0.50 per 1Ea",
    "COL Size": "30 pack"
  },
  {
    "Brand_Product_Size": "Coles Mexico Corn Tortillas De Maiz 10 pack 280g",
    "COL Price": 3.2,
    "COL ppu": "$1.14 per 100G",
    "COL Size": "280g"
  },
  {
    "Brand_Product_Size": "Coles Nail Polish Remover Non Acetone 125mL",
    "COL Price": 2.8,
    "COL ppu": "$0.22 per 10mL",
    "COL Size": "125mL"
  },
  {
    "Brand_Product_Size": "Country Life White Fresh Linen Soap 5 pack",
    "COL Price": 2.75,
    "COL ppu": "$0.61 per 100G",
    "COL Size": "5 pack"
  },
  {
    "Brand_Product_Size": "Coles Bananas 160g",
    "COL Price": 0.95,
    "COL ppu": "$0.59 per 100G",
    "COL Size": "160g"
  },
  {
    "Brand_Product_Size": "Sabco Lobby Pan Set each",
    "COL Price": 15,
    "COL ppu": "$15.00 per 1Ea",
    "COL Size": "each"
  },
  {
    "Brand_Product_Size": "Rimmel Match Perfection Light Nude Liquid Foundation 50mL",
    "COL Price": 11.4,
    "COL ppu": "$2.28 per 10mL",
    "COL Size": "50mL"
  },
  {
    "Brand_Product_Size": "Coles Bakery Pink Vanilla Drip Cake 1200g",
    "COL Price": 25,
    "COL ppu": "$2.08 per 100G",
    "COL Size": "1200g"
  },
  {
    "Brand_Product_Size": "Table of Plenty Mini Milk Chocolate Rice Cakes 60g",
    "COL Price": 3.6,
    "COL ppu": "$6.00 per 100G",
    "COL Size": "60g"
  },
  {
    "Brand_Product_Size": "Clearasil Ultra Rapid Action Gel Wash 200mL",
    "COL Price": 14,
    "COL ppu": "$7.00 per 100mL",
    "COL Size": "200mL"
  },
  {
    "Brand_Product_Size": "Mainland Mainland Tomato Chutney Caramelised Onion Crunch 90g",
    "COL Price": 5,
    "COL ppu": "$5.56 per 100G",
    "COL Size": "90g"
  },
  {
    "Brand_Product_Size": "Herbamare Salt & Herb Seasoning 250g",
    "COL Price": 7.7,
    "COL ppu": "$3.08 per 10G",
    "COL Size": "250g"
  },
  {
    "Brand_Product_Size": "Neutrogena Deep Clean Foaming Face Cleanser 175g",
    "COL Price": 15.3,
    "COL ppu": "$8.74 per 100G",
    "COL Size": "175g"
  },
  {
    "Brand_Product_Size": "Dreambaby Strollerbuddy Stroller Black Clips 4 pack",
    "COL Price": 10.4,
    "COL ppu": "$2.60 per 1Ea",
    "COL Size": "4 pack"
  },
  {
    "Brand_Product_Size": "Noshu 99% Sugar Free Low Carb Pancake Shake 240g",
    "COL Price": 6,
    "COL ppu": "$2.50 per 100G",
    "COL Size": "240g"
  },
  {
    "Brand_Product_Size": "Freedom Foods Heritage Mill Apple Crumble Clusters 1kg",
    "COL Price": 7,
    "COL ppu": "$0.70 per 100G",
    "COL Size": "1kg"
  },
  {
    "Brand_Product_Size": "Iberogast Solution 50mL",
    "COL Price": 29.9,
    "COL ppu": "$59.80 per 100mL",
    "COL Size": "50mL"
  },
  {
    "Brand_Product_Size": "Anusol Ointment 50g",
    "COL Price": 9.4,
    "COL ppu": "$18.80 per 100G",
    "COL Size": "50g"
  },
  {
    "Brand_Product_Size": "Cook & Dine White Plastic Bowls 50 pack",
    "COL Price": 5,
    "COL ppu": "$10.00 per 100Ea",
    "COL Size": "50 pack"
  },
  {
    "Brand_Product_Size": "Wallaby Bites Gluten Free Dark Chocolate Orange Almond & Coconut Yoghurt 150g",
    "COL Price": 5,
    "COL ppu": "$3.33 per 100G",
    "COL Size": "150g"
  },
  {
    "Brand_Product_Size": "Coles Iceberg Lettuce each",
    "COL Price": 4.5,
    "COL ppu": "$4.50 per 1Ea",
    "COL Size": "each"
  },
  {
    "Brand_Product_Size": "Coles Thin & Crispy Medium Pizza Bases 2 Pack 200g",
    "COL Price": 3,
    "COL ppu": "$1.50 per 100G",
    "COL Size": "200g"
  },
  {
    "Brand_Product_Size": "Lipton Lemon Ice Tea 500mL",
    "COL Price": 1.9,
    "COL ppu": "$3.80 per 1L",
    "COL Size": "500mL"
  },
  {
    "Brand_Product_Size": "Coles Frozen Broccoli Florets 500g",
    "COL Price": 2.5,
    "COL ppu": "$5.00 per 1Kg",
    "COL Size": "500g"
  },
  {
    "Brand_Product_Size": "Olay Total Effects Normal UV Cream Mini 12g",
    "COL Price": 7,
    "COL ppu": "$58.33 per 100G",
    "COL Size": "12g"
  },
  {
    "Brand_Product_Size": "Coca Cola No Sugar Soft Drink Coke 1.25L",
    "COL Price": 3.15,
    "COL ppu": "$2.52 per 1L",
    "COL Size": "1.25L"
  },
  {
    "Brand_Product_Size": "Nivea Cellular Anti Age Day Cream Face Moisturiser SPF15 + Hyaluronic Acid & Collagen 50mL",
    "COL Price": 33,
    "COL ppu": "$66.00 per 100mL",
    "COL Size": "50mL"
  },
  {
    "Brand_Product_Size": "Birds Eye Snap Frozen Country Harvest Spring Greens Mix 1kg",
    "COL Price": 4,
    "COL ppu": "$4.00 per 1Kg",
    "COL Size": "1kg"
  },
  {
    "Brand_Product_Size": "Sunbeam Sultana And Cranberry 6 pack",
    "COL Price": 2.1,
    "COL ppu": "$0.35 per 1Ea",
    "COL Size": "6 pack"
  },
  {
    "Brand_Product_Size": "Urban Colour Volume Mascara Black 12g",
    "COL Price": 4.5,
    "COL ppu": "$3.75 per 10G",
    "COL Size": "12g"
  },
  {
    "Brand_Product_Size": "Redwin Hyaluronic Hydration 220g",
    "COL Price": 7.5,
    "COL ppu": "$3.41 per 100G",
    "COL Size": "220g"
  },
  {
    "Brand_Product_Size": "I&J Tempura Batter Wild Caught Fish Fillets 550g",
    "COL Price": 6,
    "COL ppu": "$1.09 per 100G",
    "COL Size": "550g"
  },
  {
    "Brand_Product_Size": "Emmental La Vie De Chatea approx. 100g",
    "COL Price": 4.1,
    "COL ppu": "$41.00 per 1Kg",
    "COL Size": "approx. 100g"
  },
  {
    "Brand_Product_Size": "Nature's Own Odourless Fish Oil 1000mg Capsules 400 pack",
    "COL Price": 27,
    "COL ppu": "$6.75 per 100Ea",
    "COL Size": "400 pack"
  },
  {
    "Brand_Product_Size": "Coles Desiccated Coconut 500g",
    "COL Price": 2.8,
    "COL ppu": "$5.60 per 1Kg",
    "COL Size": "500g"
  },
  {
    "Brand_Product_Size": "Nuby No Spill Twin Handle Sipper Cup 295mL each",
    "COL Price": 9,
    "COL ppu": "$9.00 per 1Ea",
    "COL Size": "each"
  },
  {
    "Brand_Product_Size": "Kind Dark Chocolate Nut Protein Bar 50g",
    "COL Price": 3,
    "COL ppu": "$6.00 per 100G",
    "COL Size": "50g"
  },
  {
    "Brand_Product_Size": "Whittakers Chocolate Slab Almond 45g",
    "COL Price": 1,
    "COL ppu": "$2.22 per 100G",
    "COL Size": "45g"
  },
  {
    "Brand_Product_Size": "Helga's Light Rye Bread 680g",
    "COL Price": 3.9,
    "COL ppu": "$0.57 per 100G",
    "COL Size": "680g"
  },
  {
    "Brand_Product_Size": "King C Gillette Beard Balm 100mL",
    "COL Price": 20,
    "COL ppu": "$20.00 per 100mL",
    "COL Size": "100mL"
  },
  {
    "Brand_Product_Size": "Coles T2 Petite Spiral 15 watt Edison Screw 2700k Warm White Globe 2 pack",
    "COL Price": 10,
    "COL ppu": "$5.00 per 1Ea",
    "COL Size": "2 pack"
  },
  {
    "Brand_Product_Size": "Coles Instant Rolled Oats 500g",
    "COL Price": 2.75,
    "COL ppu": "$0.55 per 100G",
    "COL Size": "500g"
  },
  {
    "Brand_Product_Size": "Burgen Wholegrain & Oats Bread 700g",
    "COL Price": 5,
    "COL ppu": "$0.71 per 100G",
    "COL Size": "700g"
  },
  {
    "Brand_Product_Size": "Simon Johnson Choc Coated Soft Nougat 110g",
    "COL Price": 20,
    "COL ppu": "$18.18 per 100G",
    "COL Size": "110g"
  },
  {
    "Brand_Product_Size": "Coles Kitchen Baby Spinach & Egg Salad Bowl 190g",
    "COL Price": 6,
    "COL ppu": "$3.16 per 100G",
    "COL Size": "190g"
  },
  {
    "Brand_Product_Size": "Continental Macaroni Cheese Pasta & Sauce Serves 3 105g",
    "COL Price": 2.2,
    "COL ppu": "$2.10 per 100G",
    "COL Size": "105g"
  },
  {
    "Brand_Product_Size": "Coles White Sandwich Bread 650g",
    "COL Price": 1.3,
    "COL ppu": "$0.20 per 100G",
    "COL Size": "650g"
  },
  {
    "Brand_Product_Size": "Tilda Steamed Coconut Chilli & Lemongrass Rice 250g",
    "COL Price": 3.4,
    "COL ppu": "$1.36 per 100G",
    "COL Size": "250g"
  },
  {
    "Brand_Product_Size": "Coles Vegetable Oil 4L",
    "COL Price": 8.8,
    "COL ppu": "$0.22 per 100mL",
    "COL Size": "4L"
  },
  {
    "Brand_Product_Size": "Australias Own Lactose Free Full Cream Milk 2L",
    "COL Price": 2.8,
    "COL ppu": "$1.40 per 1L",
    "COL Size": "2L"
  },
  {
    "Brand_Product_Size": "Waikato Vintage approx.100g",
    "COL Price": 10.5,
    "COL ppu": "$105.00 per 1Kg",
    "COL Size": "approx.100g"
  },
  {
    "Brand_Product_Size": "Coles Ultimate 40% Chocolate Chip Cookies 400g",
    "COL Price": 3.5,
    "COL ppu": "$0.88 per 100G",
    "COL Size": "400g"
  },
  {
    "Brand_Product_Size": "Belvita Golden Grain Soft Bakes Biscuit 200g",
    "COL Price": 3,
    "COL ppu": "$1.50 per 100G",
    "COL Size": "200g"
  },
  {
    "Brand_Product_Size": "Kingland Dairy Free Natural Greek Yoghurt 500g",
    "COL Price": 5,
    "COL ppu": "$1.00 per 100G",
    "COL Size": "500g"
  },
  {
    "Brand_Product_Size": "Pascall Marshmallows Pink And White Lollies Large bag 520g",
    "COL Price": 5,
    "COL ppu": "$0.96 per 100G",
    "COL Size": "520g"
  },
  {
    "Brand_Product_Size": "Hercules Click Zip Sandwich Bags 100 pack",
    "COL Price": 4.2,
    "COL ppu": "$0.04 per 1Ea",
    "COL Size": "100 pack"
  },
  {
    "Brand_Product_Size": "Bega Original Cream Cheese Spread 250g",
    "COL Price": 3.8,
    "COL ppu": "$15.20 per 1Kg",
    "COL Size": "250g"
  },
  {
    "Brand_Product_Size": "Arnott's Arrowroot Milk Biscuits 250g",
    "COL Price": 2.3,
    "COL ppu": "$0.92 per 100G",
    "COL Size": "250g"
  },
  {
    "Brand_Product_Size": "Sunbites Cheddar & Chive Snack Crackers 120g",
    "COL Price": 3.5,
    "COL ppu": "$2.92 per 100G",
    "COL Size": "120g"
  },
  {
    "Brand_Product_Size": "Audeeo Ambition Wired Metal Earphones Black 1 pack",
    "COL Price": 15,
    "COL ppu": "$15.00 per 1Ea",
    "COL Size": "1 pack"
  },
  {
    "Brand_Product_Size": "Coles Ssf Pancetta approx.125g each",
    "COL Price": 4.75,
    "COL ppu": "$38.00 per 1Kg",
    "COL Size": "approx.125g each"
  },
  {
    "Brand_Product_Size": "Rafferty's Garden Apple & Raspberry Snack Bar 128g",
    "COL Price": 3.5,
    "COL ppu": "$2.73 per 100G",
    "COL Size": "128g"
  },
  {
    "Brand_Product_Size": "Uncle Tobys Choc Chip Muesli Bars 18 pack",
    "COL Price": 7,
    "COL ppu": "$1.24 per 100G",
    "COL Size": "18 pack"
  },
  {
    "Brand_Product_Size": "Nature's Gift Deli Roll with Chicken Brown Rice & Vegetables Dog Food 200g",
    "COL Price": 1.5,
    "COL ppu": "$0.75 per 100G",
    "COL Size": "200g"
  },
  {
    "Brand_Product_Size": "Magazine House & Garden each",
    "COL Price": 8.8,
    "COL ppu": "",
    "COL Size": "each"
  },
  {
    "Brand_Product_Size": "Magazine Woman's Day each",
    "COL Price": 5.2,
    "COL ppu": "$5.20 per 1Ea",
    "COL Size": "each"
  },
  {
    "Brand_Product_Size": "Don Double Smoked Sliced Ham 250g",
    "COL Price": 3.2,
    "COL ppu": "$12.80 per 1Kg",
    "COL Size": "250g"
  },
  {
    "Brand_Product_Size": "T2 Pumping Pomegranate 10 pack",
    "COL Price": 7,
    "COL ppu": "$0.70 per 1Ea",
    "COL Size": "10 pack"
  },
  {
    "Brand_Product_Size": "Watties Baked Beans In Tomato Sauce 420g",
    "COL Price": 1.2,
    "COL ppu": "$0.29 per 100G",
    "COL Size": "420g"
  },
  {
    "Brand_Product_Size": "Campbell's V8 Tropical Juice Multipack 250mL 3 pack",
    "COL Price": 3,
    "COL ppu": "$4.00 per 1L",
    "COL Size": "3 pack"
  },
  {
    "Brand_Product_Size": "Continental Sensation Mushroom Bacon Soup Serves 2 48g",
    "COL Price": 2,
    "COL ppu": "$4.17 per 100G",
    "COL Size": "48g"
  },
  {
    "Brand_Product_Size": "Haagen-Dazs Salted Caramel Ice Cream Tub 457mL",
    "COL Price": 7,
    "COL ppu": "$1.53 per 100mL",
    "COL Size": "457mL"
  },
  {
    "Brand_Product_Size": "Primo Champagne Leg Ham approx. 125g",
    "COL Price": 2.5,
    "COL ppu": "$20.00 per 1Kg",
    "COL Size": "approx. 125g"
  },
  {
    "Brand_Product_Size": "Hanabi Frozen Shanghai Pork Dumplings 400g",
    "COL Price": 10,
    "COL ppu": "$2.50 per 100G",
    "COL Size": "400g"
  },
  {
    "Brand_Product_Size": "Coles Pikelets 8 Pack 200g",
    "COL Price": 2,
    "COL ppu": "$1.00 per 100G",
    "COL Size": "200g"
  },
  {
    "Brand_Product_Size": "Zooper Dooper No Sugar Multi Flavoured Ice Confection Mix 70mL Tubes 24 pack",
    "COL Price": 5.8,
    "COL ppu": "$0.35 per 100mL",
    "COL Size": "24 pack"
  },
  {
    "Brand_Product_Size": "Intuition Island Berry Kit 1 pack",
    "COL Price": 6.35,
    "COL ppu": "$6.35 per 1Ea",
    "COL Size": "1 pack"
  },
  {
    "Brand_Product_Size": "Coles Parsnips Prepacked 350g",
    "COL Price": 6,
    "COL ppu": "$17.14 per 1Kg",
    "COL Size": "350g"
  },
  {
    "Brand_Product_Size": "Picky Picky Australian Peanut Oil 790mL",
    "COL Price": 8,
    "COL ppu": "$1.01 per 100mL",
    "COL Size": "790mL"
  },
  {
    "Brand_Product_Size": "Felix Sensations Sauce Meat Selection Cat Food 12 pack",
    "COL Price": 11.5,
    "COL ppu": "$1.13 per 100G",
    "COL Size": "12 pack"
  },
  {
    "Brand_Product_Size": "Medela Breastmilk Storage Bags 50 pack",
    "COL Price": 24,
    "COL ppu": "$0.48 per 1Ea",
    "COL Size": "50 pack"
  },
  {
    "Brand_Product_Size": "Olay Total Effects 7 in One Gentle Day Face Cream 50g",
    "COL Price": 33.5,
    "COL ppu": "$67.00 per 100G",
    "COL Size": "50g"
  },
  {
    "Brand_Product_Size": "Coles Pappardelle 300g",
    "COL Price": 3,
    "COL ppu": "$1.00 per 100G",
    "COL Size": "300g"
  },
  {
    "Brand_Product_Size": "Coles Half Hello Melon each",
    "COL Price": 1.5,
    "COL ppu": "$1.50 per 1Ea",
    "COL Size": "each"
  },
  {
    "Brand_Product_Size": "Greenies Original Dog Treat Petite 170g",
    "COL Price": 15,
    "COL ppu": "$8.82 per 100G",
    "COL Size": "170g"
  },
  {
    "Brand_Product_Size": "Nyal Antiviral Cold Sore Cream 5g",
    "COL Price": 8.6,
    "COL ppu": "$172.00 per 100G",
    "COL Size": "5g"
  },
  {
    "Brand_Product_Size": "Chux All Purpose Absorbent Cloth 2 pack",
    "COL Price": 2.35,
    "COL ppu": "$1.18 per 1Ea",
    "COL Size": "2 pack"
  },
  {
    "Brand_Product_Size": "Scholl Gel Protector Toe & Finger 1 pack",
    "COL Price": 13,
    "COL ppu": "$13.00 per 1Ea",
    "COL Size": "1 pack"
  },
  {
    "Brand_Product_Size": "The Wholesome Food Co. Hemp Chips Feta & Garlic 120g",
    "COL Price": 4,
    "COL ppu": "$3.33 per 100G",
    "COL Size": "120g"
  },
  {
    "Brand_Product_Size": "Continental Value Pack Oriental Fried Rice Serves 5 180g",
    "COL Price": 3,
    "COL ppu": "$1.67 per 100G",
    "COL Size": "180g"
  },
  {
    "Brand_Product_Size": "Coles Natural Coconut Water 1L",
    "COL Price": 3.2,
    "COL ppu": "$3.20 per 1L",
    "COL Size": "1L"
  },
  {
    "Brand_Product_Size": "Coles Organic Soy Milk 1L",
    "COL Price": 1.6,
    "COL ppu": "$1.60 per 1L",
    "COL Size": "1L"
  },
  {
    "Brand_Product_Size": "Coles Finest Finest Macaroni & Cheese 700g",
    "COL Price": 14,
    "COL ppu": "$2.00 per 100G",
    "COL Size": "700g"
  },
  {
    "Brand_Product_Size": "Bio-Oil Specialist Skincare 125mL",
    "COL Price": 26,
    "COL ppu": "$20.80 per 100mL",
    "COL Size": "125mL"
  },
  {
    "Brand_Product_Size": "Liquid Ears Tws Stem White 1 pack",
    "COL Price": 30,
    "COL ppu": "$30.00 per 1Ea",
    "COL Size": "1 pack"
  },
  {
    "Brand_Product_Size": "Veet Sensitive Hair Removal Cream 400mL",
    "COL Price": 21,
    "COL ppu": "$5.25 per 100mL",
    "COL Size": "400mL"
  },
  {
    "Brand_Product_Size": "Patak's Butter Chicken Simmer Sauce Mild 450g",
    "COL Price": 3.5,
    "COL ppu": "$0.78 per 100G",
    "COL Size": "450g"
  },
  {
    "Brand_Product_Size": "Coles No Added Hormone Beef Brisket Bones approx. 1.1kg",
    "COL Price": 7.15,
    "COL ppu": "$6.50 per 1Kg",
    "COL Size": "approx. 1.1kg"
  },
  {
    "Brand_Product_Size": "Air Wick Spring Delight Fragrance Infused With Essential Oil Refill 19mL 2 pack",
    "COL Price": 10,
    "COL ppu": "$5.00 per 1Ea",
    "COL Size": "2 pack"
  },
  {
    "Brand_Product_Size": "Elastoplast Sensitive Dressing 6cm X 10cm 10 pack",
    "COL Price": 5,
    "COL ppu": "$0.50 per 1Ea",
    "COL Size": "10 pack"
  },
  {
    "Brand_Product_Size": "Bellamy's Organic Banana & Strawberry With Dha Yoghurt 6M+ 120g",
    "COL Price": 1.5,
    "COL ppu": "$1.25 per 100G",
    "COL Size": "120g"
  },
  {
    "Brand_Product_Size": "Pauls Pure Organic Full Cream Milk 2L",
    "COL Price": 6.1,
    "COL ppu": "$3.05 per 1L",
    "COL Size": "2L"
  },
  {
    "Brand_Product_Size": "Maggi Dry Recipe Base Beef Goulash 33g",
    "COL Price": 1.75,
    "COL ppu": "$5.30 per 100G",
    "COL Size": "33g"
  },
  {
    "Brand_Product_Size": "The Culture Co. Kefir Blueberry Yoghurt 150g",
    "COL Price": 1.15,
    "COL ppu": "$0.77 per 100G",
    "COL Size": "150g"
  },
  {
    "Brand_Product_Size": "Allen's Party Mix 190g",
    "COL Price": 3,
    "COL ppu": "$1.58 per 100G",
    "COL Size": "190g"
  },
  {
    "Brand_Product_Size": "Mojo Activated Kombucha Passionfruit 330mL",
    "COL Price": 4,
    "COL ppu": "$12.12 per 1L",
    "COL Size": "330mL"
  },
  {
    "Brand_Product_Size": "Ayam Thai Sweet Chilli Sauce Light 285mL",
    "COL Price": 2.3,
    "COL ppu": "$0.81 per 100mL",
    "COL Size": "285mL"
  },
  {
    "Brand_Product_Size": "Modo Sugarcane Oval Plates 10pack",
    "COL Price": 4,
    "COL ppu": "$0.40 per 1Ea",
    "COL Size": "10pack"
  },
  {
    "Brand_Product_Size": "Darrell Lea Rocklea Road Block Chocolate 180g",
    "COL Price": 3,
    "COL ppu": "$1.67 per 100G",
    "COL Size": "180g"
  },
  {
    "Brand_Product_Size": "Coles Passionfruit 8 Pack each",
    "COL Price": 5.5,
    "COL ppu": "$5.50 per 1Ea",
    "COL Size": "each"
  },
  {
    "Brand_Product_Size": "Beauty Bites White Choc Raspberry 32g",
    "COL Price": 4,
    "COL ppu": "$12.50 per 100G",
    "COL Size": "32g"
  },
  {
    "Brand_Product_Size": "Radox Oxygen Body Wash 50mL",
    "COL Price": 2,
    "COL ppu": "$4.00 per 100mL",
    "COL Size": "50mL"
  },
  {
    "Brand_Product_Size": "Kellogg's Crispix Honey Pillows Breakfast Cereal 460g",
    "COL Price": 5.5,
    "COL ppu": "$1.20 per 100G",
    "COL Size": "460g"
  },
  {
    "Brand_Product_Size": "Schweppes Solo Lemon Drink 1.25L",
    "COL Price": 1.3,
    "COL ppu": "$1.04 per 1L",
    "COL Size": "1.25L"
  },
  {
    "Brand_Product_Size": "Stubb's Original BBQ Sauce 510g",
    "COL Price": 6,
    "COL ppu": "$1.18 per 100G",
    "COL Size": "510g"
  },
  {
    "Brand_Product_Size": "Glad Cling Wrap 30m X 33cm 30m",
    "COL Price": 2.7,
    "COL ppu": "$0.09 per 1M",
    "COL Size": "30m"
  },
  {
    "Brand_Product_Size": "Smash Switch Up Lunch Box each",
    "COL Price": 15,
    "COL ppu": "$15.00 per 1Ea",
    "COL Size": "each"
  },
  {
    "Brand_Product_Size": "Chupa Chups Mini Lollipops 50 Pack 300g",
    "COL Price": 7,
    "COL ppu": "$2.33 per 100G",
    "COL Size": "300g"
  },
  {
    "Brand_Product_Size": "Lindt Gourmet Truffle Gift Box 207g",
    "COL Price": 18.5,
    "COL ppu": "$8.94 per 100G",
    "COL Size": "207g"
  },
  {
    "Brand_Product_Size": "Coles Demineralised Water 2L",
    "COL Price": 1.8,
    "COL ppu": "$0.90 per 1L",
    "COL Size": "2L"
  },
  {
    "Brand_Product_Size": "Coles Smart Buy Breadcrumbs 500g",
    "COL Price": 1.55,
    "COL ppu": "$0.03 per 10G",
    "COL Size": "500g"
  },
  {
    "Brand_Product_Size": "Bonds Salt N Pepper Legging Medium/Long 1 pack",
    "COL Price": 16,
    "COL ppu": "$16.00 per 1Ea",
    "COL Size": "1 pack"
  },
  {
    "Brand_Product_Size": "Nissin Tom Yam Seafood Flavour Instant Cup Noodles 75g",
    "COL Price": 2.1,
    "COL ppu": "$2.80 per 100G",
    "COL Size": "75g"
  },
  {
    "Brand_Product_Size": "Olinas Lavosh Crackers Natural 100g",
    "COL Price": 4,
    "COL ppu": "$4.00 per 100G",
    "COL Size": "100g"
  },
  {
    "Brand_Product_Size": "Coles Durum Wheat Pasta Bowties 500g",
    "COL Price": 1,
    "COL ppu": "$0.20 per 100G",
    "COL Size": "500g"
  },
  {
    "Brand_Product_Size": "Borg's Gozleme Lamb & Spinach 300g",
    "COL Price": 6,
    "COL ppu": "$2.00 per 100G",
    "COL Size": "300g"
  },
  {
    "Brand_Product_Size": "Vanish Napisan Gold Pro Oxi Action Powder Fabric Stain Remover 500g",
    "COL Price": 6,
    "COL ppu": "$12.00 per 1Kg",
    "COL Size": "500g"
  },
  {
    "Brand_Product_Size": "Dose & Co. Collagen Creamer Caramel 340g",
    "COL Price": 28,
    "COL ppu": "$8.24 per 100G",
    "COL Size": "340g"
  },
  {
    "Brand_Product_Size": "Hoyts Smoked Paprika 50g",
    "COL Price": 3.1,
    "COL ppu": "$0.62 per 10G",
    "COL Size": "50g"
  },
  {
    "Brand_Product_Size": "Doritos Cheese Supreme Corn Chips 6 pack 114g",
    "COL Price": 3.14,
    "COL ppu": "$2.75 per 100G",
    "COL Size": "114g"
  },
  {
    "Brand_Product_Size": "Misko Risone Medium No 52 Pasta 500g",
    "COL Price": 2.3,
    "COL ppu": "$0.46 per 100G",
    "COL Size": "500g"
  },
  {
    "Brand_Product_Size": "Go Natural Coffee Energy Latte Snap 120g",
    "COL Price": 7,
    "COL ppu": "$5.83 per 100G",
    "COL Size": "120g"
  },
  {
    "Brand_Product_Size": "Darrell Lea Milk Chocolate Block Honeycomb 160g",
    "COL Price": 5,
    "COL ppu": "$3.13 per 100G",
    "COL Size": "160g"
  },
  {
    "Brand_Product_Size": "Haldiram's Khatta Meetha Snacks 150g",
    "COL Price": 1.6,
    "COL ppu": "$1.07 per 100G",
    "COL Size": "150g"
  },
  {
    "Brand_Product_Size": "Deli Express Wagyu 80g",
    "COL Price": 9,
    "COL ppu": "$112.50 per 1Kg",
    "COL Size": "80g"
  },
  {
    "Brand_Product_Size": "Siena Sugo Presto Al Basilico Pasta Sauce 680g",
    "COL Price": 2.8,
    "COL ppu": "$0.41 per 100G",
    "COL Size": "680g"
  },
  {
    "Brand_Product_Size": "Twinings Earl Grey Loose Leaf Tea 125g",
    "COL Price": 7,
    "COL ppu": "$5.60 per 100G",
    "COL Size": "125g"
  },
  {
    "Brand_Product_Size": "Nestle Aero Peppermint Chocolate Bar 40g",
    "COL Price": 2,
    "COL ppu": "$5.00 per 100G",
    "COL Size": "40g"
  },
  {
    "Brand_Product_Size": "St Tropez Self Tan Purity Face Mist 80mL",
    "COL Price": 35,
    "COL ppu": "$43.75 per 100mL",
    "COL Size": "80mL"
  },
  {
    "Brand_Product_Size": "Royal Ebi Basa Cutlets 1kg",
    "COL Price": 8.5,
    "COL ppu": "$8.50 per 1Kg",
    "COL Size": "1kg"
  },
  {
    "Brand_Product_Size": "Scholl Party Feet Ball Of Foot Gel Cushions 1 pair",
    "COL Price": 9.8,
    "COL ppu": "$9.80 per 1Ea",
    "COL Size": "1 pair"
  },
  {
    "Brand_Product_Size": "Ajax Eco Orange & Ginger Bathroom Cleaner 450mL",
    "COL Price": 3.5,
    "COL ppu": "$0.78 per 100mL",
    "COL Size": "450mL"
  },
  {
    "Brand_Product_Size": "Starbucks House Blend Capsules 30 pack",
    "COL Price": 18.3,
    "COL ppu": "$0.61 per 1Ea",
    "COL Size": "30 pack"
  },
  {
    "Brand_Product_Size": "Vege Deli Crisps Original Blend Chips 100g",
    "COL Price": 2.75,
    "COL ppu": "$2.75 per 100G",
    "COL Size": "100g"
  },
  {
    "Brand_Product_Size": "Bulla Frozen Variety Minis Yoghurt  14 pack 506g",
    "COL Price": 7,
    "COL ppu": "$1.38 per 100G",
    "COL Size": "506g"
  },
  {
    "Brand_Product_Size": "Organic Choice Bathroom Spearmint & Tasman Pepper 500mL",
    "COL Price": 5.5,
    "COL ppu": "$1.10 per 100mL",
    "COL Size": "500mL"
  },
  {
    "Brand_Product_Size": "Angas Park Dried Fancy Large Apricots 500g",
    "COL Price": 14,
    "COL ppu": "$28.00 per 1Kg",
    "COL Size": "500g"
  },
  {
    "Brand_Product_Size": "L'Oreal Paris Revitalift Laser X3 SPF15 Day Cream 50mL",
    "COL Price": 33.25,
    "COL ppu": "$66.50 per 100mL",
    "COL Size": "50mL"
  },
  {
    "Brand_Product_Size": "Thomson's Deli Short Cut Bacon 200g",
    "COL Price": 4,
    "COL ppu": "$20.00 per 1Kg",
    "COL Size": "200g"
  },
  {
    "Brand_Product_Size": "Wellness Road Organic Brown Rice Noodles With Chia Brown Gluten Free 225g",
    "COL Price": 3.75,
    "COL ppu": "$1.67 per 100G",
    "COL Size": "225g"
  },
  {
    "Brand_Product_Size": "OMO Sensitive Top & Front Loader Laundry Liquid Detergent 2L",
    "COL Price": 22,
    "COL ppu": "$11.00 per 1L",
    "COL Size": "2L"
  },
  {
    "Brand_Product_Size": "MasterFoods Ground Cumin Seeds 25g",
    "COL Price": 2.7,
    "COL ppu": "$1.08 per 10G",
    "COL Size": "25g"
  },
  {
    "Brand_Product_Size": "Babylove Unisex Cosifit Junior Nappy 15-25 Kg Size 6 26 pack",
    "COL Price": 14,
    "COL ppu": "$0.54 per 1Ea",
    "COL Size": "26 pack"
  },
  {
    "Brand_Product_Size": "Crazy Dragon Frozen Pork Dumplings 1kg",
    "COL Price": 15,
    "COL ppu": "$1.50 per 100G",
    "COL Size": "1kg"
  },
  {
    "Brand_Product_Size": "Coles Deli Seafood Raw Black Tiger Prawns approx. 250g",
    "COL Price": 6,
    "COL ppu": "$24.00 per 1Kg",
    "COL Size": "approx. 250g"
  },
  {
    "Brand_Product_Size": "Sauers Bread Turkish 430g",
    "COL Price": 3.5,
    "COL ppu": "$0.81 per 100G",
    "COL Size": "430g"
  },
  {
    "Brand_Product_Size": "Coles Free Range Pork Fillet approx. 389g each",
    "COL Price": 14.393,
    "COL ppu": "$37.00 per 1Kg",
    "COL Size": "approx. 389g each"
  },
  {
    "Brand_Product_Size": "Twinings Chai & Vanilla Tea Bags 10 pack 20g",
    "COL Price": 2.9,
    "COL ppu": "$0.29 per 1Ea",
    "COL Size": "20g"
  },
  {
    "Brand_Product_Size": "Fancy Plants Chocolate Chia Pod 150g",
    "COL Price": 2.5,
    "COL ppu": "$1.67 per 100G",
    "COL Size": "150g"
  },
  {
    "Brand_Product_Size": "White Glo Professional Toothpaste 150g",
    "COL Price": 5.3,
    "COL ppu": "$3.53 per 100G",
    "COL Size": "150g"
  },
  {
    "Brand_Product_Size": "Coles Fresh Seafood Whole Leatherjacket approx. 250g",
    "COL Price": 4.5,
    "COL ppu": "$18.00 per 1Kg",
    "COL Size": "approx. 250g"
  },
  {
    "Brand_Product_Size": "Nature Valley Sweet & Salty Nut Dark Choc 4x30g 120g",
    "COL Price": 4,
    "COL ppu": "$3.33 per 100G",
    "COL Size": "120g"
  },
  {
    "Brand_Product_Size": "Hart & Soul Laksa Soup Pouch 400g",
    "COL Price": 3,
    "COL ppu": "$0.75 per 100G",
    "COL Size": "400g"
  },
  {
    "Brand_Product_Size": "Campbell's Chunky Soup Chicken Korma 505g",
    "COL Price": 3.5,
    "COL ppu": "$0.69 per 100G",
    "COL Size": "505g"
  },
  {
    "Brand_Product_Size": "Coles Rockmelon Whole each",
    "COL Price": 4.9,
    "COL ppu": "$4.90 per 1Ea",
    "COL Size": "each"
  },
  {
    "Brand_Product_Size": "Coles Organic Coconut Milk 400mL",
    "COL Price": 2.35,
    "COL ppu": "$0.59 per 100mL",
    "COL Size": "400mL"
  },
  {
    "Brand_Product_Size": "Coles Deli Shaved Hans Milano Loin Ham approx. 125g",
    "COL Price": 3.375,
    "COL ppu": "$27.00 per 1Kg",
    "COL Size": "approx. 125g"
  },
  {
    "Brand_Product_Size": "Coles 100's & 1000's Mini Biscuits 200g",
    "COL Price": 2,
    "COL ppu": "$1.00 per 100G",
    "COL Size": "200g"
  },
  {
    "Brand_Product_Size": "Betty Crocker Crocker Chocolate Torte Ganache 360g",
    "COL Price": 5.2,
    "COL ppu": "$1.44 per 100G",
    "COL Size": "360g"
  },
  {
    "Brand_Product_Size": "Sirena Limited Edition Triple Chilli Tuna 95g",
    "COL Price": 2.7,
    "COL ppu": "$28.42 per 1Kg",
    "COL Size": "95g"
  },
  {
    "Brand_Product_Size": "Cook & Dine Cat Repeat Mug each",
    "COL Price": 5,
    "COL ppu": "$5.00 per 1Ea",
    "COL Size": "each"
  },
  {
    "Brand_Product_Size": "Stayfree Ultra Thin With Wings Regular Cotton Pads 14 pack",
    "COL Price": 4.5,
    "COL ppu": "$0.32 per 1Ea",
    "COL Size": "14 pack"
  },
  {
    "Brand_Product_Size": "Bulldog Oil Control Face Wash 150mL",
    "COL Price": 10,
    "COL ppu": "$6.67 per 100mL",
    "COL Size": "150mL"
  },
  {
    "Brand_Product_Size": "Ritz Mediterran Herb Breakz Crackers 250g",
    "COL Price": 3.8,
    "COL ppu": "$1.52 per 100G",
    "COL Size": "250g"
  },
  {
    "Brand_Product_Size": "Cook & Dine Measuring Cups With Spoons 6 pack",
    "COL Price": 5,
    "COL ppu": "$0.83 per 1Ea",
    "COL Size": "6 pack"
  },
  {
    "Brand_Product_Size": "Cook & Dine Stainless Steel Slotted Turner each",
    "COL Price": 6,
    "COL ppu": "$6.00 per 1Ea",
    "COL Size": "each"
  },
  {
    "Brand_Product_Size": "Rufus & Coco Ear & Wound Care 150mL",
    "COL Price": 13.8,
    "COL ppu": "$9.20 per 100mL",
    "COL Size": "150mL"
  },
  {
    "Brand_Product_Size": "Poppin Sweet & Salty Popcorn 100g",
    "COL Price": 1.75,
    "COL ppu": "$1.75 per 100G",
    "COL Size": "100g"
  },
  {
    "Brand_Product_Size": "Coles Lemongrass Sleeved each",
    "COL Price": 3,
    "COL ppu": "$3.00 per 1Ea",
    "COL Size": "each"
  },
  {
    "Brand_Product_Size": "Coles Smoked Almonds Prepacked 400g",
    "COL Price": 9,
    "COL ppu": "$22.50 per 1Kg",
    "COL Size": "400g"
  },
  {
    "Brand_Product_Size": "Dairy Farmers Classic Smooth & Creamy Chocolate 500mL",
    "COL Price": 3,
    "COL ppu": "$6.00 per 1L",
    "COL Size": "500mL"
  },
  {
    "Brand_Product_Size": "MasterFoods Stir Fry Honey Garlic & Soy Recipe Base 175g",
    "COL Price": 2.2,
    "COL ppu": "$1.26 per 100G",
    "COL Size": "175g"
  },
  {
    "Brand_Product_Size": "St Ives Fresh Skin Apricot Scrub 150mL",
    "COL Price": 10,
    "COL ppu": "$6.67 per 100mL",
    "COL Size": "150mL"
  },
  {
    "Brand_Product_Size": "Coles Frozen Hash Browns Potatoes 1kg",
    "COL Price": 2.95,
    "COL ppu": "$2.95 per 1Kg",
    "COL Size": "1kg"
  },
  {
    "Brand_Product_Size": "Always Fresh Organic Green Olives 220g",
    "COL Price": 5.4,
    "COL ppu": "$2.45 per 100G",
    "COL Size": "220g"
  },
  {
    "Brand_Product_Size": "Glico Pocky Chocolate Biscuit Sticks 47g",
    "COL Price": 1.8,
    "COL ppu": "$3.83 per 100G",
    "COL Size": "47g"
  },
  {
    "Brand_Product_Size": "Coles Thawed Seafood Sardines Whole approx. 350g",
    "COL Price": 3.15,
    "COL ppu": "$9.00 per 1Kg",
    "COL Size": "approx. 350g"
  },
  {
    "Brand_Product_Size": "Shneider's Yo Round Crackers 350g",
    "COL Price": 5.4,
    "COL ppu": "$1.54 per 100G",
    "COL Size": "350g"
  },
  {
    "Brand_Product_Size": "John Frieda Detox & Repair Shampoo 250mL",
    "COL Price": 18,
    "COL ppu": "$7.20 per 100mL",
    "COL Size": "250mL"
  },
  {
    "Brand_Product_Size": "Oak Cookies & Cream Thickshake 425mL",
    "COL Price": 2.1,
    "COL ppu": "$4.94 per 1L",
    "COL Size": "425mL"
  },
  {
    "Brand_Product_Size": "Intensity Fineliner Fineliner Assorted 10 pack",
    "COL Price": 7.8,
    "COL ppu": "$0.78 per 1Ea",
    "COL Size": "10 pack"
  },
  {
    "Brand_Product_Size": "Pantene Micellar Water Conditioner 530mL",
    "COL Price": 18,
    "COL ppu": "$3.40 per 100mL",
    "COL Size": "530mL"
  },
  {
    "Brand_Product_Size": "Dollar Sweets Sweetheart Sprinkles 145g",
    "COL Price": 6,
    "COL ppu": "$4.14 per 100G",
    "COL Size": "145g"
  },
  {
    "Brand_Product_Size": "OB Finest 3 Seed Pepita Crisps 110g",
    "COL Price": 6,
    "COL ppu": "$5.45 per 100G",
    "COL Size": "110g"
  },
  {
    "Brand_Product_Size": "Carlton Zero Cans 375mL 4 pack",
    "COL Price": 7.55,
    "COL ppu": "$5.03 per 1L",
    "COL Size": "4 pack"
  },
  {
    "Brand_Product_Size": "Anchor Bread Crumbs 750g",
    "COL Price": 4.1,
    "COL ppu": "$0.05 per 10G",
    "COL Size": "750g"
  },
  {
    "Brand_Product_Size": "Coles Deli Fromager D'Affinois approx. 100g",
    "COL Price": 7.5,
    "COL ppu": "$75.00 per 1Kg",
    "COL Size": "approx. 100g"
  },
  {
    "Brand_Product_Size": "Black Swan Skinny Roasted Capsicum Dip 200g",
    "COL Price": 3.5,
    "COL ppu": "$1.75 per 100G",
    "COL Size": "200g"
  },
  {
    "Brand_Product_Size": "Valcom Rice Paper 250g",
    "COL Price": 2.45,
    "COL ppu": "$0.98 per 100G",
    "COL Size": "250g"
  },
  {
    "Brand_Product_Size": "Rimmel Exposed Maxi Blush Powder 9g",
    "COL Price": 9.6,
    "COL ppu": "$1.07 per 1G",
    "COL Size": "9g"
  },
  {
    "Brand_Product_Size": "Uncle Tobys Oats Quick Sachets Breakfast Cereal Creamy Vanilla 700g",
    "COL Price": 8,
    "COL ppu": "$1.14 per 100G",
    "COL Size": "700g"
  },
  {
    "Brand_Product_Size": "Patties Jalapeno Cheese Corn Bites 300g",
    "COL Price": 6,
    "COL ppu": "$2.00 per 100G",
    "COL Size": "300g"
  },
  {
    "Brand_Product_Size": "Thankyou Mint & Spring Flowers Body Wash 1L",
    "COL Price": 9.1,
    "COL ppu": "$0.91 per 100mL",
    "COL Size": "1L"
  },
  {
    "Brand_Product_Size": "Providore Premium Tomato Chilli Paste 130g",
    "COL Price": 2,
    "COL ppu": "$1.54 per 100G",
    "COL Size": "130g"
  },
  {
    "Brand_Product_Size": "Coles Silicone Bendy Straws 5 pack",
    "COL Price": 4,
    "COL ppu": "$0.80 per 1Ea",
    "COL Size": "5 pack"
  },
  {
    "Brand_Product_Size": "Peters Maxibon Vanilla 4 pack 620mL",
    "COL Price": 8.4,
    "COL ppu": "$1.35 per 100mL",
    "COL Size": "620mL"
  },
  {
    "Brand_Product_Size": "Coles Frozen Bake At Home Pain Au Chocolat 6 pack 420g",
    "COL Price": 6,
    "COL ppu": "$1.43 per 100G",
    "COL Size": "420g"
  },
  {
    "Brand_Product_Size": "Dine Tuna & Salmon Melting Soup Cat Food 40g",
    "COL Price": 1.05,
    "COL ppu": "$2.63 per 100G",
    "COL Size": "40g"
  },
  {
    "Brand_Product_Size": "Sostanza Semolina Crushed Wheat 500g",
    "COL Price": 4,
    "COL ppu": "$8.00 per 1Kg",
    "COL Size": "500g"
  },
  {
    "Brand_Product_Size": "Sukin Hydrating Conditioner 500mL",
    "COL Price": 18,
    "COL ppu": "$3.60 per 100mL",
    "COL Size": "500mL"
  },
  {
    "Brand_Product_Size": "Nudie Carrot Apple Orange & Ginger Juice Chilled 1L",
    "COL Price": 5.5,
    "COL ppu": "$5.50 per 1L",
    "COL Size": "1L"
  },
  {
    "Brand_Product_Size": "Colgate Sensitive Pro Relief Repair & Prevent Toothpaste 110g",
    "COL Price": 10,
    "COL ppu": "$9.09 per 100G",
    "COL Size": "110g"
  },
  {
    "Brand_Product_Size": "Air Wick Odour Neutralising Spray Eucalyptus & Freesia 236mL",
    "COL Price": 7,
    "COL ppu": "$2.97 per 100mL",
    "COL Size": "236mL"
  },
  {
    "Brand_Product_Size": "Aeroplane Ready To Eat Blackcurrant Jelly 120g",
    "COL Price": 1.4,
    "COL ppu": "$1.17 per 100G",
    "COL Size": "120g"
  },
  {
    "Brand_Product_Size": "Peckish Cracker Rice Salt Vinegar 6 Pack 120g",
    "COL Price": 3,
    "COL ppu": "$2.50 per 100G",
    "COL Size": "120g"
  },
  {
    "Brand_Product_Size": "Coles Kitchen Coleslaw 200g",
    "COL Price": 2,
    "COL ppu": "$10.00 per 1Kg",
    "COL Size": "200g"
  },
  {
    "Brand_Product_Size": "Nature's Way Instant Chocolate Protein Powder 375g",
    "COL Price": 21,
    "COL ppu": "$5.60 per 100G",
    "COL Size": "375g"
  },
  {
    "Brand_Product_Size": "Decor Match Ups Clips Oblong Container each",
    "COL Price": 6,
    "COL ppu": "$6.00 per 1Ea",
    "COL Size": "each"
  },
  {
    "Brand_Product_Size": "Coles Drinking Chocolate 400g",
    "COL Price": 3,
    "COL ppu": "$0.75 per 100G",
    "COL Size": "400g"
  },
  {
    "Brand_Product_Size": "Louisiana Jamalaya Rice Mix 212g",
    "COL Price": 7,
    "COL ppu": "$3.30 per 100G",
    "COL Size": "212g"
  },
  {
    "Brand_Product_Size": "Illy Espresso Classico Capsules 10 pack",
    "COL Price": 7.5,
    "COL ppu": "$0.75 per 1Ea",
    "COL Size": "10 pack"
  },
  {
    "Brand_Product_Size": "Dr Beckmann Washing Machine Cleaner 250mL",
    "COL Price": 5,
    "COL ppu": "$20.00 per 1L",
    "COL Size": "250mL"
  },
  {
    "Brand_Product_Size": "CSR Treacle Syrup 850g",
    "COL Price": 4.5,
    "COL ppu": "$0.53 per 100G",
    "COL Size": "850g"
  },
  {
    "Brand_Product_Size": "Dine Desire Tuna Slices in Jus Grain Free Wet Cat Food Can 85g",
    "COL Price": 1.9,
    "COL ppu": "$2.24 per 100G",
    "COL Size": "85g"
  },
  {
    "Brand_Product_Size": "Flora Plant Vegan Dairy Free Margarine Spread Original 300g",
    "COL Price": 3.2,
    "COL ppu": "$1.07 per 100G",
    "COL Size": "300g"
  },
  {
    "Brand_Product_Size": "Coles Italian Crushed Tomatoes with Basil & Oregano 400g",
    "COL Price": 1.2,
    "COL ppu": "$3.00 per 1Kg",
    "COL Size": "400g"
  },
  {
    "Brand_Product_Size": "Odor Eaters Work Wear Insole each",
    "COL Price": 7,
    "COL ppu": "$3.50 per 1Ea",
    "COL Size": "each"
  },
  {
    "Brand_Product_Size": "Dettol Antibacterial Floor Cleaning 25 Wipes Lemon and Lime 1 pack",
    "COL Price": 9,
    "COL ppu": "$9.00 per 1Ea",
    "COL Size": "1 pack"
  },
  {
    "Brand_Product_Size": "Duracell 200 Lumen Head Lamp 3 AAA each",
    "COL Price": 18,
    "COL ppu": "$18.00 per 1Ea",
    "COL Size": "each"
  },
  {
    "Brand_Product_Size": "Biozet Attack Plus Eliminator Laundry Liquid 2L",
    "COL Price": 22,
    "COL ppu": "$11.00 per 1L",
    "COL Size": "2L"
  },
  {
    "Brand_Product_Size": "Smith's Baked Chicken 130g",
    "COL Price": 2.5,
    "COL ppu": "$1.92 per 100G",
    "COL Size": "130g"
  },
  {
    "Brand_Product_Size": "Palmolive Kids 3 In 1 Happy Apple Shampoo Conditioner & Body Wash 350mL",
    "COL Price": 4.5,
    "COL ppu": "$1.29 per 100mL",
    "COL Size": "350mL"
  },
  {
    "Brand_Product_Size": "Daley Street Medium/Dark Coffee Ground 200g",
    "COL Price": 4.5,
    "COL ppu": "$2.25 per 100G",
    "COL Size": "200g"
  },
  {
    "Brand_Product_Size": "Sabco Latex Free Gloves Medium 1 pair",
    "COL Price": 3.9,
    "COL ppu": "$3.90 per 1Ea",
    "COL Size": "1 pair"
  },
  {
    "Brand_Product_Size": "Valcom Green Curry Paste 210g",
    "COL Price": 3.2,
    "COL ppu": "$1.52 per 100G",
    "COL Size": "210g"
  },
  {
    "Brand_Product_Size": "Coles Macadamia Nuts 150g",
    "COL Price": 8,
    "COL ppu": "$53.34 per 1Kg",
    "COL Size": "150g"
  },
  {
    "Brand_Product_Size": "K-Roo Kangaroo Diced 500g",
    "COL Price": 9.4,
    "COL ppu": "$18.80 per 1Kg",
    "COL Size": "500g"
  },
  {
    "Brand_Product_Size": "Meat Mates Dog Food Chicken Dinner Pouch 100g",
    "COL Price": 2,
    "COL ppu": "$2.00 per 100G",
    "COL Size": "100g"
  },
  {
    "Brand_Product_Size": "Sanitarium Weet-Bix Blends Multi-Grain Breakfast Cereal 575g",
    "COL Price": 5.3,
    "COL ppu": "$0.92 per 100G",
    "COL Size": "575g"
  },
  {
    "Brand_Product_Size": "Fit Lato Caramel Cookie Dough Swirl 473mL",
    "COL Price": 11.95,
    "COL ppu": "$2.53 per 100mL",
    "COL Size": "473mL"
  },
  {
    "Brand_Product_Size": "Bertocchi Sliced Triple Smoked Leg Ham approx.125g",
    "COL Price": 3.25,
    "COL ppu": "$26.00 per 1Kg",
    "COL Size": "approx.125g"
  },
  {
    "Brand_Product_Size": "Palmolive Lemon & White Citrus Hand Sanitiser 48mL",
    "COL Price": 3,
    "COL ppu": "$6.25 per 100mL",
    "COL Size": "48mL"
  },
  {
    "Brand_Product_Size": "Go Natural Coffee Energy Latte Snap 40g",
    "COL Price": 3,
    "COL ppu": "$7.50 per 100G",
    "COL Size": "40g"
  },
  {
    "Brand_Product_Size": "Coles Deli Salad Large Tubs Potato Egg & Bacon Salad Salad Large",
    "COL Price": 7,
    "COL ppu": "$7.00 per 1Ea",
    "COL Size": "Large"
  },
  {
    "Brand_Product_Size": "John West Soy & Caramelised Garlic In Oil Deli Tuna 90g",
    "COL Price": 2.7,
    "COL ppu": "$30.00 per 1Kg",
    "COL Size": "90g"
  },
  {
    "Brand_Product_Size": "Schwarzkopf Extra Care Super Hold Hair Lacquer 400g",
    "COL Price": 9,
    "COL ppu": "$2.25 per 100G",
    "COL Size": "400g"
  },
  {
    "Brand_Product_Size": "OMO Active Clean Top & Front Loader Laundry Detergent Washing Powder 1kg",
    "COL Price": 10,
    "COL ppu": "$10.00 per 1Kg",
    "COL Size": "1kg"
  },
  {
    "Brand_Product_Size": "Huy Fong Foods Inc. Chili Garlic Sauce 226g",
    "COL Price": 5.2,
    "COL ppu": "$2.30 per 100G",
    "COL Size": "226g"
  },
  {
    "Brand_Product_Size": "Lindt Lindor Assorted Bag 125g",
    "COL Price": 6,
    "COL ppu": "$4.80 per 100G",
    "COL Size": "125g"
  },
  {
    "Brand_Product_Size": "Sirena Italian Style Salad With Tuna 170g",
    "COL Price": 4,
    "COL ppu": "$23.53 per 1Kg",
    "COL Size": "170g"
  },
  {
    "Brand_Product_Size": "Cadbury Milk Chocolate Melting Buttons 225g",
    "COL Price": 3,
    "COL ppu": "$1.33 per 100G",
    "COL Size": "225g"
  },
  {
    "Brand_Product_Size": "Espressotoria Latte Blend Capsules 12 pack",
    "COL Price": 4.2,
    "COL ppu": "$0.35 per 1Ea",
    "COL Size": "12 pack"
  },
  {
    "Brand_Product_Size": "Coles Kitchen Slow Cooked Chicken Marylands 650g",
    "COL Price": 10,
    "COL ppu": "$1.54 per 100G",
    "COL Size": "650g"
  },
  {
    "Brand_Product_Size": "Elmer's Color Changing Glue Blue To Purple 147mL",
    "COL Price": 10,
    "COL ppu": "$6.80 per 100mL",
    "COL Size": "147mL"
  },
  {
    "Brand_Product_Size": "Leggo's Organic Tomato Paste 2 Pack 280g",
    "COL Price": 3.7,
    "COL ppu": "$1.32 per 100G",
    "COL Size": "280g"
  },
  {
    "Brand_Product_Size": "John West Flame Grilled Capsicum In Oil Deli Tuna 90g",
    "COL Price": 2.7,
    "COL ppu": "$30.00 per 1Kg",
    "COL Size": "90g"
  },
  {
    "Brand_Product_Size": "Nuttelex Buttery Spread 500g",
    "COL Price": 3,
    "COL ppu": "$0.60 per 100G",
    "COL Size": "500g"
  },
  {
    "Brand_Product_Size": "Five Tastes Thai Green Curry Paste 210g",
    "COL Price": 3,
    "COL ppu": "$1.43 per 100G",
    "COL Size": "210g"
  },
  {
    "Brand_Product_Size": "Daley Street Medium/Dark Coffee Beans 200g",
    "COL Price": 4.5,
    "COL ppu": "$2.25 per 100G",
    "COL Size": "200g"
  },
  {
    "Brand_Product_Size": "Old El Paso Spice Mix For Guacamole Mild 30g",
    "COL Price": 2,
    "COL ppu": "$0.67 per 10G",
    "COL Size": "30g"
  },
  {
    "Brand_Product_Size": "Coles Ultra Dishwasher Cleaner 250mL",
    "COL Price": 3,
    "COL ppu": "$1.20 per 100mL",
    "COL Size": "250mL"
  },
  {
    "Brand_Product_Size": "Nature's Gift Just Natural Meatballs With Chicken Brown Rice & Garden Vegetables Dry Dog Food 700g",
    "COL Price": 5,
    "COL ppu": "$0.71 per 100G",
    "COL Size": "700g"
  },
  {
    "Brand_Product_Size": "Nestle Kit Kat Hazelnutty Block 170g",
    "COL Price": 5,
    "COL ppu": "$2.94 per 100G",
    "COL Size": "170g"
  },
  {
    "Brand_Product_Size": "Coles Dried Premium Deglet Nour Dates 150g",
    "COL Price": 4,
    "COL ppu": "$26.67 per 1Kg",
    "COL Size": "150g"
  },
  {
    "Brand_Product_Size": "Food For Health Almond Apple & Maple Gf Porridge 240g",
    "COL Price": 8,
    "COL ppu": "$3.33 per 100G",
    "COL Size": "240g"
  },
  {
    "Brand_Product_Size": "Cuddly Ocean Wave Fabric Conditioner 850mL",
    "COL Price": 7,
    "COL ppu": "$8.24 per 1L",
    "COL Size": "850mL"
  },
  {
    "Brand_Product_Size": "Coles Deli Seafood Salmon Skin Off approx. 250g",
    "COL Price": 7.25,
    "COL ppu": "$29.00 per 1Kg",
    "COL Size": "approx. 250g"
  },
  {
    "Brand_Product_Size": "Deep Spring Orange & Passionfruit Flavoured Sparkling Mineral Water 1.25L",
    "COL Price": 1.15,
    "COL ppu": "$0.92 per 1L",
    "COL Size": "1.25L"
  },
  {
    "Brand_Product_Size": "British Lincolnshire Sausage Bag 450g",
    "COL Price": 7.5,
    "COL ppu": "$1.67 per 100G",
    "COL Size": "450g"
  },
  {
    "Brand_Product_Size": "La Ice Soft Drink Cola 2L",
    "COL Price": 1.6,
    "COL ppu": "$0.80 per 1L",
    "COL Size": "2L"
  },
  {
    "Brand_Product_Size": "Sukin Colour Care Conditioner 500mL",
    "COL Price": 18,
    "COL ppu": "$3.60 per 100mL",
    "COL Size": "500mL"
  },
  {
    "Brand_Product_Size": "Chobani Strawberry Yoghurt Pouch 140g",
    "COL Price": 2.25,
    "COL ppu": "$1.61 per 100G",
    "COL Size": "140g"
  },
  {
    "Brand_Product_Size": "Simba Cheesey Nik Naks 135g",
    "COL Price": 2.9,
    "COL ppu": "$2.15 per 100G",
    "COL Size": "135g"
  },
  {
    "Brand_Product_Size": "Yoplait Forme Classics Yoghurt 160g 6 pack",
    "COL Price": 5,
    "COL ppu": "$0.52 per 100G",
    "COL Size": "6 pack"
  },
  {
    "Brand_Product_Size": "Fancy Feast Savory Centers Cat Food Chicken Pate 85g",
    "COL Price": 2,
    "COL ppu": "$2.35 per 100G",
    "COL Size": "85g"
  },
  {
    "Brand_Product_Size": "Oreo Strawberry Crme Cookies 133g",
    "COL Price": 1.5,
    "COL ppu": "$1.13 per 100G",
    "COL Size": "133g"
  },
  {
    "Brand_Product_Size": "Ziploc Freezer Bags Large 14 pack",
    "COL Price": 4,
    "COL ppu": "$0.29 per 1Ea",
    "COL Size": "14 pack"
  },
  {
    "Brand_Product_Size": "Lavazza Espresso Intenso Intensita 13 Ground Coffee 16 Capsules 120g",
    "COL Price": 11,
    "COL ppu": "$9.17 per 100G",
    "COL Size": "120g"
  },
  {
    "Brand_Product_Size": "Queen Victoria English Breakfast Extra Strong Tea 50 pack",
    "COL Price": 6,
    "COL ppu": "$0.12 per 1Ea",
    "COL Size": "50 pack"
  },
  {
    "Brand_Product_Size": "Revlon Super Lustrous Soft Silver Rose Lipstick 4.2g",
    "COL Price": 25,
    "COL ppu": "$59.53 per 10G",
    "COL Size": "4.2g"
  },
  {
    "Brand_Product_Size": "Coles Vanilla Cake Mix 470g",
    "COL Price": 3,
    "COL ppu": "$0.64 per 100G",
    "COL Size": "470g"
  },
  {
    "Brand_Product_Size": "Wrigley's Extra Spearmint Sugar Free Chewing Gum 3 x 14 Piece Pack 81g",
    "COL Price": 4,
    "COL ppu": "$4.94 per 100G",
    "COL Size": "81g"
  },
  {
    "Brand_Product_Size": "Gusparo Chocolate Coated Mini Cakes 8 pack 280g",
    "COL Price": 3.8,
    "COL ppu": "$1.36 per 100G",
    "COL Size": "280g"
  },
  {
    "Brand_Product_Size": "Rafferty's Garden Banana Pear & Mango Baby Food 4+ Months 120g",
    "COL Price": 1.5,
    "COL ppu": "$1.25 per 100G",
    "COL Size": "120g"
  },
  {
    "Brand_Product_Size": "Mayver's Smunchy Unsalted Peanut Butter 375g",
    "COL Price": 5,
    "COL ppu": "$1.33 per 100G",
    "COL Size": "375g"
  },
  {
    "Brand_Product_Size": "Lee Kum Kee Sweet & Sour Sauce 240g",
    "COL Price": 4.15,
    "COL ppu": "$1.73 per 100G",
    "COL Size": "240g"
  },
  {
    "Brand_Product_Size": "Coles Candle No 3 each",
    "COL Price": 1.5,
    "COL ppu": "$1.50 per 1Ea",
    "COL Size": "each"
  },
  {
    "Brand_Product_Size": "Batiste Coconut & Exotic Tropical Dry Shampoo 200mL",
    "COL Price": 10,
    "COL ppu": "$5.00 per 100mL",
    "COL Size": "200mL"
  },
  {
    "Brand_Product_Size": "Kezs Kitchen Gluten Free Brownie Bar Pro Choc Peppermint 45g",
    "COL Price": 2,
    "COL ppu": "$4.44 per 100G",
    "COL Size": "45g"
  },
  {
    "Brand_Product_Size": "Suimin Mi Goreng Noodle Cup 70g",
    "COL Price": 1.2,
    "COL ppu": "$1.71 per 100G",
    "COL Size": "70g"
  },
  {
    "Brand_Product_Size": "Gravox Traditional Liquid Gravy 250g",
    "COL Price": 2.85,
    "COL ppu": "$1.14 per 100G",
    "COL Size": "250g"
  },
  {
    "Brand_Product_Size": "Tresemme Deep Cleansing Shampoo 900mL",
    "COL Price": 7,
    "COL ppu": "$0.78 per 100mL",
    "COL Size": "900mL"
  },
  {
    "Brand_Product_Size": "Coles Thawed Seafood Squid Tubes approx. 250g",
    "COL Price": 4.5,
    "COL ppu": "$18.00 per 1Kg",
    "COL Size": "approx. 250g"
  },
  {
    "Brand_Product_Size": "La Casa Del Formaggio Mozzarella Cheese 200g",
    "COL Price": 5.5,
    "COL ppu": "$27.50 per 1Kg",
    "COL Size": "200g"
  },
  {
    "Brand_Product_Size": "Olay Regenerist Micro Sculpting Cream 50g",
    "COL Price": 49,
    "COL ppu": "$98.00 per 100G",
    "COL Size": "50g"
  },
  {
    "Brand_Product_Size": "Coles Kitchen Loaded Supreme Pizza 470g",
    "COL Price": 5,
    "COL ppu": "$1.06 per 100G",
    "COL Size": "470g"
  },
  {
    "Brand_Product_Size": "Coles Mini Tart Shells 192g 12 pack",
    "COL Price": 4,
    "COL ppu": "$0.33 per 1Ea",
    "COL Size": "12 pack"
  },
  {
    "Brand_Product_Size": "Coles Asia Sesame Oil 370mL",
    "COL Price": 6,
    "COL ppu": "$1.62 per 100mL",
    "COL Size": "370mL"
  },
  {
    "Brand_Product_Size": "Nestle Golden Rough With Roasted Coconut Choclate Block 170g",
    "COL Price": 3,
    "COL ppu": "$1.76 per 100G",
    "COL Size": "170g"
  },
  {
    "Brand_Product_Size": "On The Menu Fettuccine Carbonara 400g",
    "COL Price": 4.5,
    "COL ppu": "$1.13 per 100G",
    "COL Size": "400g"
  },
  {
    "Brand_Product_Size": "Devondale Full Cream Long Life Milk 6 pack 1.2L",
    "COL Price": 3.2,
    "COL ppu": "$2.67 per 1L",
    "COL Size": "1.2L"
  },
  {
    "Brand_Product_Size": "Capilano Clear Honey Twist & Squeeze 375g",
    "COL Price": 7.2,
    "COL ppu": "$1.92 per 100G",
    "COL Size": "375g"
  },
  {
    "Brand_Product_Size": "Coles Finest Tasmanian Quince Paste approx. 100g",
    "COL Price": 3.3,
    "COL ppu": "$33.00 per 1Kg",
    "COL Size": "approx. 100g"
  },
  {
    "Brand_Product_Size": "Belvita Chocolate & Cranberry Coconut Bites 90g",
    "COL Price": 3.7,
    "COL ppu": "$4.11 per 100G",
    "COL Size": "90g"
  },
  {
    "Brand_Product_Size": "Pantene Long & Strong Shampoo 375mL",
    "COL Price": 8,
    "COL ppu": "$2.13 per 100mL",
    "COL Size": "375mL"
  },
  {
    "Brand_Product_Size": "The Natural Confectionary Co. Dinosaurs Lollies 260g",
    "COL Price": 2,
    "COL ppu": "$0.77 per 100G",
    "COL Size": "260g"
  },
  {
    "Brand_Product_Size": "Latina Fresh Beef Bolognese 425g",
    "COL Price": 6,
    "COL ppu": "$1.41 per 100G",
    "COL Size": "425g"
  },
  {
    "Brand_Product_Size": "Skittles Fruits Lollies Bottle 100g",
    "COL Price": 3,
    "COL ppu": "$3.00 per 100G",
    "COL Size": "100g"
  },
  {
    "Brand_Product_Size": "L'Oreal Preference Platinum 8L Permanent Hair Colour 1 pack",
    "COL Price": 9.5,
    "COL ppu": "$9.50 per 1Ea",
    "COL Size": "1 pack"
  },
  {
    "Brand_Product_Size": "Go Natural Protein Double Choc Snap 120g",
    "COL Price": 7,
    "COL ppu": "$5.83 per 100G",
    "COL Size": "120g"
  },
  {
    "Brand_Product_Size": "Sirena Garlic Infused Tuna In Oil 95g",
    "COL Price": 2.7,
    "COL ppu": "$28.42 per 1Kg",
    "COL Size": "95g"
  },
  {
    "Brand_Product_Size": "Bulla Crunch Double Chocolate Ice Cream Sticks 8 pack 631mL",
    "COL Price": 7,
    "COL ppu": "$1.11 per 100mL",
    "COL Size": "631mL"
  },
  {
    "Brand_Product_Size": "Coles Urban Coffee Culture Intensity 7 Whole Roast Beans Medium 1kg",
    "COL Price": 12,
    "COL ppu": "$12.00 per 1Kg",
    "COL Size": "1kg"
  },
  {
    "Brand_Product_Size": "4Legs Gourmet Receipe Lamb With Beetroot & Green Beans 1.3kg",
    "COL Price": 7,
    "COL ppu": "$0.54 per 100G",
    "COL Size": "1.3kg"
  },
  {
    "Brand_Product_Size": "The Good Crisp Co Potato Chips Smokey Barbeque 160g",
    "COL Price": 4,
    "COL ppu": "$2.50 per 100G",
    "COL Size": "160g"
  },
  {
    "Brand_Product_Size": "Coon Tasty Cheese Slices 750g",
    "COL Price": 10,
    "COL ppu": "$13.33 per 1Kg",
    "COL Size": "750g"
  },
  {
    "Brand_Product_Size": "Maggi Dry Recipe Base Beef Stroganoff 41g",
    "COL Price": 1.75,
    "COL ppu": "$4.27 per 100G",
    "COL Size": "41g"
  },
  {
    "Brand_Product_Size": "Gravox Traditional Gravy Mix 425g",
    "COL Price": 4.45,
    "COL ppu": "$0.10 per 10G",
    "COL Size": "425g"
  },
  {
    "Brand_Product_Size": "Mitchum Men's Roll On Sport Antiperspirant Deodorant 50mL",
    "COL Price": 3.8,
    "COL ppu": "$7.60 per 100mL",
    "COL Size": "50mL"
  },
  {
    "Brand_Product_Size": "Coles Lactose Free Long Life Full Cream Milk 1L",
    "COL Price": 1.7,
    "COL ppu": "$1.70 per 1L",
    "COL Size": "1L"
  },
  {
    "Brand_Product_Size": "Sirena Chilli Tuna 185g",
    "COL Price": 4.3,
    "COL ppu": "$23.24 per 1Kg",
    "COL Size": "185g"
  },
  {
    "Brand_Product_Size": "Voost Energy Effervescent Tablets 40 pack",
    "COL Price": 13,
    "COL ppu": "$0.33 per 1Ea",
    "COL Size": "40 pack"
  },
  {
    "Brand_Product_Size": "Cadbury Dairy Milk Freddo 3D Adventure 25g",
    "COL Price": 2.5,
    "COL ppu": "$10.00 per 100G",
    "COL Size": "25g"
  },
  {
    "Brand_Product_Size": "Kinder Surprise Chocolate Egg Pink 20g",
    "COL Price": 2.2,
    "COL ppu": "$11.00 per 100G",
    "COL Size": "20g"
  },
  {
    "Brand_Product_Size": "Nyakers Ginger Snaps Original 150g",
    "COL Price": 3.5,
    "COL ppu": "$2.33 per 100G",
    "COL Size": "150g"
  },
  {
    "Brand_Product_Size": "Coles Vegan Smooth & Creamy Garlic Aioli 240mL",
    "COL Price": 3,
    "COL ppu": "$1.25 per 100mL",
    "COL Size": "240mL"
  },
  {
    "Brand_Product_Size": "Hoyts Hungarian Sweet Paprika 100g",
    "COL Price": 2.4,
    "COL ppu": "$0.24 per 10G",
    "COL Size": "100g"
  },
  {
    "Brand_Product_Size": "Kellogg's Special K Forest Berries Smoothie Blend Protein Drink With Real Fruit 140g",
    "COL Price": 2,
    "COL ppu": "$1.43 per 100G",
    "COL Size": "140g"
  },
  {
    "Brand_Product_Size": "Sunrice Rice & Quinoa 750g",
    "COL Price": 3.5,
    "COL ppu": "$0.47 per 100G",
    "COL Size": "750g"
  },
  {
    "Brand_Product_Size": "Vege Deli Crisps Lentil Sriracha Chips 100g",
    "COL Price": 5.5,
    "COL ppu": "$5.50 per 100G",
    "COL Size": "100g"
  },
  {
    "Brand_Product_Size": "Artisan Sour Red Cherries 90g",
    "COL Price": 7,
    "COL ppu": "$77.79 per 1Kg",
    "COL Size": "90g"
  },
  {
    "Brand_Product_Size": "Coles Thin BBQ Beef Sausages 1.8kg",
    "COL Price": 11,
    "COL ppu": "$6.11 per 1Kg",
    "COL Size": "1.8kg"
  },
  {
    "Brand_Product_Size": "Coles Shredded Mozzarella Cheese 250g",
    "COL Price": 4.2,
    "COL ppu": "$16.80 per 1Kg",
    "COL Size": "250g"
  },
  {
    "Brand_Product_Size": "Poppin Butter Microwave Popcorn 100g",
    "COL Price": 1.75,
    "COL ppu": "$1.75 per 100G",
    "COL Size": "100g"
  },
  {
    "Brand_Product_Size": "Nature's Organics Fruits Cocont & Lime Conditioner 500mL",
    "COL Price": 1.9,
    "COL ppu": "$0.38 per 100mL",
    "COL Size": "500mL"
  },
  {
    "Brand_Product_Size": "Palmolive Naturals Smooth & Shine Shampoo 350mL",
    "COL Price": 4.5,
    "COL ppu": "$1.29 per 100mL",
    "COL Size": "350mL"
  },
  {
    "Brand_Product_Size": "Rimmel Wonder'luxe Volume Mascara Brown Black 11mL",
    "COL Price": 12.6,
    "COL ppu": "$11.45 per 10mL",
    "COL Size": "11mL"
  },
  {
    "Brand_Product_Size": "Pana Organic Salted Choc & Caramel Ice Cream 475mL",
    "COL Price": 11,
    "COL ppu": "$2.32 per 100mL",
    "COL Size": "475mL"
  },
  {
    "Brand_Product_Size": "Starbucks Italian Roast Capsules 10 pack",
    "COL Price": 6.9,
    "COL ppu": "$0.69 per 1Ea",
    "COL Size": "10 pack"
  },
  {
    "Brand_Product_Size": "Barker's Strawberry Jam 455g",
    "COL Price": 5,
    "COL ppu": "$1.10 per 100G",
    "COL Size": "455g"
  },
  {
    "Brand_Product_Size": "Tamar Valley Kids Natural Greek Tropical Yoghurt Pouch 110g",
    "COL Price": 1.3,
    "COL ppu": "$1.18 per 100G",
    "COL Size": "110g"
  },
  {
    "Brand_Product_Size": "Coles Salted Butter 250g",
    "COL Price": 2.8,
    "COL ppu": "$1.12 per 100G",
    "COL Size": "250g"
  },
  {
    "Brand_Product_Size": "Gaganis Premium Green Brown Lentils 1kg",
    "COL Price": 4.75,
    "COL ppu": "$4.75 per 1Kg",
    "COL Size": "1kg"
  },
  {
    "Brand_Product_Size": "Coca-Cola Classic Coke Multipack Cans 375mL 10 pack",
    "COL Price": 13.75,
    "COL ppu": "$3.67 per 1L",
    "COL Size": "10 pack"
  },
  {
    "Brand_Product_Size": "Swisse Ultiboost Vitamin C Chewable 110 pack",
    "COL Price": 5.5,
    "COL ppu": "$5.00 per 100Ea",
    "COL Size": "110 pack"
  },
  {
    "Brand_Product_Size": "Coles Kombucha 10 pack 700mL",
    "COL Price": 6,
    "COL ppu": "$0.86 per 100mL",
    "COL Size": "700mL"
  },
  {
    "Brand_Product_Size": "Coles Pork Leg Roast Boneless approx. 2.1kg each",
    "COL Price": 17.85,
    "COL ppu": "$8.50 per 1Kg",
    "COL Size": "approx. 2.1kg each"
  },
  {
    "Brand_Product_Size": "Coles Alfalfa Sprouts Prepacked 125g",
    "COL Price": 2.2,
    "COL ppu": "$17.60 per 1Kg",
    "COL Size": "125g"
  },
  {
    "Brand_Product_Size": "Pauls Vanilla Custard 2kg",
    "COL Price": 7,
    "COL ppu": "$0.35 per 100G",
    "COL Size": "2kg"
  },
  {
    "Brand_Product_Size": "L'Oreal Paris Age Perfect Very Light Radient Blonde 10 Hair Colour 1 pack",
    "COL Price": 20,
    "COL ppu": "$20.00 per 1Ea",
    "COL Size": "1 pack"
  },
  {
    "Brand_Product_Size": "Coles Natural Spring Water 10L",
    "COL Price": 4,
    "COL ppu": "$0.40 per 1L",
    "COL Size": "10L"
  },
  {
    "Brand_Product_Size": "L'Oreal Paris Infallible Concealer Ivory 11mL",
    "COL Price": 21,
    "COL ppu": "$19.09 per 10mL",
    "COL Size": "11mL"
  },
  {
    "Brand_Product_Size": "Natvia Topping Chocolate 250mL",
    "COL Price": 5.7,
    "COL ppu": "$2.28 per 100mL",
    "COL Size": "250mL"
  },
  {
    "Brand_Product_Size": "Old El Paso Spice Mix For Soft Tacos Mild 35g",
    "COL Price": 2,
    "COL ppu": "$0.57 per 10G",
    "COL Size": "35g"
  },
  {
    "Brand_Product_Size": "Palmolive Naturals Milk & Honey Shower Gel 100mL",
    "COL Price": 2,
    "COL ppu": "$2.00 per 100mL",
    "COL Size": "100mL"
  },
  {
    "Brand_Product_Size": "White Wings Plain Flour 2kg",
    "COL Price": 4,
    "COL ppu": "$2.00 per 1Kg",
    "COL Size": "2kg"
  },
  {
    "Brand_Product_Size": "Alfa One Pure Rice Bran Oil BBQ Spray 225g",
    "COL Price": 5.1,
    "COL ppu": "$2.27 per 100G",
    "COL Size": "225g"
  },
  {
    "Brand_Product_Size": "Coles Brown Onions approx. 180g each",
    "COL Price": 0.54,
    "COL ppu": "$3.00 per 1Kg",
    "COL Size": "approx. 180g each"
  },
  {
    "Brand_Product_Size": "Batchelors Original Mushy Peas 300g",
    "COL Price": 2,
    "COL ppu": "$6.67 per 1Kg",
    "COL Size": "300g"
  },
  {
    "Brand_Product_Size": "Coles Finest Dutch 1000 Day Aged Gouda approx. 100g",
    "COL Price": 6,
    "COL ppu": "$60.00 per 1Kg",
    "COL Size": "approx. 100g"
  },
  {
    "Brand_Product_Size": "Lux White Soft Caress Soap 6 pack",
    "COL Price": 3.6,
    "COL ppu": "$0.71 per 100G",
    "COL Size": "6 pack"
  },
  {
    "Brand_Product_Size": "Times Up Mouse Trap Twin Pack 2 pack",
    "COL Price": 3.5,
    "COL ppu": "$1.75 per 1Ea",
    "COL Size": "2 pack"
  },
  {
    "Brand_Product_Size": "Restaurant Collection Grilled Spiced Cauliflower With Romesco 570g",
    "COL Price": 12.5,
    "COL ppu": "$2.19 per 100G",
    "COL Size": "570g"
  },
  {
    "Brand_Product_Size": "Sukin Purely Ageless Restorative Night Cream 120mL",
    "COL Price": 26,
    "COL ppu": "$21.67 per 100mL",
    "COL Size": "120mL"
  },
  {
    "Brand_Product_Size": "Coles Gluten Free White Wraps 4 pack 200g",
    "COL Price": 5,
    "COL ppu": "$2.50 per 100G",
    "COL Size": "200g"
  },
  {
    "Brand_Product_Size": "Doritos Cheese Supreme Corn Chips 380g",
    "COL Price": 7,
    "COL ppu": "$1.84 per 100G",
    "COL Size": "380g"
  },
  {
    "Brand_Product_Size": "Mitchum Women's Roll On Shower Fresh Antiperspirant Deodorant 50mL",
    "COL Price": 3.8,
    "COL ppu": "$7.60 per 100mL",
    "COL Size": "50mL"
  },
  {
    "Brand_Product_Size": "All Natural Bakery Nut Delight Oat Slices 100g",
    "COL Price": 2.15,
    "COL ppu": "$2.15 per 100G",
    "COL Size": "100g"
  },
  {
    "Brand_Product_Size": "Crest Automatic Night Light 240V each",
    "COL Price": 11,
    "COL ppu": "$11.00 per 1Ea",
    "COL Size": "each"
  },
  {
    "Brand_Product_Size": "Oates All Australian Mop Bucket 9 Litre each",
    "COL Price": 39.15,
    "COL ppu": "$39.15 per 1Ea",
    "COL Size": "each"
  },
  {
    "Brand_Product_Size": "Trident Thai Tom Yum Goong Soup 50g",
    "COL Price": 1.1,
    "COL ppu": "$2.20 per 100G",
    "COL Size": "50g"
  },
  {
    "Brand_Product_Size": "L&P Soft Drink Can 440mL",
    "COL Price": 2.4,
    "COL ppu": "$0.55 per 100mL",
    "COL Size": "440mL"
  },
  {
    "Brand_Product_Size": "Ocean Spray Pink Cranberry Fruit Drink 1.5L",
    "COL Price": 4.05,
    "COL ppu": "$2.70 per 1L",
    "COL Size": "1.5L"
  },
  {
    "Brand_Product_Size": "Plantry Meal Frozen Thai Green Curry 350g",
    "COL Price": 6,
    "COL ppu": "$1.71 per 100G",
    "COL Size": "350g"
  },
  {
    "Brand_Product_Size": "Elmers Magical Liquid each",
    "COL Price": 10,
    "COL ppu": "$10.00 per 1Ea",
    "COL Size": "each"
  },
  {
    "Brand_Product_Size": "Cornwell's White Vinegar 375mL",
    "COL Price": 2.15,
    "COL ppu": "$0.57 per 100mL",
    "COL Size": "375mL"
  },
  {
    "Brand_Product_Size": "Cook & dine Staineless Steel Colander 24cm each",
    "COL Price": 6,
    "COL ppu": "$6.00 per 1Ea",
    "COL Size": "each"
  },
  {
    "Brand_Product_Size": "Freedom Foods Cereal Rice Puffs 250g",
    "COL Price": 4,
    "COL ppu": "$1.60 per 100G",
    "COL Size": "250g"
  },
  {
    "Brand_Product_Size": "The Organic Milk Company Salted Butter 250g",
    "COL Price": 5.5,
    "COL ppu": "$2.20 per 100G",
    "COL Size": "250g"
  },
  {
    "Brand_Product_Size": "Aunt Betty's Gooey Golden Syrup Steamy Puds 2 Pack 190g",
    "COL Price": 4,
    "COL ppu": "$2.11 per 100G",
    "COL Size": "190g"
  },
  {
    "Brand_Product_Size": "Golden Circle Mango Nectar Fruit Drink 2L",
    "COL Price": 3,
    "COL ppu": "$1.50 per 1L",
    "COL Size": "2L"
  },
  {
    "Brand_Product_Size": "Rufus & Coco Echargeable Laser Cat Toy 1 pack",
    "COL Price": 12,
    "COL ppu": "$12.00 per 1Ea",
    "COL Size": "1 pack"
  },
  {
    "Brand_Product_Size": "LPO Rewind Age Defence Day Cream SPF 15 50mL",
    "COL Price": 19.2,
    "COL ppu": "$38.40 per 100mL",
    "COL Size": "50mL"
  },
  {
    "Brand_Product_Size": "Sunsol Probiotic Kids Cereal Apple Crunch 230g",
    "COL Price": 5,
    "COL ppu": "$2.17 per 100G",
    "COL Size": "230g"
  },
  {
    "Brand_Product_Size": "Health Lab Almond Nut Protein Balls 3x40g 120g",
    "COL Price": 7.5,
    "COL ppu": "$6.25 per 100G",
    "COL Size": "120g"
  },
  {
    "Brand_Product_Size": "Rokeby Farms Nas Banana Honey Cinnamon Smoothie 425mL",
    "COL Price": 3.05,
    "COL ppu": "$7.18 per 1L",
    "COL Size": "425mL"
  },
  {
    "Brand_Product_Size": "Pitango Free Range Soup Chicken & Vegetable 600g",
    "COL Price": 6.5,
    "COL ppu": "$1.08 per 100G",
    "COL Size": "600g"
  },
  {
    "Brand_Product_Size": "Carefree ProComfort Mini Tampons 16 pack",
    "COL Price": 4.25,
    "COL ppu": "$0.27 per 1Ea",
    "COL Size": "16 pack"
  },
  {
    "Brand_Product_Size": "Sabco Domed Cobweb Broom each",
    "COL Price": 14.5,
    "COL ppu": "$14.50 per 1Ea",
    "COL Size": "each"
  },
  {
    "Brand_Product_Size": "Barilla Fusille Pasta No 98 500g",
    "COL Price": 2,
    "COL ppu": "$0.40 per 100G",
    "COL Size": "500g"
  },
  {
    "Brand_Product_Size": "Coles RSPCA Approved Mini Chicken Roast Boneless With Basil, Sundried Tomato & Mozzarella Stuffing 400g",
    "COL Price": 6.5,
    "COL ppu": "$16.25 per 1Kg",
    "COL Size": "400g"
  },
  {
    "Brand_Product_Size": "Garnier Fructis Full & Luscious Shampoo 850mL",
    "COL Price": 7.5,
    "COL ppu": "$0.88 per 100mL",
    "COL Size": "850mL"
  },
  {
    "Brand_Product_Size": "Sabco Long Handled Scrub 7.5g",
    "COL Price": 4.5,
    "COL ppu": "$6.00 per 10G",
    "COL Size": "7.5g"
  },
  {
    "Brand_Product_Size": "Bounce Gluten Free Peanut Energy Protein Ball 49g",
    "COL Price": 2,
    "COL ppu": "$0.41 per 10G",
    "COL Size": "49g"
  },
  {
    "Brand_Product_Size": "Listerine Teeth Defence with Fluoride Mouthwash 1L",
    "COL Price": 9.39,
    "COL ppu": "$0.94 per 100mL",
    "COL Size": "1L"
  },
  {
    "Brand_Product_Size": "Coles Extra Strong Mints 200g",
    "COL Price": 1.42,
    "COL ppu": "$0.71 per 100G",
    "COL Size": "200g"
  },
  {
    "Brand_Product_Size": "Meander Valley Double Cream 200mL",
    "COL Price": 4.3,
    "COL ppu": "$2.15 per 100mL",
    "COL Size": "200mL"
  },
  {
    "Brand_Product_Size": "Tom Organic Period Brief Regular Flow Size Xl each",
    "COL Price": 15,
    "COL ppu": "$15.00 per 1Ea",
    "COL Size": "each"
  },
  {
    "Brand_Product_Size": "Coles Good Yums Kids Tropical Yoghurt Pouch 100g",
    "COL Price": 1.2,
    "COL ppu": "$1.20 per 100G",
    "COL Size": "100g"
  },
  {
    "Brand_Product_Size": "Coles Bakery Stone Baked By Laurent Mini Pumpkin & Soybean Pane Di Casa each",
    "COL Price": 2.85,
    "COL ppu": "$2.85 per 1Ea",
    "COL Size": "each"
  },
  {
    "Brand_Product_Size": "Coles Chicken Crinkle Cut Chips 175g",
    "COL Price": 1.8,
    "COL ppu": "$1.03 per 100G",
    "COL Size": "175g"
  },
  {
    "Brand_Product_Size": "Casalingo Porchetta approx. 125g each",
    "COL Price": 3.75,
    "COL ppu": "$30.00 per 1Kg",
    "COL Size": "approx. 125g each"
  },
  {
    "Brand_Product_Size": "Libra Invisible Pads Super Wing 10 pack",
    "COL Price": 4.6,
    "COL ppu": "$0.46 per 1Ea",
    "COL Size": "10 pack"
  },
  {
    "Brand_Product_Size": "Coles Made Easy Slow Cooked Lamb Shoulder With Greek Inspired Sauce 550g",
    "COL Price": 12,
    "COL ppu": "$21.82 per 1Kg",
    "COL Size": "550g"
  },
  {
    "Brand_Product_Size": "Hermesetas Mini Sweetener Tablets 800 pack",
    "COL Price": 7.15,
    "COL ppu": "$0.01 per 1Ea",
    "COL Size": "800 pack"
  },
  {
    "Brand_Product_Size": "Campbells Country Ladle Soup With Bone Broth Hearty Lentil & Veg 505g",
    "COL Price": 4,
    "COL ppu": "$0.79 per 100G",
    "COL Size": "505g"
  },
  {
    "Brand_Product_Size": "Smile Chicken & Mushroom Buns 310g",
    "COL Price": 8.5,
    "COL ppu": "$2.74 per 100G",
    "COL Size": "310g"
  },
  {
    "Brand_Product_Size": "Coles Creamy Jalapeno Topping Medium 240g",
    "COL Price": 3.6,
    "COL ppu": "$1.50 per 100G",
    "COL Size": "240g"
  },
  {
    "Brand_Product_Size": "Nivea Daily Essentials Wash Cream Gentle Cleansing 150mL",
    "COL Price": 11,
    "COL ppu": "$7.33 per 100mL",
    "COL Size": "150mL"
  },
  {
    "Brand_Product_Size": "Dr.Oetker Papa Giuseppi's Panini Tomato & Cheese 250g",
    "COL Price": 3,
    "COL ppu": "$1.20 per 100G",
    "COL Size": "250g"
  },
  {
    "Brand_Product_Size": "Moccona Classic Medium Decaffeinated Instant Coffee 100g",
    "COL Price": 12.5,
    "COL ppu": "$12.50 per 100G",
    "COL Size": "100g"
  },
  {
    "Brand_Product_Size": "Hanabi Chive & Pork Dumplings 500g",
    "COL Price": 10,
    "COL ppu": "$2.00 per 100G",
    "COL Size": "500g"
  },
  {
    "Brand_Product_Size": "The Bare Bird Chicken Thigh Fillets approx. 540g each",
    "COL Price": 9.72,
    "COL ppu": "$18.00 per 1Kg",
    "COL Size": "approx. 540g each"
  },
  {
    "Brand_Product_Size": "Go Natural Yoghurt Almond & Apricot Bar 40g",
    "COL Price": 1.95,
    "COL ppu": "$4.88 per 100G",
    "COL Size": "40g"
  },
  {
    "Brand_Product_Size": "Coles Sweeteners Reduced Calorie Tablets 300 pack",
    "COL Price": 3,
    "COL ppu": "$0.01 per 1Ea",
    "COL Size": "300 pack"
  },
  {
    "Brand_Product_Size": "Springhill Farm Slice Biscuit Choc Chip Dough 150g",
    "COL Price": 4,
    "COL ppu": "$2.67 per 100G",
    "COL Size": "150g"
  },
  {
    "Brand_Product_Size": "Hot Wheels Monster Trucks each",
    "COL Price": 4.8,
    "COL ppu": "$4.80 per 1Ea",
    "COL Size": "each"
  },
  {
    "Brand_Product_Size": "MasterFoods Devilled Sausages Recipe Base 175g",
    "COL Price": 2.2,
    "COL ppu": "$1.26 per 100G",
    "COL Size": "175g"
  },
  {
    "Brand_Product_Size": "Mission Chilli & Lime Tortilla Triangles Corn Chips 230g",
    "COL Price": 3.1,
    "COL ppu": "$1.35 per 100G",
    "COL Size": "230g"
  },
  {
    "Brand_Product_Size": "Coles Sliced Peaches In Juice 695g",
    "COL Price": 3.5,
    "COL ppu": "$5.04 per 1Kg",
    "COL Size": "695g"
  },
  {
    "Brand_Product_Size": "Lee Kum Kee Honey & Soy Chicken Stir Fry Sauce 120g",
    "COL Price": 2.2,
    "COL ppu": "$1.83 per 100G",
    "COL Size": "120g"
  },
  {
    "Brand_Product_Size": "Nice & Natural Roasted Peanut Nut Bars 6 Pack 192g",
    "COL Price": 4,
    "COL ppu": "$2.08 per 100G",
    "COL Size": "192g"
  },
  {
    "Brand_Product_Size": "Coles Sweet Chilli Mayonnaise 340g",
    "COL Price": 2.75,
    "COL ppu": "$0.81 per 100G",
    "COL Size": "340g"
  },
  {
    "Brand_Product_Size": "Palmer's Coconut Oil Formula Body Oil 150mL",
    "COL Price": 10.5,
    "COL ppu": "$7.00 per 100mL",
    "COL Size": "150mL"
  },
  {
    "Brand_Product_Size": "Green's Choc Chunk Cookie Mix 400g",
    "COL Price": 3.2,
    "COL ppu": "$0.80 per 100G",
    "COL Size": "400g"
  },
  {
    "Brand_Product_Size": "DermaVeen Extra Gentle Soap-Free Wash 500mL",
    "COL Price": 13.6,
    "COL ppu": "$2.72 per 100mL",
    "COL Size": "500mL"
  },
  {
    "Brand_Product_Size": "Bosisto's Calming Solution 100mL",
    "COL Price": 9,
    "COL ppu": "$9.00 per 100mL",
    "COL Size": "100mL"
  },
  {
    "Brand_Product_Size": "Lucky Macadamia Nuts 100g",
    "COL Price": 5.4,
    "COL ppu": "$54.00 per 1Kg",
    "COL Size": "100g"
  },
  {
    "Brand_Product_Size": "Coles I'M Free From Sweet & Salty Puffed Corn Chips 100g",
    "COL Price": 3,
    "COL ppu": "$3.00 per 100G",
    "COL Size": "100g"
  },
  {
    "Brand_Product_Size": "Coles Kitchen Pumpkin Gnocchi 500g",
    "COL Price": 4,
    "COL ppu": "$0.80 per 100G",
    "COL Size": "500g"
  },
  {
    "Brand_Product_Size": "Golden Circle Pineapple Juice 1L",
    "COL Price": 2.25,
    "COL ppu": "$2.25 per 1L",
    "COL Size": "1L"
  },
  {
    "Brand_Product_Size": "All Day Mens Cushion Crew Size 7-10 2 pack",
    "COL Price": 10.5,
    "COL ppu": "$5.25 per 1Ea",
    "COL Size": "2 pack"
  },
  {
    "Brand_Product_Size": "San Remo Spaghetti No 3 500g",
    "COL Price": 1.95,
    "COL ppu": "$0.39 per 100G",
    "COL Size": "500g"
  },
  {
    "Brand_Product_Size": "Scripto Flexi Water Resistant Lighter each",
    "COL Price": 3,
    "COL ppu": "$3.00 per 1Ea",
    "COL Size": "each"
  },
  {
    "Brand_Product_Size": "Coles Frozen Mussel Meat 500g",
    "COL Price": 7,
    "COL ppu": "$14.00 per 1Kg",
    "COL Size": "500g"
  },
  {
    "Brand_Product_Size": "Twinings Lemon Flavour Green Tea Bags 10 Pack 20g",
    "COL Price": 2.9,
    "COL ppu": "$0.29 per 1Ea",
    "COL Size": "20g"
  },
  {
    "Brand_Product_Size": "Tradie Mens Acrylic Work Socks 11-13 Flu 3 pack",
    "COL Price": 10,
    "COL ppu": "$3.33 per 1Ea",
    "COL Size": "3 pack"
  },
  {
    "Brand_Product_Size": "Street Cornetto Unicornetto 402mL",
    "COL Price": 6,
    "COL ppu": "$1.49 per 100mL",
    "COL Size": "402mL"
  },
  {
    "Brand_Product_Size": "Coles Bakery Hotdog Jumbo Rolls 6 pack",
    "COL Price": 2.7,
    "COL ppu": "$0.45 per 1Ea",
    "COL Size": "6 pack"
  },
  {
    "Brand_Product_Size": "Maynards Bassetts Wine Gums 190g",
    "COL Price": 5.2,
    "COL ppu": "$2.74 per 100G",
    "COL Size": "190g"
  },
  {
    "Brand_Product_Size": "Katzy's Kosher Frozen Meat Lasagne 725g",
    "COL Price": 16,
    "COL ppu": "$2.21 per 100G",
    "COL Size": "725g"
  },
  {
    "Brand_Product_Size": "Coles Fold & Roll Tortilla Wraps 6 Pack 545g",
    "COL Price": 4,
    "COL ppu": "$0.73 per 100G",
    "COL Size": "545g"
  },
  {
    "Brand_Product_Size": "Nivea Naturally Good Day Cream Radiance 50mL",
    "COL Price": 11,
    "COL ppu": "$22.00 per 100mL",
    "COL Size": "50mL"
  },
  {
    "Brand_Product_Size": "Jarlsberg Original Cheese Wedge 250g",
    "COL Price": 7.9,
    "COL ppu": "$31.60 per 1Kg",
    "COL Size": "250g"
  },
  {
    "Brand_Product_Size": "Coles Asia Panko Crumbs 250g",
    "COL Price": 2,
    "COL ppu": "$0.80 per 100G",
    "COL Size": "250g"
  },
  {
    "Brand_Product_Size": "Carman's Bar Nut Greek Youghurt & Blueberry 45g",
    "COL Price": 3,
    "COL ppu": "$6.67 per 100G",
    "COL Size": "45g"
  },
  {
    "Brand_Product_Size": "The Beyond Burger Plant Based Burger Patties 226g",
    "COL Price": 10,
    "COL ppu": "$44.25 per 1Kg",
    "COL Size": "226g"
  },
  {
    "Brand_Product_Size": "Impulse Burnt Marshmallow  Body Spray 75mL",
    "COL Price": 4,
    "COL ppu": "$5.33 per 100mL",
    "COL Size": "75mL"
  },
  {
    "Brand_Product_Size": "Coles Leave-In Treatment 250mL",
    "COL Price": 6,
    "COL ppu": "$2.40 per 100mL",
    "COL Size": "250mL"
  },
  {
    "Brand_Product_Size": "Sanitarium UP&GO Choc Ice Cereal No Added Sugar 6x250mL 1.5L",
    "COL Price": 9.7,
    "COL ppu": "$6.47 per 1L",
    "COL Size": "1.5L"
  },
  {
    "Brand_Product_Size": "Twinings Golden Turmeric Latte 200g",
    "COL Price": 9.65,
    "COL ppu": "$4.83 per 100G",
    "COL Size": "200g"
  },
  {
    "Brand_Product_Size": "Obento Ramen Noodles 150g",
    "COL Price": 1.4,
    "COL ppu": "$0.93 per 100G",
    "COL Size": "150g"
  },
  {
    "Brand_Product_Size": "Sirena Tuna in Oil Italian Style 185g",
    "COL Price": 4.3,
    "COL ppu": "$23.24 per 1Kg",
    "COL Size": "185g"
  },
  {
    "Brand_Product_Size": "Gippsland Apricot Honey Twist Yoghurt 160g",
    "COL Price": 2.5,
    "COL ppu": "$1.56 per 100G",
    "COL Size": "160g"
  },
  {
    "Brand_Product_Size": "Chobani Limited Edition Yoghurt Pouch 140g",
    "COL Price": 2.25,
    "COL ppu": "$1.61 per 100G",
    "COL Size": "140g"
  },
  {
    "Brand_Product_Size": "Coles Canola Oil 2L",
    "COL Price": 4.75,
    "COL ppu": "$0.24 per 100mL",
    "COL Size": "2L"
  },
  {
    "Brand_Product_Size": "Nerada Organics Rooibos & Vanilla Flavour Tea Bags 50 pack 92g",
    "COL Price": 4.7,
    "COL ppu": "$5.22 per 100G",
    "COL Size": "92g"
  },
  {
    "Brand_Product_Size": "Coles Green Zucchini approx. 150g each",
    "COL Price": 0.735,
    "COL ppu": "$4.90 per 1Kg",
    "COL Size": "approx. 150g each"
  },
  {
    "Brand_Product_Size": "Siena Stuffed Green Olives 440g",
    "COL Price": 2.3,
    "COL ppu": "$5.23 per 1Kg",
    "COL Size": "440g"
  },
  {
    "Brand_Product_Size": "Eti Sesame Sticks Crackers 110g",
    "COL Price": 2.4,
    "COL ppu": "$2.18 per 100G",
    "COL Size": "110g"
  },
  {
    "Brand_Product_Size": "S & B Golden Curry Medium Hot Sauce Mix 92g",
    "COL Price": 4.5,
    "COL ppu": "$4.89 per 100G",
    "COL Size": "92g"
  },
  {
    "Brand_Product_Size": "Angas Park Dried Soft & Juicy Figs 250g",
    "COL Price": 4.5,
    "COL ppu": "$18.00 per 1Kg",
    "COL Size": "250g"
  },
  {
    "Brand_Product_Size": "Coles RSPCA Approved BBQ Chicken Breast approx. 125g",
    "COL Price": 2.875,
    "COL ppu": "$23.00 per 1Kg",
    "COL Size": "approx. 125g"
  },
  {
    "Brand_Product_Size": "Cobs Popcorn Sea Salt 5 Pack 65g",
    "COL Price": 3.15,
    "COL ppu": "$4.85 per 100G",
    "COL Size": "65g"
  },
  {
    "Brand_Product_Size": "Bertocchi Peking Pork approx. 1.5kg each",
    "COL Price": 42,
    "COL ppu": "$28.00 per 1Kg",
    "COL Size": "approx. 1.5kg each"
  },
  {
    "Brand_Product_Size": "Thank You BotanicalCedarwood Clay Body Scrub 200g",
    "COL Price": 10.46,
    "COL ppu": "$5.23 per 100G",
    "COL Size": "200g"
  },
  {
    "Brand_Product_Size": "Maybelline Brow Ultra Slim Deep Brown 0.09g",
    "COL Price": 8,
    "COL ppu": "$889.88 per 10G",
    "COL Size": "0.09g"
  },
  {
    "Brand_Product_Size": "Steggles Frozen Sweet Chilli Chicken Tenders 1kg",
    "COL Price": 11,
    "COL ppu": "$11.00 per 1Kg",
    "COL Size": "1kg"
  },
  {
    "Brand_Product_Size": "Cook & Dine Jumbo Slate Mug each",
    "COL Price": 5,
    "COL ppu": "$5.00 per 1Ea",
    "COL Size": "each"
  },
  {
    "Brand_Product_Size": "Tresemme Colour Shine Plex Mask 300mL",
    "COL Price": 7,
    "COL ppu": "$2.33 per 100mL",
    "COL Size": "300mL"
  },
  {
    "Brand_Product_Size": "Mutti Finely Chopped Baby Tomatoes Polpa 600g",
    "COL Price": 3.15,
    "COL ppu": "$0.53 per 100G",
    "COL Size": "600g"
  },
  {
    "Brand_Product_Size": "Pedigree Real Chicken Adult Dry Dog Food 8kg",
    "COL Price": 20,
    "COL ppu": "$2.50 per 1Kg",
    "COL Size": "8kg"
  },
  {
    "Brand_Product_Size": "Hask Argan Oil Vial Treatment 18mL",
    "COL Price": 5,
    "COL ppu": "$27.78 per 100mL",
    "COL Size": "18mL"
  },
  {
    "Brand_Product_Size": "Aqualove Alkaline Water 1L",
    "COL Price": 2.5,
    "COL ppu": "$2.50 per 1L",
    "COL Size": "1L"
  },
  {
    "Brand_Product_Size": "Urban Colour Eyebrow Pencil Brunette 1g",
    "COL Price": 5.5,
    "COL ppu": "$55.00 per 10G",
    "COL Size": "1g"
  },
  {
    "Brand_Product_Size": "Cottee's Raspberry Jam 500g",
    "COL Price": 2.8,
    "COL ppu": "$0.56 per 100G",
    "COL Size": "500g"
  },
  {
    "Brand_Product_Size": "Coles I'M Free From Cheddar Cheese Corn Chips 200g",
    "COL Price": 2.5,
    "COL ppu": "$1.25 per 100G",
    "COL Size": "200g"
  },
  {
    "Brand_Product_Size": "La Espanola Extra Virgin Olive Oil 1L",
    "COL Price": 7.5,
    "COL ppu": "$0.75 per 100mL",
    "COL Size": "1L"
  },
  {
    "Brand_Product_Size": "Fairy All In One Dishwashing Tablets 26 pack",
    "COL Price": 12,
    "COL ppu": "$0.46 per 1Ea",
    "COL Size": "26 pack"
  },
  {
    "Brand_Product_Size": "Odor Eaters Work Wear Insole each",
    "COL Price": 7,
    "COL ppu": "$3.50 per 1Ea",
    "COL Size": "each"
  },
  {
    "Brand_Product_Size": "Youfoodz Choc Brownie Bite 40g",
    "COL Price": 3,
    "COL ppu": "$7.50 per 100G",
    "COL Size": "40g"
  },
  {
    "Brand_Product_Size": "Queen Celebrating 120 Years Master Blend Pure Vanilla Extract 100mL",
    "COL Price": 15,
    "COL ppu": "$1.50 per 10mL",
    "COL Size": "100mL"
  },
  {
    "Brand_Product_Size": "Head & Shoulders Ultra Men 2 In 1 Deep Clean Shampoo 200mL",
    "COL Price": 8,
    "COL ppu": "$4.00 per 100mL",
    "COL Size": "200mL"
  },
  {
    "Brand_Product_Size": "Sistema Active Bottle 800ml each",
    "COL Price": 12,
    "COL ppu": "$12.00 per 1Ea",
    "COL Size": "each"
  },
  {
    "Brand_Product_Size": "Coles Organic Brown Onions Prepacked 1kg",
    "COL Price": 7,
    "COL ppu": "$7.00 per 1Kg",
    "COL Size": "1kg"
  },
  {
    "Brand_Product_Size": "Mentos Fruit Multipack 112g",
    "COL Price": 2.6,
    "COL ppu": "$2.32 per 100G",
    "COL Size": "112g"
  },
  {
    "Brand_Product_Size": "Globus Polskie Ogorki Dill Cucumbers 680g",
    "COL Price": 3.25,
    "COL ppu": "$4.78 per 1Kg",
    "COL Size": "680g"
  },
  {
    "Brand_Product_Size": "Supercoat Adult Small Breed Dog Food Chicken 3kg",
    "COL Price": 12,
    "COL ppu": "$0.40 per 100G",
    "COL Size": "3kg"
  },
  {
    "Brand_Product_Size": "La Casa Del Formaggio Mozzarella Cheese 200g",
    "COL Price": 5.5,
    "COL ppu": "$27.50 per 1Kg",
    "COL Size": "200g"
  },
  {
    "Brand_Product_Size": "Fanta Orange Flavour Multipack Cans 375mL 10 pack",
    "COL Price": 13.02,
    "COL ppu": "$3.47 per 1L",
    "COL Size": "10 pack"
  },
  {
    "Brand_Product_Size": "Bulla Splits Multi Flavoured Ice Cream Sticks 10 pack 750mL",
    "COL Price": 7,
    "COL ppu": "$0.93 per 100mL",
    "COL Size": "750mL"
  },
  {
    "Brand_Product_Size": "Daley Street Medium Coffee Ground 200g",
    "COL Price": 4.5,
    "COL ppu": "$2.25 per 100G",
    "COL Size": "200g"
  },
  {
    "Brand_Product_Size": "Aeroplane Ready To Eat Pineapple Jelly 120g",
    "COL Price": 1.4,
    "COL ppu": "$1.17 per 100G",
    "COL Size": "120g"
  },
  {
    "Brand_Product_Size": "Cook & Dine Spice Jars 120mL 4 pack",
    "COL Price": 12,
    "COL ppu": "$3.00 per 1Ea",
    "COL Size": "4 pack"
  },
  {
    "Brand_Product_Size": "Only Good Deodorant Restore 50mL",
    "COL Price": 10,
    "COL ppu": "$20.00 per 100mL",
    "COL Size": "50mL"
  },
  {
    "Brand_Product_Size": "Coles So Soft Toilet Tissue 3Ply Double Length 8 pack",
    "COL Price": 7,
    "COL ppu": "$0.88 per 1Ea",
    "COL Size": "8 pack"
  },
  {
    "Brand_Product_Size": "Nestle Crunch Chocolate Block 200g",
    "COL Price": 3,
    "COL ppu": "$1.50 per 100G",
    "COL Size": "200g"
  },
  {
    "Brand_Product_Size": "Coles Baked Beans 425g",
    "COL Price": 0.9,
    "COL ppu": "$0.21 per 100G",
    "COL Size": "425g"
  },
  {
    "Brand_Product_Size": "Colgate 360 Advanced Soft Manual Toothbrush 1 pack",
    "COL Price": 6,
    "COL ppu": "$6.00 per 1Ea",
    "COL Size": "1 pack"
  },
  {
    "Brand_Product_Size": "Mr Fishi Matje Herring Fillets 250g",
    "COL Price": 5,
    "COL ppu": "$20.00 per 1Kg",
    "COL Size": "250g"
  },
  {
    "Brand_Product_Size": "Suimin Braised Beef Noodle Cup 70g",
    "COL Price": 1.2,
    "COL ppu": "$1.71 per 100G",
    "COL Size": "70g"
  },
  {
    "Brand_Product_Size": "Huggies Coconut Oil Lightly Fragranced 400 Thick Baby Wipes 1 pack",
    "COL Price": 15,
    "COL ppu": "$15.00 per 1Ea",
    "COL Size": "1 pack"
  },
  {
    "Brand_Product_Size": "Nair Sensitive Waxing Kit 100g",
    "COL Price": 15,
    "COL ppu": "$15.00 per 100G",
    "COL Size": "100g"
  },
  {
    "Brand_Product_Size": "S&W Gluten Free Light Mayonnaise 440g",
    "COL Price": 6,
    "COL ppu": "$1.36 per 100G",
    "COL Size": "440g"
  },
  {
    "Brand_Product_Size": "Myaura Bergamot Lime & Coconut Organics Deodorant 65g",
    "COL Price": 9,
    "COL ppu": "$13.85 per 100G",
    "COL Size": "65g"
  },
  {
    "Brand_Product_Size": "Taste Traders Date & Pepita Gourmet Crackers 100g",
    "COL Price": 3,
    "COL ppu": "$3.00 per 100G",
    "COL Size": "100g"
  },
  {
    "Brand_Product_Size": "S & B Golden Curry Mild Curry Sauce Mix 92g",
    "COL Price": 4.5,
    "COL ppu": "$4.89 per 100G",
    "COL Size": "92g"
  },
  {
    "Brand_Product_Size": "Oreo Cadbury Coated Mint Biscuit 6 x 2 pack 204g",
    "COL Price": 3.8,
    "COL ppu": "$1.86 per 100G",
    "COL Size": "204g"
  },
  {
    "Brand_Product_Size": "Crosse & Blackwell Branston Pickles 310g",
    "COL Price": 4.8,
    "COL ppu": "$1.55 per 100G",
    "COL Size": "310g"
  },
  {
    "Brand_Product_Size": "Coles I'M Free From Corn Chips Quinoa & Chia Cheese 168g",
    "COL Price": 3.5,
    "COL ppu": "$2.08 per 100G",
    "COL Size": "168g"
  },
  {
    "Brand_Product_Size": "Olay Regenerist Whip 10g",
    "COL Price": 12,
    "COL ppu": "$120.00 per 100G",
    "COL Size": "10g"
  },
  {
    "Brand_Product_Size": "Heinz Garlic Aioli Mayonnaise 295mL",
    "COL Price": 4,
    "COL ppu": "$1.36 per 100mL",
    "COL Size": "295mL"
  },
  {
    "Brand_Product_Size": "Coles Italia Siciliana Pasta Sauce 415g",
    "COL Price": 3,
    "COL ppu": "$0.72 per 100G",
    "COL Size": "415g"
  },
  {
    "Brand_Product_Size": "Heinz Spicy Peri Peri Mayonnaise 295mL",
    "COL Price": 4,
    "COL ppu": "$1.36 per 100mL",
    "COL Size": "295mL"
  },
  {
    "Brand_Product_Size": "Heinz Plant Proteinz Soup Mexican Style Corn & Black Bean With Sweet Potato & Coriander 330g",
    "COL Price": 3.6,
    "COL ppu": "$1.09 per 100G",
    "COL Size": "330g"
  },
  {
    "Brand_Product_Size": "Tom Piper Braised Steak & Onion 400g",
    "COL Price": 3,
    "COL ppu": "$0.75 per 100G",
    "COL Size": "400g"
  },
  {
    "Brand_Product_Size": "Kiddylicious Veggie Straws Cheesy Flavour 12g",
    "COL Price": 1.8,
    "COL ppu": "$15.00 per 100G",
    "COL Size": "12g"
  },
  {
    "Brand_Product_Size": "Redwin Extra Sensitive Body Wash 1L",
    "COL Price": 6,
    "COL ppu": "$0.60 per 100mL",
    "COL Size": "1L"
  },
  {
    "Brand_Product_Size": "Lee Kum Kee Ready Sauce San Choy Bao 100g",
    "COL Price": 2.2,
    "COL ppu": "$2.20 per 100G",
    "COL Size": "100g"
  },
  {
    "Brand_Product_Size": "White Wings Buttermilk Pancake Shake 325g",
    "COL Price": 2.5,
    "COL ppu": "$0.77 per 100G",
    "COL Size": "325g"
  },
  {
    "Brand_Product_Size": "Be Natural Whole Grain Mini Bites Cinnamon 460g",
    "COL Price": 4.5,
    "COL ppu": "$0.98 per 100G",
    "COL Size": "460g"
  },
  {
    "Brand_Product_Size": "Carman's Bar Nut Greek Youghurt & Blueberry 45g",
    "COL Price": 3,
    "COL ppu": "$6.67 per 100G",
    "COL Size": "45g"
  },
  {
    "Brand_Product_Size": "Kellogg's Rice Bubbles Puffed Rice Breakfast Cereal 705g",
    "COL Price": 6,
    "COL ppu": "$0.85 per 100G",
    "COL Size": "705g"
  },
  {
    "Brand_Product_Size": "Pandaroo Rice Seasoning Seaweed 50g",
    "COL Price": 5,
    "COL ppu": "$10.00 per 100G",
    "COL Size": "50g"
  },
  {
    "Brand_Product_Size": "McKenzie's Super Blend Soup Mix 350g",
    "COL Price": 3.95,
    "COL ppu": "$1.13 per 100G",
    "COL Size": "350g"
  },
  {
    "Brand_Product_Size": "NRG Super Alkaline AAA 24 pack",
    "COL Price": 18,
    "COL ppu": "$0.75 per 1Ea",
    "COL Size": "24 pack"
  },
  {
    "Brand_Product_Size": "DermaVeen Extra Gentle Intensive Moisturising Lotion 500mL",
    "COL Price": 13.6,
    "COL ppu": "$2.72 per 100mL",
    "COL Size": "500mL"
  },
  {
    "Brand_Product_Size": "Coles Vegan Smokey Chipotle Mayonnaise 240g",
    "COL Price": 3,
    "COL ppu": "$1.25 per 100G",
    "COL Size": "240g"
  },
  {
    "Brand_Product_Size": "Revlon ColorStay Eye Liner Black Brown 0.28g",
    "COL Price": 24,
    "COL ppu": "$857.14 per 10G",
    "COL Size": "0.28g"
  },
  {
    "Brand_Product_Size": "Philadelphia Spreadable Cream Cheese Snack Tubs 4 pack 136g",
    "COL Price": 3.5,
    "COL ppu": "$2.57 per 100G",
    "COL Size": "136g"
  },
  {
    "Brand_Product_Size": "Mutti Gastronomia Baby Roma Tomato Passata 400g",
    "COL Price": 2.5,
    "COL ppu": "$0.63 per 100G",
    "COL Size": "400g"
  },
  {
    "Brand_Product_Size": "Band-Aid Regular Tough Strips 20 pack",
    "COL Price": 2.85,
    "COL ppu": "$0.14 per 1Ea",
    "COL Size": "20 pack"
  },
  {
    "Brand_Product_Size": "Coles Vintage Cheese & Crackers 4 Pack 120g",
    "COL Price": 4,
    "COL ppu": "",
    "COL Size": "120g"
  },
  {
    "Brand_Product_Size": "Bic 4 Colour 3+1 Mechanical Pencil each",
    "COL Price": 4.8,
    "COL ppu": "$4.80 per 1Ea",
    "COL Size": "each"
  },
  {
    "Brand_Product_Size": "Nature's Own Odourless Fish Oil 1500mg Capsules 200 pack",
    "COL Price": 21.5,
    "COL ppu": "$10.75 per 100Ea",
    "COL Size": "200 pack"
  },
  {
    "Brand_Product_Size": "Comfort Rainforest Fresh Fabric Conditioner 750mL",
    "COL Price": 5,
    "COL ppu": "$6.67 per 1L",
    "COL Size": "750mL"
  },
  {
    "Brand_Product_Size": "Trident Dried Pitted Dates 250g",
    "COL Price": 2,
    "COL ppu": "$8.00 per 1Kg",
    "COL Size": "250g"
  },
  {
    "Brand_Product_Size": "Nestle Milkybar White Chocolate Block 180g",
    "COL Price": 3,
    "COL ppu": "$1.67 per 100G",
    "COL Size": "180g"
  },
  {
    "Brand_Product_Size": "MasterFoods Coriander Leaves 5g",
    "COL Price": 3.5,
    "COL ppu": "$7.00 per 10G",
    "COL Size": "5g"
  },
  {
    "Brand_Product_Size": "Tabby's Toy's Natural Interchangeable Teaser Cat Toy 1 pack",
    "COL Price": 12,
    "COL ppu": "$12.00 per 1Ea",
    "COL Size": "1 pack"
  },
  {
    "Brand_Product_Size": "Schwarzkopf Live Salon Blue Black Hair Colour each",
    "COL Price": 7,
    "COL ppu": "$7.00 per 1Ea",
    "COL Size": "each"
  },
  {
    "Brand_Product_Size": "Love' Em Training Chicken Dog Treat 200g",
    "COL Price": 3.5,
    "COL ppu": "$1.75 per 100G",
    "COL Size": "200g"
  },
  {
    "Brand_Product_Size": "Coles Happy Birthday Acrylic Plaque Gold & Silver Small each",
    "COL Price": 3,
    "COL ppu": "$3.00 per 1Ea",
    "COL Size": "each"
  },
  {
    "Brand_Product_Size": "Benny's Kosher Frozen Mushroom Burekas 800g",
    "COL Price": 10.35,
    "COL ppu": "$1.29 per 100G",
    "COL Size": "800g"
  },
  {
    "Brand_Product_Size": "Coles Bakery Light Sourdough Hamburger Rolls 4 pack",
    "COL Price": 3,
    "COL ppu": "$0.75 per 1Ea",
    "COL Size": "4 pack"
  },
  {
    "Brand_Product_Size": "La Zuppa Gluten Free Italian Style Tomato & Vegetable Soup 540g",
    "COL Price": 4.4,
    "COL ppu": "$0.81 per 100G",
    "COL Size": "540g"
  },
  {
    "Brand_Product_Size": "Coles Unicorn Plates 10 pack",
    "COL Price": 2.5,
    "COL ppu": "$0.25 per 1Ea",
    "COL Size": "10 pack"
  },
  {
    "Brand_Product_Size": "Street Sweet Chilli Chicken Pizza 385g",
    "COL Price": 5,
    "COL ppu": "$1.30 per 100G",
    "COL Size": "385g"
  },
  {
    "Brand_Product_Size": "Sunrice Indian Aromatic Basmati Family Pack Microwavable Rice 450g",
    "COL Price": 3.5,
    "COL ppu": "$0.78 per 100G",
    "COL Size": "450g"
  },
  {
    "Brand_Product_Size": "Super Nature Sweet Potato Cottage Pie Meal 350g",
    "COL Price": 6.3,
    "COL ppu": "$1.80 per 100G",
    "COL Size": "350g"
  },
  {
    "Brand_Product_Size": "Coles Finest Beef Ragu Fettucine 400g",
    "COL Price": 8.5,
    "COL ppu": "$2.13 per 100G",
    "COL Size": "400g"
  },
  {
    "Brand_Product_Size": "Coles Kitchen Family Coleslaw Family Kit 520g",
    "COL Price": 4,
    "COL ppu": "$0.77 per 100G",
    "COL Size": "520g"
  },
  {
    "Brand_Product_Size": "Colgate Plax Fresh Mint Mouthwash 60mL",
    "COL Price": 1.5,
    "COL ppu": "$2.50 per 100mL",
    "COL Size": "60mL"
  },
  {
    "Brand_Product_Size": "Lucky Crumbed Walnuts 125g",
    "COL Price": 3.3,
    "COL ppu": "$26.40 per 1Kg",
    "COL Size": "125g"
  },
  {
    "Brand_Product_Size": "Ambi Ar Mini Mould Fighter Air Freshner Citroen Ice 2.2mL",
    "COL Price": 3.5,
    "COL ppu": "$15.91 per 10mL",
    "COL Size": "2.2mL"
  },
  {
    "Brand_Product_Size": "Mr Kipling Peach Slices 6 pack 180g",
    "COL Price": 2.5,
    "COL ppu": "$1.39 per 100G",
    "COL Size": "180g"
  },
  {
    "Brand_Product_Size": "Palmolive Naturals Moroccan Argan Oil Conditioning Body Wash 500mL",
    "COL Price": 3.78,
    "COL ppu": "$0.76 per 100mL",
    "COL Size": "500mL"
  },
  {
    "Brand_Product_Size": "Coles Asparagus Cuts & Tips 425g",
    "COL Price": 2.1,
    "COL ppu": "$4.94 per 1Kg",
    "COL Size": "425g"
  },
  {
    "Brand_Product_Size": "Patak's Mango Chutney Mild 340g",
    "COL Price": 4,
    "COL ppu": "$1.18 per 100G",
    "COL Size": "340g"
  },
  {
    "Brand_Product_Size": "Obela Caramelised Onion Hommus Dip 220g",
    "COL Price": 3.5,
    "COL ppu": "$1.59 per 100G",
    "COL Size": "220g"
  },
  {
    "Brand_Product_Size": "Allowrie Butter Pat 250g",
    "COL Price": 4.5,
    "COL ppu": "$1.80 per 100G",
    "COL Size": "250g"
  },
  {
    "Brand_Product_Size": "Lucky Natural Cashew Nuts 350g",
    "COL Price": 9.35,
    "COL ppu": "$26.72 per 1Kg",
    "COL Size": "350g"
  },
  {
    "Brand_Product_Size": "Vittoria Mountain Grown Blend Capsules 10 pack",
    "COL Price": 7,
    "COL ppu": "$0.70 per 1Ea",
    "COL Size": "10 pack"
  },
  {
    "Brand_Product_Size": "Coles Bake & Create Rainbow Cupcake Kit 24 pack",
    "COL Price": 3.5,
    "COL ppu": "$0.15 per 1Ea",
    "COL Size": "24 pack"
  },
  {
    "Brand_Product_Size": "Loma Linda Gluten Free Tikka Masala With Chicken And Rice 285g",
    "COL Price": 5,
    "COL ppu": "$1.75 per 100G",
    "COL Size": "285g"
  },
  {
    "Brand_Product_Size": "Coles Natural Cashews 400g",
    "COL Price": 9,
    "COL ppu": "$22.50 per 1Kg",
    "COL Size": "400g"
  },
  {
    "Brand_Product_Size": "Shelbys Nuts Cinnamon Almonds 40g",
    "COL Price": 3,
    "COL ppu": "$7.50 per 100G",
    "COL Size": "40g"
  },
  {
    "Brand_Product_Size": "Coles Prawns Raw Peeled 260g",
    "COL Price": 11,
    "COL ppu": "$42.31 per 1Kg",
    "COL Size": "260g"
  },
  {
    "Brand_Product_Size": "Coles Platter Signature each",
    "COL Price": 55,
    "COL ppu": "$55.00 per 1Ea",
    "COL Size": "each"
  },
  {
    "Brand_Product_Size": "Griffins Krispie delicious toasted Coconut Biscuit 250g",
    "COL Price": 3.5,
    "COL ppu": "$1.40 per 100G",
    "COL Size": "250g"
  },
  {
    "Brand_Product_Size": "Swisse Ultivite Women's Multivitamin Tablets 120 pack",
    "COL Price": 35,
    "COL ppu": "$29.17 per 100Ea",
    "COL Size": "120 pack"
  },
  {
    "Brand_Product_Size": "Bonne Maman Strawberry Jam 370g",
    "COL Price": 5.2,
    "COL ppu": "$1.41 per 100G",
    "COL Size": "370g"
  },
  {
    "Brand_Product_Size": "Coles Blueberry Granola Bites 5 Pack 110g",
    "COL Price": 3.5,
    "COL ppu": "$3.18 per 100G",
    "COL Size": "110g"
  },
  {
    "Brand_Product_Size": "Bounce Banana Pecan Brekkie Bar 3 Pack 150g",
    "COL Price": 6,
    "COL ppu": "$4.00 per 100G",
    "COL Size": "150g"
  },
  {
    "Brand_Product_Size": "Meredith Dairy Marinated Goat Cheese 320g",
    "COL Price": 13,
    "COL ppu": "$40.63 per 1Kg",
    "COL Size": "320g"
  },
  {
    "Brand_Product_Size": "Purina Dentalife Activfresh Chewy Dog Treat 9 pack",
    "COL Price": 6.5,
    "COL ppu": "$0.72 per 1Ea",
    "COL Size": "9 pack"
  },
  {
    "Brand_Product_Size": "Coles Extra Tasty Cheddar Cheese 250g",
    "COL Price": 4,
    "COL ppu": "$16.00 per 1Kg",
    "COL Size": "250g"
  },
  {
    "Brand_Product_Size": "Coles Medjool Dates loose approx. 200g",
    "COL Price": 2.4,
    "COL ppu": "$12.00 per 1Kg",
    "COL Size": "approx. 200g"
  },
  {
    "Brand_Product_Size": "SIS Go Lemon Hydro Tablets 20 pack each",
    "COL Price": 14,
    "COL ppu": "$0.70 per 1Ea",
    "COL Size": "each"
  },
  {
    "Brand_Product_Size": "My Dog Country Lamb And Liver Dog Food Can 400g",
    "COL Price": 2.2,
    "COL ppu": "$0.55 per 100G",
    "COL Size": "400g"
  },
  {
    "Brand_Product_Size": "Table Of Plenty Kefir Natural Yoghurt 1kg",
    "COL Price": 6,
    "COL ppu": "$6.00 per 1KG",
    "COL Size": "1kg"
  },
  {
    "Brand_Product_Size": "Finish 0% Ultimate Pro Dishwashing Tablets 34 pack",
    "COL Price": 18,
    "COL ppu": "$0.53 per 1Ea",
    "COL Size": "34 pack"
  },
  {
    "Brand_Product_Size": "Frantelle Natural Spring Water 600ml 24 pack",
    "COL Price": 9,
    "COL ppu": "$0.63 per 1L",
    "COL Size": "24 pack"
  },
  {
    "Brand_Product_Size": "Coles Indian Naan Garlic 3 Pack 250g",
    "COL Price": 2.7,
    "COL ppu": "$1.08 per 100G",
    "COL Size": "250g"
  },
  {
    "Brand_Product_Size": "Coles LED 6 watt Bayonet Cap Cool White Globe 2 pack",
    "COL Price": 10,
    "COL ppu": "$5.00 per 1Ea",
    "COL Size": "2 pack"
  },
  {
    "Brand_Product_Size": "Coles Fresh Seafood Yellowfin Tuna Steak approx. 225g",
    "COL Price": 10.125,
    "COL ppu": "$45.00 per 1Kg",
    "COL Size": "approx. 225g"
  },
  {
    "Brand_Product_Size": "Food For Health Maple Vanilla & Cinnamon Probiotic Brekkie Balls 200g",
    "COL Price": 12,
    "COL ppu": "$6.00 per 100G",
    "COL Size": "200g"
  },
  {
    "Brand_Product_Size": "Trill Lorikeet Complete Meal Mix 500g",
    "COL Price": 10,
    "COL ppu": "$2.00 per 100G",
    "COL Size": "500g"
  },
  {
    "Brand_Product_Size": "KB Coconut Crumbed Prawns 300g",
    "COL Price": 9.5,
    "COL ppu": "$31.67 per 1Kg",
    "COL Size": "300g"
  },
  {
    "Brand_Product_Size": "Herbert Adams Quiche Bacon Chedder Zucchini 700g",
    "COL Price": 14,
    "COL ppu": "$2.00 per 100G",
    "COL Size": "700g"
  },
  {
    "Brand_Product_Size": "Sandhurst Sundried Tomato in Vegetable Oil 270g",
    "COL Price": 4.8,
    "COL ppu": "$17.78 per 1Kg",
    "COL Size": "270g"
  },
  {
    "Brand_Product_Size": "Baileys Chocolate Strawberry & Cream Hearts 90g",
    "COL Price": 15,
    "COL ppu": "$16.67 per 100G",
    "COL Size": "90g"
  },
  {
    "Brand_Product_Size": "Colgate Bamboo Toothbrush Kids Soft 1 pack",
    "COL Price": 5,
    "COL ppu": "$5.00 per 1Ea",
    "COL Size": "1 pack"
  },
  {
    "Brand_Product_Size": "Kiwi Sport & Active Insole each",
    "COL Price": 4.3,
    "COL ppu": "$2.15 per 1Ea",
    "COL Size": "each"
  },
  {
    "Brand_Product_Size": "Coles Cafe Style Triple Choc Muffin each",
    "COL Price": 3,
    "COL ppu": "$3.00 per 1Ea",
    "COL Size": "each"
  },
  {
    "Brand_Product_Size": "Red Rock Deli Parmesan Truffle Oil & Hazelnut Dip 150g",
    "COL Price": 3.5,
    "COL ppu": "$2.33 per 100G",
    "COL Size": "150g"
  },
  {
    "Brand_Product_Size": "Guzzi's Fettuccine Pasta 375g",
    "COL Price": 4,
    "COL ppu": "$1.07 per 100G",
    "COL Size": "375g"
  },
  {
    "Brand_Product_Size": "Bosisto's Sensitive Laundry Liquid 1.2L",
    "COL Price": 7.7,
    "COL ppu": "$6.42 per 1L",
    "COL Size": "1.2L"
  },
  {
    "Brand_Product_Size": "Bundaberg Ginger Beer Multipack Bottles 375mL 10 pack",
    "COL Price": 14.95,
    "COL ppu": "$3.99 per 1L",
    "COL Size": "10 pack"
  },
  {
    "Brand_Product_Size": "Perkii Sparkling Probiotic Drink Ginger Kick 330mL",
    "COL Price": 3.45,
    "COL ppu": "$1.05 per 100mL",
    "COL Size": "330mL"
  },
  {
    "Brand_Product_Size": "Coles Midstream Pregnancy Test 3 pack",
    "COL Price": 10,
    "COL ppu": "$3.33 per 1Ea",
    "COL Size": "3 pack"
  },
  {
    "Brand_Product_Size": "Pops Tomato Sauce Dispenser Pack 600mL",
    "COL Price": 4.5,
    "COL ppu": "$0.75 per 100mL",
    "COL Size": "600mL"
  },
  {
    "Brand_Product_Size": "Sheer Relief Knee-Hi Support Black Size 1 1 pack",
    "COL Price": 8,
    "COL ppu": "",
    "COL Size": "1 pack"
  },
  {
    "Brand_Product_Size": "Cook & Dine Wine Glass each",
    "COL Price": 3,
    "COL ppu": "$3.00 per 1Ea",
    "COL Size": "each"
  },
  {
    "Brand_Product_Size": "Codral Combo Pack 36 pack",
    "COL Price": 12.5,
    "COL ppu": "$0.35 per 1Ea",
    "COL Size": "36 pack"
  },
  {
    "Brand_Product_Size": "Nexba Pineapple Flavoured Sparkling Infusion 1L",
    "COL Price": 2.65,
    "COL ppu": "$2.65 per 1L",
    "COL Size": "1L"
  },
  {
    "Brand_Product_Size": "Coles Kitchen Zucchini Noodles 250g",
    "COL Price": 3,
    "COL ppu": "$1.20 per 100G",
    "COL Size": "250g"
  },
  {
    "Brand_Product_Size": "Coles So Soft 3 Ply Recycled Toilet Tissue 12 pack",
    "COL Price": 6,
    "COL ppu": "$0.50 per 1Ea",
    "COL Size": "12 pack"
  },
  {
    "Brand_Product_Size": "Childs Farm Baby Wash Unfragranced 250mL",
    "COL Price": 8,
    "COL ppu": "$3.20 per 100mL",
    "COL Size": "250mL"
  },
  {
    "Brand_Product_Size": "Sistema Brilliance Food Storage Container 920mL each",
    "COL Price": 10,
    "COL ppu": "$10.00 per 1Ea",
    "COL Size": "each"
  },
  {
    "Brand_Product_Size": "Bickford's Bitter Lemon Cordial 750mL",
    "COL Price": 3.2,
    "COL ppu": "$4.27 per 1L",
    "COL Size": "750mL"
  },
  {
    "Brand_Product_Size": "Patak's Ready To Eat Plain Pappadums 6 Pieces 58g",
    "COL Price": 3,
    "COL ppu": "$5.17 per 100G",
    "COL Size": "58g"
  },
  {
    "Brand_Product_Size": "TP Tear And Share Brioche With Chocolate Chips 400g",
    "COL Price": 7,
    "COL ppu": "$1.75 per 100G",
    "COL Size": "400g"
  },
  {
    "Brand_Product_Size": "Premier Selection Gruyere Cheese approx. 100g",
    "COL Price": 6.5,
    "COL ppu": "$65.00 per 1Kg",
    "COL Size": "approx. 100g"
  },
  {
    "Brand_Product_Size": "Nescafe Blend 43 Mild Roast Instant Coffee 150g",
    "COL Price": 9.4,
    "COL ppu": "$6.27 per 100G",
    "COL Size": "150g"
  },
  {
    "Brand_Product_Size": "Coles Yellow Capsicum approx. 320g each",
    "COL Price": 3.168,
    "COL ppu": "$9.90 per 1Kg",
    "COL Size": "approx. 320g each"
  },
  {
    "Brand_Product_Size": "Gaganis Mung Beans 1kg",
    "COL Price": 4.5,
    "COL ppu": "$4.50 per 1Kg",
    "COL Size": "1kg"
  },
  {
    "Brand_Product_Size": "Flora ProActiv Margarine Spread Buttery 500g",
    "COL Price": 8,
    "COL ppu": "$1.60 per 100G",
    "COL Size": "500g"
  },
  {
    "Brand_Product_Size": "Arnott's Nice Biscuits 250g",
    "COL Price": 2.3,
    "COL ppu": "$0.92 per 100G",
    "COL Size": "250g"
  },
  {
    "Brand_Product_Size": "Cobram Lemon Infused Oil 250mL",
    "COL Price": 7.7,
    "COL ppu": "$3.08 per 100mL",
    "COL Size": "250mL"
  },
  {
    "Brand_Product_Size": "Bonds 1089s Ladies Bikini Briefs Size 12 2 pack",
    "COL Price": 22,
    "COL ppu": "",
    "COL Size": "2 pack"
  },
  {
    "Brand_Product_Size": "Garnier Skin Active Micellar Cleansing Milky Water 400mL",
    "COL Price": 7.5,
    "COL ppu": "$1.88 per 100mL",
    "COL Size": "400mL"
  },
  {
    "Brand_Product_Size": "Kraft Easy Mac Cheesy Chicken Flavour Pasta & Sauce Microwavable Macaroni Meal Multi 4 Pack 280g",
    "COL Price": 3.3,
    "COL ppu": "$1.18 per 100G",
    "COL Size": "280g"
  },
  {
    "Brand_Product_Size": "Palmolive Aloe Vera Liquid Hand Wash 250mL",
    "COL Price": 2.8,
    "COL ppu": "$1.12 per 100mL",
    "COL Size": "250mL"
  },
  {
    "Brand_Product_Size": "Neutrogena Oil Free Pink Grapefruit Cleanser 175mL",
    "COL Price": 15.3,
    "COL ppu": "$8.74 per 100mL",
    "COL Size": "175mL"
  },
  {
    "Brand_Product_Size": "Colourless Max Effect Hair Colour Remover 1 pack",
    "COL Price": 27,
    "COL ppu": "$27.00 per 1Ea",
    "COL Size": "1 pack"
  },
  {
    "Brand_Product_Size": "Birds Eye Snap Frozen Broccoli Florets 500g",
    "COL Price": 4,
    "COL ppu": "$8.00 per 1Kg",
    "COL Size": "500g"
  },
  {
    "Brand_Product_Size": "Coles Beef Scotch Steak With Truffle Butter 265g",
    "COL Price": 11,
    "COL ppu": "$4.15 per 100G",
    "COL Size": "265g"
  },
  {
    "Brand_Product_Size": "Coles High Fibre White Toast Bread 700g",
    "COL Price": 2.3,
    "COL ppu": "$0.33 per 100G",
    "COL Size": "700g"
  },
  {
    "Brand_Product_Size": "Eastcoast Orange Mango Papaya Juice 2L",
    "COL Price": 4.75,
    "COL ppu": "$2.38 per 1L",
    "COL Size": "2L"
  },
  {
    "Brand_Product_Size": "Valcom Kaffir Lime Leaves 100g",
    "COL Price": 2.85,
    "COL ppu": "$28.50 per 1Kg",
    "COL Size": "100g"
  },
  {
    "Brand_Product_Size": "Coles Tomato Ketchup 487mL",
    "COL Price": 2.5,
    "COL ppu": "$0.51 per 100mL",
    "COL Size": "487mL"
  },
  {
    "Brand_Product_Size": "Cook & Dine Paper Cups 15 pack",
    "COL Price": 3.15,
    "COL ppu": "$0.21 per 1Ea",
    "COL Size": "15 pack"
  },
  {
    "Brand_Product_Size": "Coles Bakery Stone Baked Multigrain Sourdough Vienna each",
    "COL Price": 4,
    "COL ppu": "$4.00 per 1Ea",
    "COL Size": "each"
  },
  {
    "Brand_Product_Size": "Ivans Strawberry & Apple Crumble 500g",
    "COL Price": 12.5,
    "COL ppu": "$2.50 per 100G",
    "COL Size": "500g"
  },
  {
    "Brand_Product_Size": "Coles Hot Smoked Salmon Natural 150g",
    "COL Price": 7,
    "COL ppu": "$46.67 per 1Kg",
    "COL Size": "150g"
  },
  {
    "Brand_Product_Size": "Coles Sweetened Condensed Coconut Milk 320g",
    "COL Price": 3,
    "COL ppu": "$0.94 per 100G",
    "COL Size": "320g"
  },
  {
    "Brand_Product_Size": "Coles Watermelon Seedless Whole approx. 8kg each",
    "COL Price": 28,
    "COL ppu": "$3.50 per 1Kg",
    "COL Size": "approx. 8kg each"
  },
  {
    "Brand_Product_Size": "Dilmah Premium Pure Ceylon Tea Bags 200 pack 400g",
    "COL Price": 5.4,
    "COL ppu": "$0.03 per 1Ea",
    "COL Size": "400g"
  },
  {
    "Brand_Product_Size": "Fever-Tree Premium Indian Tonic Water 500mL",
    "COL Price": 4,
    "COL ppu": "$8.00 per 1L",
    "COL Size": "500mL"
  },
  {
    "Brand_Product_Size": "M & M Kosher Chicken Breast Fillet Skin Off approx. 500g pack",
    "COL Price": 15.8,
    "COL ppu": "$31.60 per 1Kg",
    "COL Size": "approx. 500g pack"
  },
  {
    "Brand_Product_Size": "Anna Chick Peas 6x420g 2.52kg",
    "COL Price": 4,
    "COL ppu": "$1.59 per 1Kg",
    "COL Size": "2.52kg"
  },
  {
    "Brand_Product_Size": "Hoyts Pine Nuts 25g",
    "COL Price": 3.2,
    "COL ppu": "$1.28 per 10G",
    "COL Size": "25g"
  },
  {
    "Brand_Product_Size": "Abbott's Village Bakery Rustic White Bread 700g",
    "COL Price": 3.8,
    "COL ppu": "$0.54 per 100G",
    "COL Size": "700g"
  },
  {
    "Brand_Product_Size": "Kantong Teriyaki Chicken Cooking Sauce 175g",
    "COL Price": 2.9,
    "COL ppu": "$1.66 per 100G",
    "COL Size": "175g"
  },
  {
    "Brand_Product_Size": "DJ & A Shitake Mushroom Crisps 65g",
    "COL Price": 3.5,
    "COL ppu": "$5.38 per 100G",
    "COL Size": "65g"
  },
  {
    "Brand_Product_Size": "Scunci Skinny Elastics 100 pieces 1 pack",
    "COL Price": 10,
    "COL ppu": "$10.00 per 1Ea",
    "COL Size": "1 pack"
  },
  {
    "Brand_Product_Size": "Finish Quantum Ultimate Pro Lemon Dishwash Tablets 32 pack",
    "COL Price": 36,
    "COL ppu": "$1.13 per 1Ea",
    "COL Size": "32 pack"
  },
  {
    "Brand_Product_Size": "Dollar Sweets Treasure Toppings 145g",
    "COL Price": 6,
    "COL ppu": "$4.14 per 100G",
    "COL Size": "145g"
  },
  {
    "Brand_Product_Size": "Babybel Mini Light Cheese 5 pack 100g",
    "COL Price": 4.8,
    "COL ppu": "$4.80 per 100G",
    "COL Size": "100g"
  },
  {
    "Brand_Product_Size": "Coles Ultimate Choc Dipped Chip Cookie 400g",
    "COL Price": 4.5,
    "COL ppu": "$1.13 per 100G",
    "COL Size": "400g"
  },
  {
    "Brand_Product_Size": "Coles Sliced Mushrooms in Butter Sauce Canned 220g",
    "COL Price": 1.55,
    "COL ppu": "$7.05 per 1Kg",
    "COL Size": "220g"
  },
  {
    "Brand_Product_Size": "Sukin Green Tea Hydrating Mist Toner 125mL",
    "COL Price": 13,
    "COL ppu": "$10.40 per 100mL",
    "COL Size": "125mL"
  },
  {
    "Brand_Product_Size": "Primo Cabanossi 300g",
    "COL Price": 5,
    "COL ppu": "$16.67 per 1Kg",
    "COL Size": "300g"
  },
  {
    "Brand_Product_Size": "Maui Shea Butter Shampoo 385mL",
    "COL Price": 22,
    "COL ppu": "$5.71 per 100mL",
    "COL Size": "385mL"
  },
  {
    "Brand_Product_Size": "Caffe Aurora Espressotoria Italian Coffee Capsules 12 pack",
    "COL Price": 5.6,
    "COL ppu": "$0.47 per 1Ea",
    "COL Size": "12 pack"
  },
  {
    "Brand_Product_Size": "Optimum Dog Food Salmon And Rice 6x100g 6 pack",
    "COL Price": 8.75,
    "COL ppu": "$1.46 per 100G",
    "COL Size": "6 pack"
  },
  {
    "Brand_Product_Size": "Mount Franklin Pure Spring Water 500mL 6 pack",
    "COL Price": 4.3,
    "COL ppu": "$1.43 per 1L",
    "COL Size": "6 pack"
  },
  {
    "Brand_Product_Size": "Sunrice Rice & Quinoa 250g",
    "COL Price": 2.8,
    "COL ppu": "$1.12 per 100G",
    "COL Size": "250g"
  },
  {
    "Brand_Product_Size": "Haddar Soy Sauce 296mL",
    "COL Price": 5.8,
    "COL ppu": "$1.96 per 100mL",
    "COL Size": "296mL"
  },
  {
    "Brand_Product_Size": "Twinings Pure Green Tea Bags 10 pack 15g",
    "COL Price": 2.9,
    "COL ppu": "$0.29 per 1Ea",
    "COL Size": "15g"
  },
  {
    "Brand_Product_Size": "Mersey Valley Classic Cheddar Cheese 180g",
    "COL Price": 4.7,
    "COL ppu": "$26.11 per 1Kg",
    "COL Size": "180g"
  },
  {
    "Brand_Product_Size": "Starbucks Italian Roast Capsules 10 pack",
    "COL Price": 6.9,
    "COL ppu": "$0.69 per 1Ea",
    "COL Size": "10 pack"
  },
  {
    "Brand_Product_Size": "Sunbeam Dried Currants 300g",
    "COL Price": 4.9,
    "COL ppu": "$16.33 per 1Kg",
    "COL Size": "300g"
  },
  {
    "Brand_Product_Size": "Old El Paso Stand 'N Stuff Taco Kit Mild 295g",
    "COL Price": 5,
    "COL ppu": "$1.69 per 100G",
    "COL Size": "295g"
  },
  {
    "Brand_Product_Size": "Maharajah's Choice Semolina Coarse 1kg",
    "COL Price": 2,
    "COL ppu": "$2.00 per 1Kg",
    "COL Size": "1kg"
  },
  {
    "Brand_Product_Size": "Sistema To Go Klip It Salad Container each",
    "COL Price": 10,
    "COL ppu": "",
    "COL Size": "each"
  },
  {
    "Brand_Product_Size": "Coles Bakery Soft Round Rolls 12 pack",
    "COL Price": 3.5,
    "COL ppu": "$0.29 per 1Ea",
    "COL Size": "12 pack"
  },
  {
    "Brand_Product_Size": "Coles Skim Long Life Milk 1L",
    "COL Price": 1.25,
    "COL ppu": "$1.25 per 1L",
    "COL Size": "1L"
  },
  {
    "Brand_Product_Size": "Schick Hydro Silk Razor & Blade Kit 1 pack",
    "COL Price": 6.75,
    "COL ppu": "$6.75 per 1Ea",
    "COL Size": "1 pack"
  },
  {
    "Brand_Product_Size": "Thank You Lemon & Poppy Seed Body Bar 100g",
    "COL Price": 2.45,
    "COL ppu": "$2.45 per 100G",
    "COL Size": "100g"
  },
  {
    "Brand_Product_Size": "Robert Timms Decaffeinated Coffee Bags 18 pack 105g",
    "COL Price": 7.3,
    "COL ppu": "$6.95 per 100G",
    "COL Size": "105g"
  },
  {
    "Brand_Product_Size": "Duracell Lithium Coin Batteries 2032 6 pack",
    "COL Price": 14.9,
    "COL ppu": "$2.48 per 1Ea",
    "COL Size": "6 pack"
  },
  {
    "Brand_Product_Size": "Mirabella Globe LED Bayonet Amber 2 watt 150 Lumens Warm White 1 pack",
    "COL Price": 16,
    "COL ppu": "$16.00 per 1Ea",
    "COL Size": "1 pack"
  },
  {
    "Brand_Product_Size": "Fountain Barbecue Sauce 2L",
    "COL Price": 6,
    "COL ppu": "$0.30 per 100mL",
    "COL Size": "2L"
  },
  {
    "Brand_Product_Size": "Coles Kitchen Pesto Chicken & Pasta 320g",
    "COL Price": 7.5,
    "COL ppu": "$2.34 per 100G",
    "COL Size": "320g"
  },
  {
    "Brand_Product_Size": "Nivea Aero Black White Twin Pack 250mL",
    "COL Price": 9.5,
    "COL ppu": "$3.80 per 100mL",
    "COL Size": "250mL"
  },
  {
    "Brand_Product_Size": "Berri Quelch Apple Berry Fruit Juice Icy Tubes 24 pack 1.68L",
    "COL Price": 7,
    "COL ppu": "$0.42 per 100mL",
    "COL Size": "1.68L"
  },
  {
    "Brand_Product_Size": "Hairy Lemon 40 Effervescent Tablets 1 pack",
    "COL Price": 14,
    "COL ppu": "$14.00 per 1Ea",
    "COL Size": "1 pack"
  },
  {
    "Brand_Product_Size": "Curash Baby Care Soap Free Bath 400mL",
    "COL Price": 7,
    "COL ppu": "$1.75 per 100mL",
    "COL Size": "400mL"
  },
  {
    "Brand_Product_Size": "Coles Peach Flavoured Ice Tea 1.25L",
    "COL Price": 1.8,
    "COL ppu": "$1.44 per 1L",
    "COL Size": "1.25L"
  },
  {
    "Brand_Product_Size": "Coles Kids Pack Bananas 750g",
    "COL Price": 3,
    "COL ppu": "$4.00 per 1Kg",
    "COL Size": "750g"
  },
  {
    "Brand_Product_Size": "Duracell Ultra Alkaline AA Batteries 10 pack",
    "COL Price": 17.5,
    "COL ppu": "$1.75 per 1Ea",
    "COL Size": "10 pack"
  },
  {
    "Brand_Product_Size": "Mayvers Smunchy Skin On Peanut Butter 375g",
    "COL Price": 5,
    "COL ppu": "$1.33 per 100G",
    "COL Size": "375g"
  },
  {
    "Brand_Product_Size": "Cook & Dine Plastic Knives 50 pack",
    "COL Price": 2,
    "COL ppu": "$4.00 per 100Ea",
    "COL Size": "50 pack"
  },
  {
    "Brand_Product_Size": "Cascade Mini Mixers Ginger Beer Can 200mL 4 pack",
    "COL Price": 4.4,
    "COL ppu": "$5.50 per 1L",
    "COL Size": "4 pack"
  },
  {
    "Brand_Product_Size": "Koi Blood Orange & Ginger Body Wash 500mL",
    "COL Price": 8,
    "COL ppu": "$1.60 per 100mL",
    "COL Size": "500mL"
  },
  {
    "Brand_Product_Size": "Coles RSPCA Approved Chicken Whole With Greek Seasoning approx. 2.1kg",
    "COL Price": 13.65,
    "COL ppu": "$6.50 per 1Kg",
    "COL Size": "approx. 2.1kg"
  },
  {
    "Brand_Product_Size": "Edgell Baby Peas 420g",
    "COL Price": 2,
    "COL ppu": "$4.76 per 1Kg",
    "COL Size": "420g"
  },
  {
    "Brand_Product_Size": "Coles Mint Sleeved 1 bunch",
    "COL Price": 3,
    "COL ppu": "$3.00 per 1Ea",
    "COL Size": "1 bunch"
  },
  {
    "Brand_Product_Size": "Greens Choc chip & Butter Milk Pancake Shake 335g",
    "COL Price": 3,
    "COL ppu": "$0.90 per 100G",
    "COL Size": "335g"
  },
  {
    "Brand_Product_Size": "Black Swan Crafted Basil With Cashew & Parmesan Dip 200g",
    "COL Price": 4.3,
    "COL ppu": "$2.15 per 100G",
    "COL Size": "200g"
  },
  {
    "Brand_Product_Size": "Coles Figs Loose each",
    "COL Price": 1.7,
    "COL ppu": "$1.70 per 1Ea",
    "COL Size": "each"
  },
  {
    "Brand_Product_Size": "Mission Multigrain 8 Tortillas 384g",
    "COL Price": 3.8,
    "COL ppu": "$0.99 per 100G",
    "COL Size": "384g"
  },
  {
    "Brand_Product_Size": "Patak's Tandoori Paste Marinade 295g",
    "COL Price": 5.5,
    "COL ppu": "$1.86 per 100G",
    "COL Size": "295g"
  },
  {
    "Brand_Product_Size": "Libra Extra Super With Wings Pads 12 pack",
    "COL Price": 2.94,
    "COL ppu": "$0.25 per 1Ea",
    "COL Size": "12 pack"
  },
  {
    "Brand_Product_Size": "Lemnos Traditional Fetta Cheese 2 pack 200g",
    "COL Price": 6.5,
    "COL ppu": "$3.25 per 100G",
    "COL Size": "200g"
  },
  {
    "Brand_Product_Size": "Coles Curry Leaves Punnet 10g",
    "COL Price": 2.98,
    "COL ppu": "$2.98 per 10G",
    "COL Size": "10g"
  },
  {
    "Brand_Product_Size": "Beta Genica-8 Range Step 1 800 gram",
    "COL Price": 42,
    "COL ppu": "",
    "COL Size": "800 gram"
  },
  {
    "Brand_Product_Size": "Restaurant Collection Grilled Lemon Thyme Split Chicken 800g",
    "COL Price": 17,
    "COL ppu": "$2.13 per 100G",
    "COL Size": "800g"
  },
  {
    "Brand_Product_Size": "Able Foods Baked Beans Extra Cheese 200g",
    "COL Price": 2.5,
    "COL ppu": "$1.25 per 100G",
    "COL Size": "200g"
  },
  {
    "Brand_Product_Size": "Sunrice Brown Rice Chips Sea Salt 150g",
    "COL Price": 5,
    "COL ppu": "$3.33 per 100G",
    "COL Size": "150g"
  },
  {
    "Brand_Product_Size": "NRG Super Alkaline AA Batteries 4 pack",
    "COL Price": 4.5,
    "COL ppu": "$1.13 per 1Ea",
    "COL Size": "4 pack"
  },
  {
    "Brand_Product_Size": "Dairy Farmers Strawberry Flavoured Milk 500mL",
    "COL Price": 3,
    "COL ppu": "$6.00 per 1L",
    "COL Size": "500mL"
  },
  {
    "Brand_Product_Size": "Coles Bird Treat Large Wild Bird 300g",
    "COL Price": 2.4,
    "COL ppu": "$0.80 per 100G",
    "COL Size": "300g"
  },
  {
    "Brand_Product_Size": "Coles Bakery Stone Baked By Laurent Mini White Sourdough Vienna each",
    "COL Price": 2.85,
    "COL ppu": "$2.85 per 1Ea",
    "COL Size": "each"
  },
  {
    "Brand_Product_Size": "Neutrogena Hydro Boost Water Gel Lotion Sunscreen SPF50 88mL",
    "COL Price": 15,
    "COL ppu": "$17.05 per 100mL",
    "COL Size": "88mL"
  },
  {
    "Brand_Product_Size": "Dettol Classic Antibacterial Disinfectant Liquid Solution 750mL",
    "COL Price": 11.2,
    "COL ppu": "$1.49 per 100mL",
    "COL Size": "750mL"
  },
  {
    "Brand_Product_Size": "Twix Chocolate Bar 2 Pack 72g",
    "COL Price": 1.5,
    "COL ppu": "$2.08 per 100G",
    "COL Size": "72g"
  },
  {
    "Brand_Product_Size": "T2 French Earl Grey Flavoured Black Tea Bags 25 pack 50g",
    "COL Price": 15,
    "COL ppu": "$30.00 per 100G",
    "COL Size": "50g"
  },
  {
    "Brand_Product_Size": "Coles Graze Lamb Loin Chops approx. 400g",
    "COL Price": 11.2,
    "COL ppu": "$28.00 per 1Kg",
    "COL Size": "approx. 400g"
  },
  {
    "Brand_Product_Size": "Coles Deli Semi Dried Tomatoes with Fresh Basil approx. 125g",
    "COL Price": 3.125,
    "COL ppu": "$25.00 per 1Kg",
    "COL Size": "approx. 125g"
  },
  {
    "Brand_Product_Size": "Twinings Cold Water Infusions Live Well Uplift 12 pack",
    "COL Price": 6.5,
    "COL ppu": "$0.54 per 1Ea",
    "COL Size": "12 pack"
  },
  {
    "Brand_Product_Size": "Don Alvaraz Manchego approx. 100g",
    "COL Price": 6.75,
    "COL ppu": "$67.50 per 1Kg",
    "COL Size": "approx. 100g"
  },
  {
    "Brand_Product_Size": "Lemsip Honey and Ginger 10 pack",
    "COL Price": 10,
    "COL ppu": "$1.00 per 1Ea",
    "COL Size": "10 pack"
  },
  {
    "Brand_Product_Size": "L'Oreal Light Brown Magic Retouch Instant Root Concealer Spray 75mL",
    "COL Price": 12.8,
    "COL ppu": "$17.07 per 100mL",
    "COL Size": "75mL"
  },
  {
    "Brand_Product_Size": "Pepsi Max Soft Drink 1.25L",
    "COL Price": 1.3,
    "COL ppu": "$1.04 per 1L",
    "COL Size": "1.25L"
  },
  {
    "Brand_Product_Size": "Genius Gluten Free Farmhouse Soft Brown Bread Loaf 535g",
    "COL Price": 6,
    "COL ppu": "$1.12 per 100G",
    "COL Size": "535g"
  },
  {
    "Brand_Product_Size": "Lady Jayne Tangle Pro Detangling Brush each",
    "COL Price": 13,
    "COL ppu": "$13.00 per 1Ea",
    "COL Size": "each"
  },
  {
    "Brand_Product_Size": "Only Organic Strawberry Yoghurt Rice Cakes 30g",
    "COL Price": 3.3,
    "COL ppu": "$11.00 per 100G",
    "COL Size": "30g"
  },
  {
    "Brand_Product_Size": "Heinz Chilli Beanz Hot 420g",
    "COL Price": 2.5,
    "COL ppu": "$0.60 per 100G",
    "COL Size": "420g"
  },
  {
    "Brand_Product_Size": "Optimum With Chicken Rice Vegetables 6 pack",
    "COL Price": 8.75,
    "COL ppu": "$1.46 per 100G",
    "COL Size": "6 pack"
  },
  {
    "Brand_Product_Size": "Emma & Tom's Lemon Quencher Chilled 450mL",
    "COL Price": 3.9,
    "COL ppu": "$8.67 per 1L",
    "COL Size": "450mL"
  },
  {
    "Brand_Product_Size": "Coles Curry Leaves Punnet 10g",
    "COL Price": 2.98,
    "COL ppu": "$2.98 per 10G",
    "COL Size": "10g"
  },
  {
    "Brand_Product_Size": "Vittoria Colombia Coffee Capsules 10 pack",
    "COL Price": 7,
    "COL ppu": "$0.70 per 1Ea",
    "COL Size": "10 pack"
  },
  {
    "Brand_Product_Size": "Cadbury Dream White Chocolate Bar 50g",
    "COL Price": 1,
    "COL ppu": "$2.00 per 100G",
    "COL Size": "50g"
  },
  {
    "Brand_Product_Size": "Castello Creamy Blue Cheese 300g",
    "COL Price": 11.5,
    "COL ppu": "$3.83 per 100G",
    "COL Size": "300g"
  },
  {
    "Brand_Product_Size": "McVitie's Digestives Milk Chocolate Wheat Biscuits 300g",
    "COL Price": 3.95,
    "COL ppu": "$1.32 per 100G",
    "COL Size": "300g"
  },
  {
    "Brand_Product_Size": "Coca-Cola Diet Coke Multipack Cans 375mL 10 pack",
    "COL Price": 13.02,
    "COL ppu": "$3.47 per 1L",
    "COL Size": "10 pack"
  },
  {
    "Brand_Product_Size": "Mars Chocolate Medium Party Share Bag 12 Pieces 216g",
    "COL Price": 5,
    "COL ppu": "$2.31 per 100G",
    "COL Size": "216g"
  },
  {
    "Brand_Product_Size": "My Dog Tender Chicken And Turkey Banquet  Loaf Classics Wet Dog Food Can 680g",
    "COL Price": 2.7,
    "COL ppu": "$0.40 per 100G",
    "COL Size": "680g"
  },
  {
    "Brand_Product_Size": "Cadbury Dairy Milk Black Forest Chocolate Block 180g",
    "COL Price": 5,
    "COL ppu": "$2.78 per 100G",
    "COL Size": "180g"
  },
  {
    "Brand_Product_Size": "Cadbury Sharepack Dairy Milk 144 gram",
    "COL Price": 2.5,
    "COL ppu": "",
    "COL Size": "144 gram"
  },
  {
    "Brand_Product_Size": "Waterford's Tahitian Lime Lite & Fruity Sparkling Mineral Water 1L",
    "COL Price": 1.15,
    "COL ppu": "$1.15 per 1L",
    "COL Size": "1L"
  },
  {
    "Brand_Product_Size": "Pattu Coriander Seeds 200g",
    "COL Price": 2.2,
    "COL ppu": "$1.10 per 100G",
    "COL Size": "200g"
  },
  {
    "Brand_Product_Size": "Coles Kitchen Roast Vegetable Medley 350g",
    "COL Price": 6,
    "COL ppu": "$1.71 per 100G",
    "COL Size": "350g"
  },
  {
    "Brand_Product_Size": "Pepsi Soft Drink 10x375ml Soft Drink Max Mango 10 pack",
    "COL Price": 7.5,
    "COL ppu": "$0.75 per 1Ea",
    "COL Size": "10 pack"
  },
  {
    "Brand_Product_Size": "Leggo's Tomato Paste No Added Salt 4 pack 50g",
    "COL Price": 2.3,
    "COL ppu": "$1.15 per 100G",
    "COL Size": "50g"
  },
  {
    "Brand_Product_Size": "Redheads Safety Matches 450 pack",
    "COL Price": 2.15,
    "COL ppu": "$0.48 per 100Ea",
    "COL Size": "450 pack"
  },
  {
    "Brand_Product_Size": "Nature's Way Kids Smart Multi + Probiotics Tablets 50 pack",
    "COL Price": 19,
    "COL ppu": "$0.38 per 1Ea",
    "COL Size": "50 pack"
  },
  {
    "Brand_Product_Size": "Yumi's Gluten Free Classic Smokey Chipotle Hommus Dip 200g",
    "COL Price": 3,
    "COL ppu": "$1.50 per 100G",
    "COL Size": "200g"
  },
  {
    "Brand_Product_Size": "Lavazza Smooth And Aromatic Medium Roast Ground Coffee 1kg",
    "COL Price": 30,
    "COL ppu": "$3.00 per 100G",
    "COL Size": "1kg"
  },
  {
    "Brand_Product_Size": "Faber Castell Colour Pencil Assorted 12 pack",
    "COL Price": 6,
    "COL ppu": "$0.50 per 1Ea",
    "COL Size": "12 pack"
  },
  {
    "Brand_Product_Size": "Coles Veg Pad Thai 375g",
    "COL Price": 3,
    "COL ppu": "$0.80 per 100G",
    "COL Size": "375g"
  },
  {
    "Brand_Product_Size": "Coles Deli Salad Tubs Snack Curried Pumpkin Cous Cous Salad each",
    "COL Price": 3,
    "COL ppu": "$3.00 per 1Ea",
    "COL Size": "each"
  },
  {
    "Brand_Product_Size": "Bare Essentials Borax Cleaner 500g",
    "COL Price": 4.1,
    "COL ppu": "$0.82 per 100G",
    "COL Size": "500g"
  },
  {
    "Brand_Product_Size": "Pauls Zymil Lactose Free Chocolate Flavoured Milk 400mL",
    "COL Price": 3,
    "COL ppu": "$7.50 per 1L",
    "COL Size": "400mL"
  },
  {
    "Brand_Product_Size": "Patak's Butter Chicken Simmer Sauce Medium 450g",
    "COL Price": 3.5,
    "COL ppu": "$0.78 per 100G",
    "COL Size": "450g"
  },
  {
    "Brand_Product_Size": "Original Juice Co. Black Label Pulp Free Chilled Orange Juice 1.5L",
    "COL Price": 5.65,
    "COL ppu": "$3.77 per 1L",
    "COL Size": "1.5L"
  },
  {
    "Brand_Product_Size": "L'Oreal Men Expert Barber Club 3-In-1 Wash 200mL",
    "COL Price": 15,
    "COL ppu": "$7.50 per 100mL",
    "COL Size": "200mL"
  },
  {
    "Brand_Product_Size": "Impulse Summer Dreams Body Spray 75mL",
    "COL Price": 4,
    "COL ppu": "$5.33 per 100mL",
    "COL Size": "75mL"
  },
  {
    "Brand_Product_Size": "Freedom Foods Heritage Mill Salted Caramel Hazelnut Clusters 1 kg",
    "COL Price": 7,
    "COL ppu": "$0.70 per 100G",
    "COL Size": "1 kg"
  },
  {
    "Brand_Product_Size": "Sunrice Brown Rice & Red Rice infused with Chilli & Garlic 250g",
    "COL Price": 3,
    "COL ppu": "$1.20 per 100G",
    "COL Size": "250g"
  },
  {
    "Brand_Product_Size": "Coles Kitchen Parmesan Ranch Dressing 250mL",
    "COL Price": 4,
    "COL ppu": "$1.60 per 100mL",
    "COL Size": "250mL"
  },
  {
    "Brand_Product_Size": "Dine Daily Cat Food Mixed Selection Saucy Or Cuts In Gravy 85g 14 pack",
    "COL Price": 13.5,
    "COL ppu": "$0.96 per 1Ea",
    "COL Size": "14 pack"
  },
  {
    "Brand_Product_Size": "Bega Smooth Peanut Butter 780g",
    "COL Price": 6.5,
    "COL ppu": "$0.83 per 100G",
    "COL Size": "780g"
  },
  {
    "Brand_Product_Size": "MEB White Khobz Pita 5 Pack 500g",
    "COL Price": 3.2,
    "COL ppu": "$0.64 per 100G",
    "COL Size": "500g"
  },
  {
    "Brand_Product_Size": "MasterFoods Teriyaki Marinade 375g",
    "COL Price": 2.5,
    "COL ppu": "$0.67 per 100G",
    "COL Size": "375g"
  },
  {
    "Brand_Product_Size": "Coles Frozen Seafood Highlighter 1kg",
    "COL Price": 7.5,
    "COL ppu": "$7.50 per 1Kg",
    "COL Size": "1kg"
  },
  {
    "Brand_Product_Size": "Coles 2 Ply White Toilet Tissue 18 pack",
    "COL Price": 5.5,
    "COL ppu": "$0.12 per 100Ea",
    "COL Size": "18 pack"
  },
  {
    "Brand_Product_Size": "Passage Foods Passage To Asia Teriyaki Chicken Stir Fry Sauce 200g",
    "COL Price": 3,
    "COL ppu": "$1.50 per 100G",
    "COL Size": "200g"
  },
  {
    "Brand_Product_Size": "Tamar Valley Kids Greek Natural Raspberry Yoghurt Pouch 110g",
    "COL Price": 1.3,
    "COL ppu": "$1.18 per 100G",
    "COL Size": "110g"
  },
  {
    "Brand_Product_Size": "Le Dauphin Double Creme Cheese 200g",
    "COL Price": 23,
    "COL ppu": "$11.50 per 100G",
    "COL Size": "200g"
  },
  {
    "Brand_Product_Size": "Coles Chocolate & Peppermint Ice Cream Cones 4 pack 475mL",
    "COL Price": 3.5,
    "COL ppu": "$0.74 per 100mL",
    "COL Size": "475mL"
  },
  {
    "Brand_Product_Size": "Quilton Classic White Facial Tissues 110 pack",
    "COL Price": 2,
    "COL ppu": "$1.82 per 100Ea",
    "COL Size": "110 pack"
  },
  {
    "Brand_Product_Size": "Keep It Cleaner Bliss Balls Espresso 40g",
    "COL Price": 2.5,
    "COL ppu": "$6.25 per 100G",
    "COL Size": "40g"
  },
  {
    "Brand_Product_Size": "Sharwood's Rogan Josh Simmer Sauce 420g",
    "COL Price": 3,
    "COL ppu": "$0.71 per 100G",
    "COL Size": "420g"
  },
  {
    "Brand_Product_Size": "Dr. Oetker Frozen Ristorante Mozzarella Pizza 335g",
    "COL Price": 7.9,
    "COL ppu": "$2.36 per 100G",
    "COL Size": "335g"
  },
  {
    "Brand_Product_Size": "Eskal Pickled Herring Fillets 375g",
    "COL Price": 6.8,
    "COL ppu": "$18.13 per 1Kg",
    "COL Size": "375g"
  },
  {
    "Brand_Product_Size": "Vittoria Coffee Bags Espresso Blend 20 pack",
    "COL Price": 9.65,
    "COL ppu": "$0.48 per 1Ea",
    "COL Size": "20 pack"
  },
  {
    "Brand_Product_Size": "Ion Laundry Capsules Colour 36 pack",
    "COL Price": 12,
    "COL ppu": "$0.33 per 1Ea",
    "COL Size": "36 pack"
  },
  {
    "Brand_Product_Size": "Nissin Sesame Oil Flavour Instant Noodles 110g",
    "COL Price": 1.95,
    "COL ppu": "$1.77 per 100G",
    "COL Size": "110g"
  },
  {
    "Brand_Product_Size": "Munchkin Stay Put Suction Plate each",
    "COL Price": 11,
    "COL ppu": "$11.00 per 1Ea",
    "COL Size": "each"
  },
  {
    "Brand_Product_Size": "D3 Rigid Strapping Tape 1 pack",
    "COL Price": 10,
    "COL ppu": "$10.00 per 1Ea",
    "COL Size": "1 pack"
  },
  {
    "Brand_Product_Size": "Bref Blue Active Eucalyptus 3 pack",
    "COL Price": 6.5,
    "COL ppu": "$4.33 per 100G",
    "COL Size": "3 pack"
  },
  {
    "Brand_Product_Size": "Cove By Earth Choice Bathroom Cleaner 475mL",
    "COL Price": 10,
    "COL ppu": "$2.11 per 100mL",
    "COL Size": "475mL"
  },
  {
    "Brand_Product_Size": "Woofin Good Kangaroo Rice & Vegetables Dry Dog Food 2.5kg",
    "COL Price": 17,
    "COL ppu": "$0.68 per 100G",
    "COL Size": "2.5kg"
  },
  {
    "Brand_Product_Size": "Coles Pork Bones Smoked 500g",
    "COL Price": 6,
    "COL ppu": "$12.00 per 1Kg",
    "COL Size": "500g"
  },
  {
    "Brand_Product_Size": "Perugina Dark Chocolate 86g",
    "COL Price": 4.4,
    "COL ppu": "$0.51 per 10G",
    "COL Size": "86g"
  },
  {
    "Brand_Product_Size": "L'Oreal Men Expert Barber Club Shower Gel 300mL",
    "COL Price": 4.16,
    "COL ppu": "$1.39 per 100mL",
    "COL Size": "300mL"
  },
  {
    "Brand_Product_Size": "Don Truffle Leg Ham approx. 125g",
    "COL Price": 4,
    "COL ppu": "$32.00 per 1Kg",
    "COL Size": "approx. 125g"
  },
  {
    "Brand_Product_Size": "Birds Eye Frozen Steam Fresh Peas Beans Corn & Broccoli Mix 5 pack 750g",
    "COL Price": 5,
    "COL ppu": "$6.67 per 1Kg",
    "COL Size": "750g"
  },
  {
    "Brand_Product_Size": "Maximus Grape Sports Drink 1L",
    "COL Price": 3.2,
    "COL ppu": "$3.20 per 1L",
    "COL Size": "1L"
  },
  {
    "Brand_Product_Size": "L'Oreal Magic Retouch Spray Cool Dark Brown 75mL",
    "COL Price": 12.8,
    "COL ppu": "$17.07 per 100mL",
    "COL Size": "75mL"
  },
  {
    "Brand_Product_Size": "Dirty Works Soft Touch Hand Cream 100mL",
    "COL Price": 6,
    "COL ppu": "$6.00 per 100mL",
    "COL Size": "100mL"
  },
  {
    "Brand_Product_Size": "Air Wick Pure Car Air Freshener Daintree Rainforest 1 pack",
    "COL Price": 6,
    "COL ppu": "$24.00 per 10mL",
    "COL Size": "1 pack"
  },
  {
    "Brand_Product_Size": "Nature's Gift Deli Roll with Kangaroo Sweet Potato & Peas Dog Food 1.4kg",
    "COL Price": 4,
    "COL ppu": "$0.29 per 100G",
    "COL Size": "1.4kg"
  },
  {
    "Brand_Product_Size": "Dairy Farmers A2 Protein Full Cream Milk 2L",
    "COL Price": 4.2,
    "COL ppu": "$2.10 per 1L",
    "COL Size": "2L"
  },
  {
    "Brand_Product_Size": "Coles Dried Pineapple Rings 200g",
    "COL Price": 4.5,
    "COL ppu": "$2.25 per 100G",
    "COL Size": "200g"
  },
  {
    "Brand_Product_Size": "Maggi Dry Recipe Base Gluten Free Sour Cream & Chives Potato Bake 21g",
    "COL Price": 1.75,
    "COL ppu": "$8.33 per 100G",
    "COL Size": "21g"
  },
  {
    "Brand_Product_Size": "Red Tractor Steel Cut Oats 850g",
    "COL Price": 7,
    "COL ppu": "$0.82 per 100G",
    "COL Size": "850g"
  },
  {
    "Brand_Product_Size": "Arnott's Sesame & Poppy Vita-Weat Crackers 130g",
    "COL Price": 1.5,
    "COL ppu": "$1.15 per 100G",
    "COL Size": "130g"
  },
  {
    "Brand_Product_Size": "Vege Original Sea Salt & Vinegar Chips 100g",
    "COL Price": 3.8,
    "COL ppu": "$3.80 per 100G",
    "COL Size": "100g"
  },
  {
    "Brand_Product_Size": "Original Source Vanilla & Raspberry Shower Gel 250mL",
    "COL Price": 4,
    "COL ppu": "$1.60 per 100mL",
    "COL Size": "250mL"
  },
  {
    "Brand_Product_Size": "Sukin Blemish Control Facial Wash 125mL",
    "COL Price": 16,
    "COL ppu": "$12.80 per 100mL",
    "COL Size": "125mL"
  },
  {
    "Brand_Product_Size": "Hart & Soul Cauliflower & Cashew Soup Pouch 400g",
    "COL Price": 3,
    "COL ppu": "$0.75 per 100G",
    "COL Size": "400g"
  },
  {
    "Brand_Product_Size": "Steggles Turkey Rissoles 400g",
    "COL Price": 6.5,
    "COL ppu": "$16.25 per 1Kg",
    "COL Size": "400g"
  },
  {
    "Brand_Product_Size": "Kellogg's Sultana Bran High Fibre Breakfast Cereal 420g",
    "COL Price": 5.3,
    "COL ppu": "$1.26 per 100G",
    "COL Size": "420g"
  },
  {
    "Brand_Product_Size": "Coles Oregano Punnet 10g",
    "COL Price": 3,
    "COL ppu": "$3.00 per 10G",
    "COL Size": "10g"
  },
  {
    "Brand_Product_Size": "Coles Bakery Sesame French Stick each",
    "COL Price": 1.5,
    "COL ppu": "$1.50 per 1Ea",
    "COL Size": "each"
  },
  {
    "Brand_Product_Size": "Real Foods Original Corn Thins 150g",
    "COL Price": 2,
    "COL ppu": "$1.33 per 100G",
    "COL Size": "150g"
  },
  {
    "Brand_Product_Size": "Coles Royal Gala Apples Prepacked 1kg",
    "COL Price": 3.9,
    "COL ppu": "$3.90 per 1Kg",
    "COL Size": "1kg"
  },
  {
    "Brand_Product_Size": "Continental Kosher Butchers Extra Premium Beef Mince 500g",
    "COL Price": 14.3,
    "COL ppu": "$28.60 per 1Kg",
    "COL Size": "500g"
  },
  {
    "Brand_Product_Size": "Ogx Extra Strength Argan Oil Of Morocco Conditioner 385mL",
    "COL Price": 21,
    "COL ppu": "$5.45 per 100mL",
    "COL Size": "385mL"
  },
  {
    "Brand_Product_Size": "L'Oreal Age Re-Perfect Day Cream 50mL",
    "COL Price": 32.99,
    "COL ppu": "$65.98 per 100mL",
    "COL Size": "50mL"
  },
  {
    "Brand_Product_Size": "Coles Kitchen Carrots And Green Beans 150g",
    "COL Price": 2,
    "COL ppu": "$13.33 per 1Kg",
    "COL Size": "150g"
  },
  {
    "Brand_Product_Size": "Rafferty's Garden Pumpkin & Spinach Pasta Bake 6M+ 120g",
    "COL Price": 1.9,
    "COL ppu": "$1.58 per 100G",
    "COL Size": "120g"
  },
  {
    "Brand_Product_Size": "Arnott's Hundreds & Thousands Biscuits 200g",
    "COL Price": 3.05,
    "COL ppu": "$1.53 per 100G",
    "COL Size": "200g"
  },
  {
    "Brand_Product_Size": "Coles Microwave Rice Black 250g",
    "COL Price": 2.5,
    "COL ppu": "$1.00 per 100G",
    "COL Size": "250g"
  },
  {
    "Brand_Product_Size": "Cook & Dine Iridescent Stemless Wine Glass 4 pack",
    "COL Price": 20,
    "COL ppu": "$5.00 per 1Ea",
    "COL Size": "4 pack"
  },
  {
    "Brand_Product_Size": "Covergirl Lash Blast Volume Blasting Very Black 885 Mascara 13.1mL",
    "COL Price": 19,
    "COL ppu": "$14.50 per 10mL",
    "COL Size": "13.1mL"
  },
  {
    "Brand_Product_Size": "Herbert Adams Frozen King Island Frozen Beef Sausage Rolls 12 pack 420g",
    "COL Price": 8.7,
    "COL ppu": "$2.07 per 100G",
    "COL Size": "420g"
  },
  {
    "Brand_Product_Size": "Tamek Tomato Paste Jar 720g",
    "COL Price": 3,
    "COL ppu": "$0.43 per 100G",
    "COL Size": "720g"
  },
  {
    "Brand_Product_Size": "Schmackos Strapz With Beef Dog Treats 1kg",
    "COL Price": 19.8,
    "COL ppu": "$1.98 per 100G",
    "COL Size": "1kg"
  },
  {
    "Brand_Product_Size": "Oates Ezy Spray Mop Refill each",
    "COL Price": 13.5,
    "COL ppu": "$13.50 per 1Ea",
    "COL Size": "each"
  },
  {
    "Brand_Product_Size": "Coles Berry Smoothie Chilled 1L",
    "COL Price": 4.4,
    "COL ppu": "$4.40 per 1L",
    "COL Size": "1L"
  },
  {
    "Brand_Product_Size": "Coles Ultra Sunscreen SPF 50+ 500mL",
    "COL Price": 6.5,
    "COL ppu": "$1.30 per 100mL",
    "COL Size": "500mL"
  },
  {
    "Brand_Product_Size": "Revlon Photoready Primer Skin Tone Evening 30mL",
    "COL Price": 30,
    "COL ppu": "$10.00 per 10mL",
    "COL Size": "30mL"
  },
  {
    "Brand_Product_Size": "Off The Eaten Path Sea Salt Pea & Pinto Bean Sticks 100g",
    "COL Price": 4,
    "COL ppu": "$4.00 per 100G",
    "COL Size": "100g"
  },
  {
    "Brand_Product_Size": "Vital Life Immune Shot 35g",
    "COL Price": 30,
    "COL ppu": "$85.72 per 100G",
    "COL Size": "35g"
  },
  {
    "Brand_Product_Size": "Sanitarium So Good Long Life Unsweetened Cashew Milk 1L",
    "COL Price": 3,
    "COL ppu": "$3.00 per 1L",
    "COL Size": "1L"
  },
  {
    "Brand_Product_Size": "Vittoria Original Chocochino 375g",
    "COL Price": 3.9,
    "COL ppu": "$1.04 per 100G",
    "COL Size": "375g"
  },
  {
    "Brand_Product_Size": "Coles Smart Buy Steel Wool Soap Pads 10 pack",
    "COL Price": 1.3,
    "COL ppu": "$0.13 per 1Ea",
    "COL Size": "10 pack"
  },
  {
    "Brand_Product_Size": "Voost Multivitamin + Minerals Orange 20 Effervescent Tablets 1 pack",
    "COL Price": 6.5,
    "COL ppu": "$6.50 per 1Ea",
    "COL Size": "1 pack"
  },
  {
    "Brand_Product_Size": "Walkers Highland Oatcakes Biscuits 4 pack 280g",
    "COL Price": 5.5,
    "COL ppu": "$1.96 per 100G",
    "COL Size": "280g"
  },
  {
    "Brand_Product_Size": "Garnier Hydrabomb Tissue Mask Green Tea 28g",
    "COL Price": 3,
    "COL ppu": "$10.71 per 100G",
    "COL Size": "28g"
  },
  {
    "Brand_Product_Size": "L'Oreal Elvive Colour Protect Conditioner 700mL",
    "COL Price": 10,
    "COL ppu": "$1.43 per 100mL",
    "COL Size": "700mL"
  },
  {
    "Brand_Product_Size": "Sistema Klip It Plus Cookie Container 2.2L each",
    "COL Price": 4.5,
    "COL ppu": "$4.50 per 1Ea",
    "COL Size": "each"
  },
  {
    "Brand_Product_Size": "Coles Sweet Baby Capsicums Prepacked 250g",
    "COL Price": 5.9,
    "COL ppu": "$23.60 per 1Kg",
    "COL Size": "250g"
  },
  {
    "Brand_Product_Size": "Pauls Zymil Lactose Free Chocolate Flavoured Milk 400mL",
    "COL Price": 3,
    "COL ppu": "$7.50 per 1L",
    "COL Size": "400mL"
  },
  {
    "Brand_Product_Size": "Maille Traditional Dijon Mustard 215g",
    "COL Price": 4.2,
    "COL ppu": "$1.95 per 100G",
    "COL Size": "215g"
  },
  {
    "Brand_Product_Size": "Moccona Cafe Classics Cappuccino 30 pack",
    "COL Price": 10.5,
    "COL ppu": "$0.35 per 1Ea",
    "COL Size": "30 pack"
  },
  {
    "Brand_Product_Size": "Coles Potato & Leek With Croutons Soup Serves 2 60g",
    "COL Price": 1,
    "COL ppu": "$1.67 per 100G",
    "COL Size": "60g"
  },
  {
    "Brand_Product_Size": "Hercules Twinzip Storage Bags Large 27cm x 33cm 15 pack",
    "COL Price": 2.3,
    "COL ppu": "$0.15 per 1Ea",
    "COL Size": "15 pack"
  },
  {
    "Brand_Product_Size": "Rexona Mens Clean Mini Sport Antiperspirant 50mL",
    "COL Price": 4,
    "COL ppu": "$8.00 per 100mL",
    "COL Size": "50mL"
  },
  {
    "Brand_Product_Size": "Coles Frozen  Sweet Chilli Chicken Breast Tenders 400g",
    "COL Price": 3.5,
    "COL ppu": "$8.75 per 1Kg",
    "COL Size": "400g"
  },
  {
    "Brand_Product_Size": "Coles Quick Cook Pork Belly Slices 350g",
    "COL Price": 9,
    "COL ppu": "$2.57 per 100G",
    "COL Size": "350g"
  },
  {
    "Brand_Product_Size": "Coles Tuna Chunks In Springwater 425g",
    "COL Price": 3,
    "COL ppu": "$7.06 per 1Kg",
    "COL Size": "425g"
  },
  {
    "Brand_Product_Size": "Tempo Mozzarella Cheese 250g",
    "COL Price": 6,
    "COL ppu": "$24.00 per 1Kg",
    "COL Size": "250g"
  },
  {
    "Brand_Product_Size": "Revlon Light / Medium Mineral Make Up Powder 28.3g",
    "COL Price": 30,
    "COL ppu": "$10.60 per 10G",
    "COL Size": "28.3g"
  },
  {
    "Brand_Product_Size": "Coles RSPCA Approved Chicken Popcorn Firecracker 400g",
    "COL Price": 6.5,
    "COL ppu": "$1.63 per 100G",
    "COL Size": "400g"
  },
  {
    "Brand_Product_Size": "Coles Multi Angle Soft Toothbrushes 2 pack",
    "COL Price": 2,
    "COL ppu": "$1.00 per 1Ea",
    "COL Size": "2 pack"
  },
  {
    "Brand_Product_Size": "Primo Gluten Free Thinly Sliced Hungarian Mild Salami 80g",
    "COL Price": 3.25,
    "COL ppu": "$4.06 per 100G",
    "COL Size": "80g"
  },
  {
    "Brand_Product_Size": "Cook & Dine Silicone Trivette each",
    "COL Price": 12,
    "COL ppu": "$12.00 per 1Ea",
    "COL Size": "each"
  },
  {
    "Brand_Product_Size": "Lynx Mens Body Wash Africa 1L",
    "COL Price": 10,
    "COL ppu": "$1.00 per 100mL",
    "COL Size": "1L"
  },
  {
    "Brand_Product_Size": "L'Oreal Colorista Washout Pink Hair Colour 1 pack",
    "COL Price": 13.2,
    "COL ppu": "$13.20 per 1Ea",
    "COL Size": "1 pack"
  },
  {
    "Brand_Product_Size": "KB Frozen Prawn Gyoza 750g",
    "COL Price": 13.6,
    "COL ppu": "$1.81 per 100G",
    "COL Size": "750g"
  },
  {
    "Brand_Product_Size": "Coles Lemonade 1.25L",
    "COL Price": 1,
    "COL ppu": "$0.80 per 1L",
    "COL Size": "1.25L"
  },
  {
    "Brand_Product_Size": "Coles Black Pitted Cherries in Syrup 425g",
    "COL Price": 3.8,
    "COL ppu": "$8.94 per 1Kg",
    "COL Size": "425g"
  },
  {
    "Brand_Product_Size": "Fresh Roasted Salted Peanuts 400g",
    "COL Price": 4,
    "COL ppu": "$10.00 per 1Kg",
    "COL Size": "400g"
  },
  {
    "Brand_Product_Size": "Greens Chocolate Cake Mix 1.7kg",
    "COL Price": 9,
    "COL ppu": "$0.53 per 100G",
    "COL Size": "1.7kg"
  },
  {
    "Brand_Product_Size": "Oak Plus NSA Vanilla Flavoured Milk 500mL",
    "COL Price": 3.45,
    "COL ppu": "$6.90 per 1L",
    "COL Size": "500mL"
  },
  {
    "Brand_Product_Size": "Bosisto's Multipurpose Cleaner 500mL",
    "COL Price": 3.75,
    "COL ppu": "$0.75 per 100mL",
    "COL Size": "500mL"
  },
  {
    "Brand_Product_Size": "Tena For Men Pouches Level 1 12 pack",
    "COL Price": 8,
    "COL ppu": "$0.67 per 1Ea",
    "COL Size": "12 pack"
  },
  {
    "Brand_Product_Size": "Chux Non Scratch Scourer Sponge 2 pack",
    "COL Price": 4,
    "COL ppu": "$2.00 per 1Ea",
    "COL Size": "2 pack"
  },
  {
    "Brand_Product_Size": "Provedore Garlic & Fennel Salami 100g",
    "COL Price": 6,
    "COL ppu": "$60.00 per 1Kg",
    "COL Size": "100g"
  },
  {
    "Brand_Product_Size": "Lindt Lindor Orange Milk Chocolate Bar 38g",
    "COL Price": 1.5,
    "COL ppu": "$3.95 per 100G",
    "COL Size": "38g"
  },
  {
    "Brand_Product_Size": "Home Chef Braised Wagyu Beef With Bbq Glaze 475g",
    "COL Price": 19.5,
    "COL ppu": "$4.11 per 100G",
    "COL Size": "475g"
  },
  {
    "Brand_Product_Size": "Thankyou Botanical Sweet Orange & Almond Hand Wash Refill 1L",
    "COL Price": 8.75,
    "COL ppu": "$0.88 per 100mL",
    "COL Size": "1L"
  },
  {
    "Brand_Product_Size": "Ambi Pur Bathroom Fresh Air Freshener Zesty Lemon 6mL",
    "COL Price": 4,
    "COL ppu": "$6.67 per 10mL",
    "COL Size": "6mL"
  },
  {
    "Brand_Product_Size": "Golden Wok Frozen Diana Chan's Korean Beef Dumplings 230g",
    "COL Price": 7.5,
    "COL ppu": "$3.26 per 100G",
    "COL Size": "230g"
  },
  {
    "Brand_Product_Size": "Hoyts Whole Nutmeg 25g",
    "COL Price": 2.1,
    "COL ppu": "$0.84 per 10G",
    "COL Size": "25g"
  },
  {
    "Brand_Product_Size": "Chux Dishwand 1 pack",
    "COL Price": 4.5,
    "COL ppu": "$4.50 per 1Ea",
    "COL Size": "1 pack"
  },
  {
    "Brand_Product_Size": "LPO Purify Micellar Water 400mL",
    "COL Price": 7.8,
    "COL ppu": "$1.95 per 100mL",
    "COL Size": "400mL"
  },
  {
    "Brand_Product_Size": "Norco Natural Cheese Slices 250g",
    "COL Price": 5,
    "COL ppu": "$20.00 per 1Kg",
    "COL Size": "250g"
  },
  {
    "Brand_Product_Size": "Cook With Curtis Chinese Recipe Pork Mince 500g",
    "COL Price": 9,
    "COL ppu": "$18.00 per 1Kg",
    "COL Size": "500g"
  },
  {
    "Brand_Product_Size": "Strepsils Lozenges Strawberry 16 pack",
    "COL Price": 5.5,
    "COL ppu": "$0.34 per 1Ea",
    "COL Size": "16 pack"
  },
  {
    "Brand_Product_Size": "Helga's Digestive Wellbeing Wholemeal Wraps 420g",
    "COL Price": 4,
    "COL ppu": "$0.95 per 100G",
    "COL Size": "420g"
  },
  {
    "Brand_Product_Size": "Streets Dairy Free Magnum Almond 3 pack 270mL",
    "COL Price": 7,
    "COL ppu": "$2.59 per 100mL",
    "COL Size": "270mL"
  },
  {
    "Brand_Product_Size": "Spring Gully Green Tomato Pickles 415g",
    "COL Price": 3.3,
    "COL ppu": "$0.80 per 100G",
    "COL Size": "415g"
  },
  {
    "Brand_Product_Size": "Tena Lady Pads Mini Plus 16 pack",
    "COL Price": 4.2,
    "COL ppu": "$0.26 per 1Ea",
    "COL Size": "16 pack"
  },
  {
    "Brand_Product_Size": "Nood Cage Free Chicken Recipe With Superfoods Dry Dog Food 7kg",
    "COL Price": 38,
    "COL ppu": "$5.43 per 1Kg",
    "COL Size": "7kg"
  },
  {
    "Brand_Product_Size": "Continental Pasta & Sauce Creamy Bacon Carbonara 85g",
    "COL Price": 2.2,
    "COL ppu": "$2.59 per 100G",
    "COL Size": "85g"
  },
  {
    "Brand_Product_Size": "Coles Prunes Pitted 500g",
    "COL Price": 4.9,
    "COL ppu": "$9.80 per 1Kg",
    "COL Size": "500g"
  },
  {
    "Brand_Product_Size": "Danone The Ultimate Blueberry Yoghurt 4x115g 4 pack",
    "COL Price": 4.5,
    "COL ppu": "$0.98 per 100G",
    "COL Size": "4 pack"
  },
  {
    "Brand_Product_Size": "Coles Irresistible Caramel And Vanilla Biscuit Ice Cream 400mL",
    "COL Price": 3.8,
    "COL ppu": "$0.95 per 100mL",
    "COL Size": "400mL"
  },
  {
    "Brand_Product_Size": "Coles I'm Perfect Sweet Potato 1.5kg",
    "COL Price": 5,
    "COL ppu": "$3.33 per 1Kg",
    "COL Size": "1.5kg"
  },
  {
    "Brand_Product_Size": "Sabco Premium Outdoor Broom each",
    "COL Price": 16,
    "COL ppu": "$16.00 per 1Ea",
    "COL Size": "each"
  },
  {
    "Brand_Product_Size": "Coles Unisex Comfy Bots Toddler Nappy Pants 10-15 Kg 25 pack",
    "COL Price": 11,
    "COL ppu": "$0.44 per 1Ea",
    "COL Size": "25 pack"
  },
  {
    "Brand_Product_Size": "Mission Low GI Wraps 6 Pack 425g",
    "COL Price": 5,
    "COL ppu": "$1.18 per 100G",
    "COL Size": "425g"
  },
  {
    "Brand_Product_Size": "Palmolive Micellar Rose Body Wash 400mL",
    "COL Price": 7,
    "COL ppu": "$1.75 per 100mL",
    "COL Size": "400mL"
  },
  {
    "Brand_Product_Size": "Kantong Cooking Chicken & Cashew Sauce 175g",
    "COL Price": 2.9,
    "COL ppu": "$1.66 per 100G",
    "COL Size": "175g"
  },
  {
    "Brand_Product_Size": "Mainland On The Go Extra Tasty Cheese & Artisan Crackers With Date & Apricot 38g",
    "COL Price": 2.5,
    "COL ppu": "",
    "COL Size": "38g"
  },
  {
    "Brand_Product_Size": "Shelbys Lemon Slice Bar 40g",
    "COL Price": 3,
    "COL ppu": "$7.50 per 100G",
    "COL Size": "40g"
  },
  {
    "Brand_Product_Size": "Mirabella LED Globe GLS Edison Screw 11 watt Cool White each",
    "COL Price": 8,
    "COL ppu": "$8.00 per 1Ea",
    "COL Size": "each"
  },
  {
    "Brand_Product_Size": "Maggi 2 Minute Chicken Noodles 360g 5 pack",
    "COL Price": 3.95,
    "COL ppu": "$0.79 per 1Ea",
    "COL Size": "5 pack"
  },
  {
    "Brand_Product_Size": "Pilpel Hummous Dip 200g",
    "COL Price": 5,
    "COL ppu": "$2.50 per 100G",
    "COL Size": "200g"
  },
  {
    "Brand_Product_Size": "Colgate 360 Degree Soft Toothbrush 1 pack",
    "COL Price": 5,
    "COL ppu": "$5.00 per 1Ea",
    "COL Size": "1 pack"
  },
  {
    "Brand_Product_Size": "Coles Oriental Jackfruit Parcels 10 Pack 200g",
    "COL Price": 5,
    "COL ppu": "$2.50 per 100G",
    "COL Size": "200g"
  },
  {
    "Brand_Product_Size": "Streets Calippo Minis Lemon Orange & Lime Ice Blocks 10 pack 575mL",
    "COL Price": 7,
    "COL ppu": "$1.22 per 100mL",
    "COL Size": "575mL"
  },
  {
    "Brand_Product_Size": "Colgate Smile For Good Protect Toothpaste 95g",
    "COL Price": 8,
    "COL ppu": "$8.42 per 100G",
    "COL Size": "95g"
  },
  {
    "Brand_Product_Size": "Argeta Pikant Chicken Spread 95g",
    "COL Price": 2.1,
    "COL ppu": "$2.21 per 100G",
    "COL Size": "95g"
  },
  {
    "Brand_Product_Size": "Huggies Dry Nites Pyjama Pants For Girls 2-4 Years 11 pack",
    "COL Price": 12,
    "COL ppu": "$1.09 per 1Ea",
    "COL Size": "11 pack"
  },
  {
    "Brand_Product_Size": "Old El Paso Thick 'N Chunky Salsa Medium 375g",
    "COL Price": 3.5,
    "COL ppu": "$0.93 per 100G",
    "COL Size": "375g"
  },
  {
    "Brand_Product_Size": "Palmolive Naturals Moisture Intense Shampoo 700mL",
    "COL Price": 5,
    "COL ppu": "$0.71 per 100mL",
    "COL Size": "700mL"
  },
  {
    "Brand_Product_Size": "Maybelline Color Sensational Pink Lipstick 4.2g 1 pack",
    "COL Price": 14,
    "COL ppu": "$14.00 per 1Ea",
    "COL Size": "1 pack"
  },
  {
    "Brand_Product_Size": "Bounce Gluten Free Peanut Energy Protein Ball 49g",
    "COL Price": 2,
    "COL ppu": "$0.41 per 10G",
    "COL Size": "49g"
  },
  {
    "Brand_Product_Size": "Red Seal Variety Pack Hot Or Cold Brew Tea 20 pack",
    "COL Price": 3,
    "COL ppu": "$0.15 per 1Ea",
    "COL Size": "20 pack"
  },
  {
    "Brand_Product_Size": "Jols Sugarfree 3 Fruits Refreshing Pastilles 25g",
    "COL Price": 1.5,
    "COL ppu": "$6.00 per 100G",
    "COL Size": "25g"
  },
  {
    "Brand_Product_Size": "Kez's Kitchen Choc Crunch Protein Fruit Bars 125g",
    "COL Price": 3.6,
    "COL ppu": "$2.88 per 100G",
    "COL Size": "125g"
  },
  {
    "Brand_Product_Size": "Cook & Dine Plastic Oval Plates 10 pack",
    "COL Price": 3,
    "COL ppu": "$0.30 per 1Ea",
    "COL Size": "10 pack"
  },
  {
    "Brand_Product_Size": "Royal Fields Black Eye Beans 1kg",
    "COL Price": 6.5,
    "COL ppu": "$6.50 per 1Kg",
    "COL Size": "1kg"
  },
  {
    "Brand_Product_Size": "Coles Pink Salmon 210g",
    "COL Price": 3.4,
    "COL ppu": "$16.19 per 1Kg",
    "COL Size": "210g"
  },
  {
    "Brand_Product_Size": "Gillette Pure Soothing Shave Cream With Aloe 170g",
    "COL Price": 8.5,
    "COL ppu": "$5.00 per 100G",
    "COL Size": "170g"
  },
  {
    "Brand_Product_Size": "Coles Deli Salads Tub Large Classic Pasta Large",
    "COL Price": 6,
    "COL ppu": "$6.00 per 1Ea",
    "COL Size": "Large"
  },
  {
    "Brand_Product_Size": "Sudafed PE Sinus + Pain Relief Tablets 20 pack",
    "COL Price": 11,
    "COL ppu": "$0.55 per 1Ea",
    "COL Size": "20 pack"
  },
  {
    "Brand_Product_Size": "L'Oreal Paris Revitalift Night Cream 50mL",
    "COL Price": 23.03,
    "COL ppu": "$46.06 per 100mL",
    "COL Size": "50mL"
  },
  {
    "Brand_Product_Size": "Bounce Gluten Free Coconut Macadamia Natural Energy Ball 40g",
    "COL Price": 2,
    "COL ppu": "$0.50 per 10G",
    "COL Size": "40g"
  },
  {
    "Brand_Product_Size": "Orgran Gluten Free Buckwheat Crispbread 125g",
    "COL Price": 2.85,
    "COL ppu": "$2.28 per 100G",
    "COL Size": "125g"
  },
  {
    "Brand_Product_Size": "Coles Kitchen Beetroot Slaw 200g",
    "COL Price": 2,
    "COL ppu": "$10.00 per 1Kg",
    "COL Size": "200g"
  },
  {
    "Brand_Product_Size": "Edgell Mixed Vegetables 420g",
    "COL Price": 2.7,
    "COL ppu": "$6.43 per 1Kg",
    "COL Size": "420g"
  },
  {
    "Brand_Product_Size": "Coles I'M Free From Choc Chip Cookies 160g",
    "COL Price": 2.7,
    "COL ppu": "$1.69 per 100G",
    "COL Size": "160g"
  },
  {
    "Brand_Product_Size": "Greens Temptations Lemon Meringue Pie 480g",
    "COL Price": 4,
    "COL ppu": "$0.83 per 100G",
    "COL Size": "480g"
  },
  {
    "Brand_Product_Size": "Explorer Mens Original Wool Crew Black Size 11-14 1 pack",
    "COL Price": 7.5,
    "COL ppu": "$7.50 per 1Ea",
    "COL Size": "1 pack"
  },
  {
    "Brand_Product_Size": "Chupa Chups Best Of 25 Bag 300g",
    "COL Price": 5.6,
    "COL ppu": "$1.87 per 100G",
    "COL Size": "300g"
  },
  {
    "Brand_Product_Size": "KB Raw Squid Strips 360g",
    "COL Price": 9.5,
    "COL ppu": "$26.39 per 1Kg",
    "COL Size": "360g"
  },
  {
    "Brand_Product_Size": "Weis Frozen Dairy Free Summer Berries Sorbet Tub 1L",
    "COL Price": 7,
    "COL ppu": "$0.70 per 100mL",
    "COL Size": "1L"
  },
  {
    "Brand_Product_Size": "Twinings Herbal Infusions Live Well Digest 18 pack",
    "COL Price": 6.5,
    "COL ppu": "$0.36 per 1Ea",
    "COL Size": "18 pack"
  },
  {
    "Brand_Product_Size": "Peckish Puff Bites Rice Snacks Salt Vinegar",
    "COL Price": 1.25,
    "COL ppu": "",
    "COL Size": ""
  },
  {
    "Brand_Product_Size": "Sabco Soft Grip Squeegee each",
    "COL Price": 5.25,
    "COL ppu": "$5.25 per 1Ea",
    "COL Size": "each"
  },
  {
    "Brand_Product_Size": "Whiskas 1+ Years Jellymeat Loaf Wet Cat Food Can 400g",
    "COL Price": 1.75,
    "COL ppu": "$0.44 per 100G",
    "COL Size": "400g"
  },
  {
    "Brand_Product_Size": "Coles Smooth Peanut Butter 980g",
    "COL Price": 6.5,
    "COL ppu": "$0.66 per 100G",
    "COL Size": "980g"
  },
  {
    "Brand_Product_Size": "Orange Power Spot & Goo Dissolver Cleaner 110mL",
    "COL Price": 4.2,
    "COL ppu": "$3.82 per 100mL",
    "COL Size": "110mL"
  },
  {
    "Brand_Product_Size": "Sharpie Gel Pen Black 2 pack",
    "COL Price": 7,
    "COL ppu": "$3.50 per 1Ea",
    "COL Size": "2 pack"
  },
  {
    "Brand_Product_Size": "Coles Bakery Mini Cheese And Bacon Rolls 6 pack",
    "COL Price": 3.5,
    "COL ppu": "$0.58 per 1Ea",
    "COL Size": "6 pack"
  },
  {
    "Brand_Product_Size": "Dove Antiperspirant Roll On Apple & White Tea 50mL",
    "COL Price": 3.9,
    "COL ppu": "$7.80 per 100mL",
    "COL Size": "50mL"
  },
  {
    "Brand_Product_Size": "Majans Bhuja Gluten Free Ancient Grain Twists With Chia And Quinoa 140g",
    "COL Price": 2.5,
    "COL ppu": "$17.86 per 1Kg",
    "COL Size": "140g"
  },
  {
    "Brand_Product_Size": "Batiste Clean & Classic Original Dry Shampoo 200mL",
    "COL Price": 10,
    "COL ppu": "$5.00 per 100mL",
    "COL Size": "200mL"
  },
  {
    "Brand_Product_Size": "Coles Boysenberry Ice Cream Cones 4 pack 475mL",
    "COL Price": 3.5,
    "COL ppu": "$0.74 per 100mL",
    "COL Size": "475mL"
  },
  {
    "Brand_Product_Size": "Heinz Seriously Good Dijon Mustard Mayonnaise 295mL",
    "COL Price": 4,
    "COL ppu": "$1.36 per 100mL",
    "COL Size": "295mL"
  },
  {
    "Brand_Product_Size": "Coles Nature'S Kitchen Minestrone Soup 300g",
    "COL Price": 3,
    "COL ppu": "$1.00 per 100G",
    "COL Size": "300g"
  },
  {
    "Brand_Product_Size": "Ottogi Gochujang Hot Pepper Paste 170g",
    "COL Price": 2.8,
    "COL ppu": "$1.65 per 100G",
    "COL Size": "170g"
  },
  {
    "Brand_Product_Size": "Blackmores Cranberry Forte Capsules 50000mg 30 pack",
    "COL Price": 20,
    "COL ppu": "$66.67 per 100Ea",
    "COL Size": "30 pack"
  },
  {
    "Brand_Product_Size": "Sanitarium UP&GO Liquid Breakfast Banana 250mL 6 pack",
    "COL Price": 9.7,
    "COL ppu": "$6.47 per 1L",
    "COL Size": "6 pack"
  },
  {
    "Brand_Product_Size": "Coles Dual Sided Nail Sharper 2 pack",
    "COL Price": 5.5,
    "COL ppu": "$2.75 per 1Ea",
    "COL Size": "2 pack"
  },
  {
    "Brand_Product_Size": "Bega Light Smooth Peanut Butter 470g",
    "COL Price": 5.9,
    "COL ppu": "$1.26 per 100G",
    "COL Size": "470g"
  },
  {
    "Brand_Product_Size": "Bulldog Original Face Scrub Skincare For Men 125mL",
    "COL Price": 10,
    "COL ppu": "$8.00 per 100mL",
    "COL Size": "125mL"
  },
  {
    "Brand_Product_Size": "Pedigree Dentastix Small Dog Treats Daily Oral Care Dental Chews 7 pack",
    "COL Price": 5.2,
    "COL ppu": "$0.74 per 1Ea",
    "COL Size": "7 pack"
  },
  {
    "Brand_Product_Size": "Bonds Womens Sport Tech No Show 3+ 2 pack",
    "COL Price": 15,
    "COL ppu": "",
    "COL Size": "2 pack"
  },
  {
    "Brand_Product_Size": "Omo Laundry Liquid Triple Caps Odour 28 pack",
    "COL Price": 22,
    "COL ppu": "$0.79 per 1Ea",
    "COL Size": "28 pack"
  },
  {
    "Brand_Product_Size": "Denada Sugar Free Ice Cream Peanut Butter 475mL",
    "COL Price": 11.5,
    "COL ppu": "$2.42 per 100mL",
    "COL Size": "475mL"
  },
  {
    "Brand_Product_Size": "Coles Finest Thai Red Chicken Curry 400g",
    "COL Price": 8.5,
    "COL ppu": "$2.13 per 100G",
    "COL Size": "400g"
  },
  {
    "Brand_Product_Size": "Super Nature Frozen Super Protein Satay Chicken with Quinoa, Chickpea & Wild Rice Mix Wellness Bowl 350g",
    "COL Price": 6.3,
    "COL ppu": "$1.80 per 100G",
    "COL Size": "350g"
  },
  {
    "Brand_Product_Size": "Coles Bitter Melon approx. 200g",
    "COL Price": 1.18,
    "COL ppu": "$5.90 per 1Kg",
    "COL Size": "approx. 200g"
  },
  {
    "Brand_Product_Size": "Coles So Soft Hypo Allergenic Toilet Tissue 3ply 32 pack",
    "COL Price": 13,
    "COL ppu": "$0.41 per 1Ea",
    "COL Size": "32 pack"
  },
  {
    "Brand_Product_Size": "Sniders Coarse Matzo Meal 375g",
    "COL Price": 6.5,
    "COL ppu": "$1.73 per 100G",
    "COL Size": "375g"
  },
  {
    "Brand_Product_Size": "Syndian Aloo Tikka Masala 400g",
    "COL Price": 7.5,
    "COL ppu": "$1.88 per 100G",
    "COL Size": "400g"
  },
  {
    "Brand_Product_Size": "Nippy's Chocolate Flavoured Multipack Long Life Milk 375mL 4 pack",
    "COL Price": 8.05,
    "COL ppu": "$5.37 per 1L",
    "COL Size": "4 pack"
  },
  {
    "Brand_Product_Size": "Kettle Sea Salt Potato Chips 70g",
    "COL Price": 2,
    "COL ppu": "$2.86 per 100G",
    "COL Size": "70g"
  },
  {
    "Brand_Product_Size": "Weis Minis Mango Ice Cream Bars 8 pack 280 mL",
    "COL Price": 7.5,
    "COL ppu": "$2.68 per 100mL",
    "COL Size": "280 mL"
  },
  {
    "Brand_Product_Size": "Coles Jazz Apples Prepacked 1kg",
    "COL Price": 6.5,
    "COL ppu": "$6.50 per 1Kg",
    "COL Size": "1kg"
  },
  {
    "Brand_Product_Size": "Helga's 10 Grains & Seeds Wholemeal Square Bread Loaf 750g",
    "COL Price": 3.9,
    "COL ppu": "$0.52 per 100G",
    "COL Size": "750g"
  },
  {
    "Brand_Product_Size": "Coles Tasty Cheese Bites & Soy Crisps 45g",
    "COL Price": 2,
    "COL ppu": "",
    "COL Size": "45g"
  },
  {
    "Brand_Product_Size": "Thankyou Rosewood & Geranium Body Wash 500mL",
    "COL Price": 5.6,
    "COL ppu": "$1.12 per 100mL",
    "COL Size": "500mL"
  },
  {
    "Brand_Product_Size": "Podravka Chicken Noodle Soup 62g",
    "COL Price": 2.4,
    "COL ppu": "$0.39 per 10G",
    "COL Size": "62g"
  },
  {
    "Brand_Product_Size": "Nescafe Hazelnut Coffee Sachets 10 pack",
    "COL Price": 6.3,
    "COL ppu": "$0.63 per 1Ea",
    "COL Size": "10 pack"
  },
  {
    "Brand_Product_Size": "Colgate Regular Pump Toothpaste 130g",
    "COL Price": 5.5,
    "COL ppu": "$4.23 per 100G",
    "COL Size": "130g"
  },
  {
    "Brand_Product_Size": "My Dog Beef And Veal Loaf Classics Wet Dog Food Can 680g",
    "COL Price": 2.7,
    "COL ppu": "$0.40 per 100G",
    "COL Size": "680g"
  },
  {
    "Brand_Product_Size": "Maltesers Double Chocolate Stick 236mL",
    "COL Price": 8.5,
    "COL ppu": "$3.60 per 100mL",
    "COL Size": "236mL"
  },
  {
    "Brand_Product_Size": "Ocean Spray Whole Cranberry Sauce 275g",
    "COL Price": 3.55,
    "COL ppu": "$1.29 per 100G",
    "COL Size": "275g"
  },
  {
    "Brand_Product_Size": "Purr Chicken With Kangaroo Mince Cat Food 8x85g 8 pack",
    "COL Price": 6.4,
    "COL ppu": "$0.80 per 1Ea",
    "COL Size": "8 pack"
  },
  {
    "Brand_Product_Size": "Coles Organic Unsweetened Oat Milk 1L",
    "COL Price": 2.5,
    "COL ppu": "$2.50 per 1L",
    "COL Size": "1L"
  },
  {
    "Brand_Product_Size": "La Famiglia Garlic Bread Slices 9 pack 270g",
    "COL Price": 5.2,
    "COL ppu": "$1.93 per 100G",
    "COL Size": "270g"
  },
  {
    "Brand_Product_Size": "Tom's Powder Women's Antiperspirant 64g",
    "COL Price": 11,
    "COL ppu": "$17.19 per 100G",
    "COL Size": "64g"
  },
  {
    "Brand_Product_Size": "Cenovis 50+ Multi Once Daily Capsules 100 pack",
    "COL Price": 18,
    "COL ppu": "$18.00 per 100Ea",
    "COL Size": "100 pack"
  },
  {
    "Brand_Product_Size": "Coles Creme Gold Washed Potatoes approx 140g each",
    "COL Price": 0.56,
    "COL ppu": "$4.00 per 1Kg",
    "COL Size": "approx 140g each"
  },
  {
    "Brand_Product_Size": "Arkadia Spice Chai Tea 240g",
    "COL Price": 6.5,
    "COL ppu": "$2.71 per 100G",
    "COL Size": "240g"
  },
  {
    "Brand_Product_Size": "Dairy Farmers Pure Cream 600mL",
    "COL Price": 4.5,
    "COL ppu": "$0.75 per 100mL",
    "COL Size": "600mL"
  },
  {
    "Brand_Product_Size": "L'OR Espresso Colombia Intensity 8 Coffee Capsules 10 Pack 52g",
    "COL Price": 4.5,
    "COL ppu": "$0.87 per 10G",
    "COL Size": "52g"
  },
  {
    "Brand_Product_Size": "Campbell's Chunky Soup Stockpot 505g",
    "COL Price": 3.5,
    "COL ppu": "$0.69 per 100G",
    "COL Size": "505g"
  },
  {
    "Brand_Product_Size": "Healtheries Kidscare Potato Stix Funmix 240g",
    "COL Price": 7.5,
    "COL ppu": "$3.13 per 100G",
    "COL Size": "240g"
  },
  {
    "Brand_Product_Size": "Frantelle The Perfect Traveller Spring Water 600ml 12 pack",
    "COL Price": 5.5,
    "COL ppu": "$0.76 per 1L",
    "COL Size": "12 pack"
  },
  {
    "Brand_Product_Size": "Tassal Smoked Tassie Salmon 150g",
    "COL Price": 10.25,
    "COL ppu": "$68.34 per 1Kg",
    "COL Size": "150g"
  },
  {
    "Brand_Product_Size": "Coles Orange & Mango Fruit Drink 250mL 6 pack",
    "COL Price": 2.65,
    "COL ppu": "$1.77 per 1L",
    "COL Size": "6 pack"
  },
  {
    "Brand_Product_Size": "Dainty Food Sabra Houmous Jerusalem Dip 500g",
    "COL Price": 13.5,
    "COL ppu": "$2.70 per 100G",
    "COL Size": "500g"
  },
  {
    "Brand_Product_Size": "Coles Nature's Kitchen Spinach Fettucini 300g",
    "COL Price": 3,
    "COL ppu": "$1.00 per 100G",
    "COL Size": "300g"
  },
  {
    "Brand_Product_Size": "Daley Street Dark Coffee Ground 200g",
    "COL Price": 4.5,
    "COL ppu": "$2.25 per 100G",
    "COL Size": "200g"
  },
  {
    "Brand_Product_Size": "Baby Mum-Mum Banana Flavoured Rice 18 Rusks 12+ Months 36g",
    "COL Price": 3,
    "COL ppu": "$8.33 per 100G",
    "COL Size": "36g"
  },
  {
    "Brand_Product_Size": "Crest Power Adaptor 2 Sockets 2 USB each",
    "COL Price": 25,
    "COL ppu": "$25.00 per 1KGM",
    "COL Size": "each"
  },
  {
    "Brand_Product_Size": "King C Gillette Beard Oil 30mL",
    "COL Price": 20,
    "COL ppu": "$66.67 per 100mL",
    "COL Size": "30mL"
  },
  {
    "Brand_Product_Size": "Downy Fabric Softener Parfum Collection Daring 800mL",
    "COL Price": 6.6,
    "COL ppu": "$8.25 per 1L",
    "COL Size": "800mL"
  },
  {
    "Brand_Product_Size": "Leggo's Tomato Puree 410g",
    "COL Price": 1.8,
    "COL ppu": "$0.44 per 100G",
    "COL Size": "410g"
  },
  {
    "Brand_Product_Size": "Equal Plus With Prebiotic 240g",
    "COL Price": 3.95,
    "COL ppu": "$1.65 per 100G",
    "COL Size": "240g"
  },
  {
    "Brand_Product_Size": "Carpet Power Carpet Cleaner Trigger Spray 500mL",
    "COL Price": 5.7,
    "COL ppu": "$1.14 per 100mL",
    "COL Size": "500mL"
  },
  {
    "Brand_Product_Size": "Coles Chocolate Chip Muffins 4 pack",
    "COL Price": 3.5,
    "COL ppu": "$0.88 per 1Ea",
    "COL Size": "4 pack"
  },
  {
    "Brand_Product_Size": "Stayfree Ultra Thin with Wings All Nights Cotton Pads 10 pack",
    "COL Price": 4.5,
    "COL ppu": "$0.45 per 1Ea",
    "COL Size": "10 pack"
  },
  {
    "Brand_Product_Size": "L'Oreal Colorista Spray 1-Day Color 75mL",
    "COL Price": 12,
    "COL ppu": "$16.00 per 100mL",
    "COL Size": "75mL"
  },
  {
    "Brand_Product_Size": "Coles Penguin Ice Pops 4 pack 240mL",
    "COL Price": 5,
    "COL ppu": "$2.08 per 100mL",
    "COL Size": "240mL"
  },
  {
    "Brand_Product_Size": "Gillette Fusion Power Shaving Blade Refill 4 pack",
    "COL Price": 25,
    "COL ppu": "$6.25 per 1Ea",
    "COL Size": "4 pack"
  },
  {
    "Brand_Product_Size": "Cook & Dine Corkscrew each",
    "COL Price": 3,
    "COL ppu": "$3.00 per 1Ea",
    "COL Size": "each"
  },
  {
    "Brand_Product_Size": "Mix Adult Protective Re-usable Face Mask each",
    "COL Price": 12,
    "COL ppu": "$12.00 per 1Ea",
    "COL Size": "each"
  },
  {
    "Brand_Product_Size": "Sensodyne Sensitivity & Gum Original Toothpaste 100g",
    "COL Price": 11,
    "COL ppu": "$11.00 per 100G",
    "COL Size": "100g"
  },
  {
    "Brand_Product_Size": "Angas Park Super Blend Gut Health 200g",
    "COL Price": 4.95,
    "COL ppu": "$2.48 per 100G",
    "COL Size": "200g"
  },
  {
    "Brand_Product_Size": "Cadbury Dairy Milk Ice Cream 4 pack 360mL",
    "COL Price": 8.5,
    "COL ppu": "$2.36 per 100mL",
    "COL Size": "360mL"
  },
  {
    "Brand_Product_Size": "Streets Calippo Mini Ice Raspberry Pineapple Ice Cream 10 pack 575mL",
    "COL Price": 7,
    "COL ppu": "$1.22 per 100mL",
    "COL Size": "575mL"
  },
  {
    "Brand_Product_Size": "Farmers Market Grain Free Adult Real Tuna In Gravy Cat Food 80g",
    "COL Price": 1.9,
    "COL ppu": "$2.38 per 100G",
    "COL Size": "80g"
  },
  {
    "Brand_Product_Size": "Palmolive Foaming Hand Wash Refill Raspberry 500mL",
    "COL Price": 5.5,
    "COL ppu": "$1.10 per 100mL",
    "COL Size": "500mL"
  },
  {
    "Brand_Product_Size": "Just For Men Moustache & Beard In Colour Dark Brown 68g",
    "COL Price": 13.5,
    "COL ppu": "$19.85 per 100G",
    "COL Size": "68g"
  },
  {
    "Brand_Product_Size": "Double Phoenix Red Prawn Crackers 200g",
    "COL Price": 1.65,
    "COL ppu": "$0.83 per 100G",
    "COL Size": "200g"
  },
  {
    "Brand_Product_Size": "MasterFoods Traditional Tartare Sauce 220g",
    "COL Price": 2.4,
    "COL ppu": "$1.09 per 100G",
    "COL Size": "220g"
  },
  {
    "Brand_Product_Size": "Dairy Farmers Chocolate Flavoured Milk 500mL",
    "COL Price": 3,
    "COL ppu": "$6.00 per 1L",
    "COL Size": "500mL"
  },
  {
    "Brand_Product_Size": "Mentos Rainbow Roll 37.5g",
    "COL Price": 1.4,
    "COL ppu": "$3.73 per 100G",
    "COL Size": "37.5g"
  },
  {
    "Brand_Product_Size": "John West Anchovies Fillets in Olive Oil 45g",
    "COL Price": 2.9,
    "COL ppu": "$64.46 per 1Kg",
    "COL Size": "45g"
  },
  {
    "Brand_Product_Size": "Lipton Royal Ceylon Tea 100 pack",
    "COL Price": 5,
    "COL ppu": "$0.05 per 1Ea",
    "COL Size": "100 pack"
  },
  {
    "Brand_Product_Size": "All Natural Bakery Yoghurt, Peach & Mango Oat Slice 100g",
    "COL Price": 2.15,
    "COL ppu": "$2.15 per 100G",
    "COL Size": "100g"
  },
  {
    "Brand_Product_Size": "Coles Kitchen Zucchini Noodles 250g",
    "COL Price": 3,
    "COL ppu": "$1.20 per 100G",
    "COL Size": "250g"
  },
  {
    "Brand_Product_Size": "Royal Fields Chilli Corn Nuts 500g",
    "COL Price": 7,
    "COL ppu": "$14.00 per 1Kg",
    "COL Size": "500g"
  },
  {
    "Brand_Product_Size": "Fantastic Delites Sour Cream & Chives 100g",
    "COL Price": 2,
    "COL ppu": "$2.00 per 100G",
    "COL Size": "100g"
  },
  {
    "Brand_Product_Size": "Lemnos Organic Haloumi 180g",
    "COL Price": 6,
    "COL ppu": "$33.34 per 1Kg",
    "COL Size": "180g"
  },
  {
    "Brand_Product_Size": "Hippo Moisture Absorber For Cupboards 300g",
    "COL Price": 7.35,
    "COL ppu": "$2.45 per 100G",
    "COL Size": "300g"
  },
  {
    "Brand_Product_Size": "Coles Beer Battered Steakhouse Chips 750g",
    "COL Price": 2.7,
    "COL ppu": "$3.60 per 1Kg",
    "COL Size": "750g"
  },
  {
    "Brand_Product_Size": "Unger's Frozen French Fries 907g",
    "COL Price": 6,
    "COL ppu": "$6.62 per 1Kg",
    "COL Size": "907g"
  },
  {
    "Brand_Product_Size": "Covergirl Simply Ageless 210 Classic Ivory Foundation 12g",
    "COL Price": 25.5,
    "COL ppu": "$21.25 per 10G",
    "COL Size": "12g"
  },
  {
    "Brand_Product_Size": "Coles Traditional Gravy Mix 425g",
    "COL Price": 2.9,
    "COL ppu": "$0.07 per 10G",
    "COL Size": "425g"
  },
  {
    "Brand_Product_Size": "Milk & Co Milk By Lindy Klim Body Scrub 375mL",
    "COL Price": 15,
    "COL ppu": "$4.00 per 100mL",
    "COL Size": "375mL"
  },
  {
    "Brand_Product_Size": "Capilano Light & Smooth Honey Upside Down 340g",
    "COL Price": 6.9,
    "COL ppu": "$2.03 per 100G",
    "COL Size": "340g"
  },
  {
    "Brand_Product_Size": "Gillette Mach3+ Razor Cartridge 12 pack",
    "COL Price": 34,
    "COL ppu": "$2.83 per 1Ea",
    "COL Size": "12 pack"
  },
  {
    "Brand_Product_Size": "Lavazza Qualita Oro Medium Roast Smooth Ground Coffee 500g",
    "COL Price": 8,
    "COL ppu": "$1.60 per 100G",
    "COL Size": "500g"
  },
  {
    "Brand_Product_Size": "Nexba Strawberry Peach Flavoured Sparkling Kefir Multipack Bottles 330mL 4 pack",
    "COL Price": 8.6,
    "COL ppu": "$6.52 per 1L",
    "COL Size": "4 pack"
  },
  {
    "Brand_Product_Size": "Coles Deli Salads Tub Medium Classic Coleslaw medium",
    "COL Price": 5,
    "COL ppu": "$5.00 per 1Ea",
    "COL Size": "medium"
  },
  {
    "Brand_Product_Size": "Coles Cherry Burst Tomatoes Prepacked 200g",
    "COL Price": 3.9,
    "COL ppu": "$19.50 per 1Kg",
    "COL Size": "200g"
  },
  {
    "Brand_Product_Size": "Swisse Ultiboost Magnesium Tablets 120 pack",
    "COL Price": 35,
    "COL ppu": "$29.17 per 100Ea",
    "COL Size": "120 pack"
  },
  {
    "Brand_Product_Size": "Nature's Way Vita Gummies Family Multi Vitamin 180 pack",
    "COL Price": 25,
    "COL ppu": "$0.14 per 1Ea",
    "COL Size": "180 pack"
  },
  {
    "Brand_Product_Size": "Golden Round Crumpets 6 pack",
    "COL Price": 3.1,
    "COL ppu": "$0.52 per 1Ea",
    "COL Size": "6 pack"
  },
  {
    "Brand_Product_Size": "KB Salt & Pepper Squid 360g",
    "COL Price": 9.5,
    "COL ppu": "$26.39 per 1Kg",
    "COL Size": "360g"
  },
  {
    "Brand_Product_Size": "Philadelphia Sweet Chilli Philly Pourover Dip 250g",
    "COL Price": 4.3,
    "COL ppu": "$1.72 per 100G",
    "COL Size": "250g"
  },
  {
    "Brand_Product_Size": "Vittoria Organic Coffee Beans 500g",
    "COL Price": 19,
    "COL ppu": "$3.80 per 100G",
    "COL Size": "500g"
  },
  {
    "Brand_Product_Size": "Fibre One Lemon Drizzle 5 Bars 120g",
    "COL Price": 5.5,
    "COL ppu": "$4.58 per 100G",
    "COL Size": "120g"
  },
  {
    "Brand_Product_Size": "Bertocchi Pepper Mortadella approx. 125g",
    "COL Price": 1.25,
    "COL ppu": "$10.00 per 1Kg",
    "COL Size": "approx. 125g"
  },
  {
    "Brand_Product_Size": "Mr Kipling Angel Slice 6 pack 165g",
    "COL Price": 4,
    "COL ppu": "$2.42 per 100G",
    "COL Size": "165g"
  },
  {
    "Brand_Product_Size": "Natures Way Match Green Tea Powder 50g",
    "COL Price": 13,
    "COL ppu": "$26.00 per 100G",
    "COL Size": "50g"
  },
  {
    "Brand_Product_Size": "Bulldog Original Face Wash Skincare For Men 150mL",
    "COL Price": 10,
    "COL ppu": "$6.67 per 100mL",
    "COL Size": "150mL"
  },
  {
    "Brand_Product_Size": "Coles Finest Spinach Aged Truffle Cheese approx. 100g",
    "COL Price": 7,
    "COL ppu": "$70.00 per 1Kg",
    "COL Size": "approx. 100g"
  },
  {
    "Brand_Product_Size": "Tylenol 500Mg Coated Tablets 10 pack",
    "COL Price": 2.8,
    "COL ppu": "$0.28 per 1Ea",
    "COL Size": "10 pack"
  },
  {
    "Brand_Product_Size": "Redwin Collagen Glow Cream 220g",
    "COL Price": 7.5,
    "COL ppu": "$3.41 per 100G",
    "COL Size": "220g"
  },
  {
    "Brand_Product_Size": "Auricchio Parmigiano Reggiano Cheese approx. 100g",
    "COL Price": 6.3,
    "COL ppu": "$63.00 per 1Kg",
    "COL Size": "approx. 100g"
  },
  {
    "Brand_Product_Size": "Coles Basmati Rice 1kg",
    "COL Price": 3.3,
    "COL ppu": "$0.33 per 100G",
    "COL Size": "1kg"
  },
  {
    "Brand_Product_Size": "Pauls Kids Vanilla Yoghurt 70g",
    "COL Price": 1.4,
    "COL ppu": "$2.00 per 100G",
    "COL Size": "70g"
  },
  {
    "Brand_Product_Size": "Schwarzkopf Nordic Blonde L101 Silver Hair Colour 1 pack",
    "COL Price": 13,
    "COL ppu": "$13.00 per 1Ea",
    "COL Size": "1 pack"
  },
  {
    "Brand_Product_Size": "Carman's Gold Oat Coconut 70g",
    "COL Price": 3.5,
    "COL ppu": "$5.00 per 100G",
    "COL Size": "70g"
  },
  {
    "Brand_Product_Size": "Johnson's Clean & Clear Advantage Pimple Control Skincare Kit each",
    "COL Price": 17.7,
    "COL ppu": "$17.70 per 1Ea",
    "COL Size": "each"
  },
  {
    "Brand_Product_Size": "Coles Organic Diced Tomatoes 400g",
    "COL Price": 1.2,
    "COL ppu": "$3.00 per 1Kg",
    "COL Size": "400g"
  },
  {
    "Brand_Product_Size": "Coles Free Range Pork Belly Roast Boneless approx. 763g each",
    "COL Price": 19.075,
    "COL ppu": "$25.00 per 1Kg",
    "COL Size": "approx. 763g each"
  },
  {
    "Brand_Product_Size": "Cancer Council Roll On Sunscreen SPF 50+ 75mL",
    "COL Price": 10.4,
    "COL ppu": "$13.87 per 100mL",
    "COL Size": "75mL"
  },
  {
    "Brand_Product_Size": "Coles Frozen Pineapple Fruit Pieces 500g",
    "COL Price": 4,
    "COL ppu": "$8.00 per 1Kg",
    "COL Size": "500g"
  },
  {
    "Brand_Product_Size": "L'Oreal Paris Elnett Flexible Hold Hairspray 400mL",
    "COL Price": 5.5,
    "COL ppu": "$1.38 per 100mL",
    "COL Size": "400mL"
  },
  {
    "Brand_Product_Size": "Sheer Relief 32800 Pantyhose Beige Tall 1 pack",
    "COL Price": 9,
    "COL ppu": "$9.00 per 1Ea",
    "COL Size": "1 pack"
  },
  {
    "Brand_Product_Size": "Dairy Farmers Thick N Creamy Mango Passionfruit Yoghurt 600g",
    "COL Price": 4.5,
    "COL ppu": "$0.75 per 100G",
    "COL Size": "600g"
  },
  {
    "Brand_Product_Size": "Bull's-Eye Sweet Whiskey Glaze 300mL",
    "COL Price": 3,
    "COL ppu": "$1.00 per 100mL",
    "COL Size": "300mL"
  },
  {
    "Brand_Product_Size": "Smith's Crinkle Cut Cheese & Onion Potato Chips 170g",
    "COL Price": 3.5,
    "COL ppu": "$2.06 per 100G",
    "COL Size": "170g"
  },
  {
    "Brand_Product_Size": "Brut Zero Aluminium Free Aero 150g",
    "COL Price": 4,
    "COL ppu": "$2.67 per 100G",
    "COL Size": "150g"
  },
  {
    "Brand_Product_Size": "Oak Gold Caramel Flavoured Milk 500mL",
    "COL Price": 3.4,
    "COL ppu": "$6.80 per 1L",
    "COL Size": "500mL"
  },
  {
    "Brand_Product_Size": "Kan Tong Black Bean Stir Fry Cooking Sauce 510g",
    "COL Price": 3.3,
    "COL ppu": "$0.65 per 100G",
    "COL Size": "510g"
  },
  {
    "Brand_Product_Size": "Queen Blue Food Colour 50mL",
    "COL Price": 1.1,
    "COL ppu": "$0.22 per 10mL",
    "COL Size": "50mL"
  },
  {
    "Brand_Product_Size": "Sistema To Go Bento Box 1.76L each",
    "COL Price": 15,
    "COL ppu": "$15.00 per 1Ea",
    "COL Size": "each"
  },
  {
    "Brand_Product_Size": "McCain Frozen Shredded Potato Hash Browns 750g",
    "COL Price": 3,
    "COL ppu": "$4.00 per 1Kg",
    "COL Size": "750g"
  },
  {
    "Brand_Product_Size": "Coles Superfood Mix 400g",
    "COL Price": 8,
    "COL ppu": "$20.00 per 1Kg",
    "COL Size": "400g"
  },
  {
    "Brand_Product_Size": "Black Swan Tzatziki Dip 200g",
    "COL Price": 3.5,
    "COL ppu": "$1.75 per 100G",
    "COL Size": "200g"
  },
  {
    "Brand_Product_Size": "Pana Mylk 80g",
    "COL Price": 9,
    "COL ppu": "$11.25 per 100G",
    "COL Size": "80g"
  },
  {
    "Brand_Product_Size": "Greens Supreme Chocolate Cake Mix 630g",
    "COL Price": 3.2,
    "COL ppu": "$0.51 per 100G",
    "COL Size": "630g"
  },
  {
    "Brand_Product_Size": "Coles Organic Cacao Nibs 200g",
    "COL Price": 4.4,
    "COL ppu": "$2.20 per 100G",
    "COL Size": "200g"
  },
  {
    "Brand_Product_Size": "Nivea Sun Sensitive Skin Moisturising Sunscreen SPF50+ + Aloe Vera & Chamomile 200mL",
    "COL Price": 16,
    "COL ppu": "$8.00 per 100mL",
    "COL Size": "200mL"
  },
  {
    "Brand_Product_Size": "Schwarzkopf C2 Nordic Blonde Anti-Yellow Shampoo 200mL",
    "COL Price": 13,
    "COL ppu": "$6.50 per 100mL",
    "COL Size": "200mL"
  },
  {
    "Brand_Product_Size": "Purina Total Care Tasty Heartwormer & All Wormer Medium Dog 3 pack",
    "COL Price": 31.1,
    "COL ppu": "$10.37 per 1Ea",
    "COL Size": "3 pack"
  },
  {
    "Brand_Product_Size": "Uber Stay Ash Base dark Cool Brown Self Tanning Foam 200mL",
    "COL Price": 30,
    "COL ppu": "$15.00 per 100mL",
    "COL Size": "200mL"
  },
  {
    "Brand_Product_Size": "Brunnings Trigger Sprayer 500mL",
    "COL Price": 2,
    "COL ppu": "$4.00 per 1L",
    "COL Size": "500mL"
  },
  {
    "Brand_Product_Size": "Super Nature Frozen Super Pulses Pasta With Beef & Chia Meatballs 300g",
    "COL Price": 4,
    "COL ppu": "$1.33 per 100G",
    "COL Size": "300g"
  },
  {
    "Brand_Product_Size": "Pukka Relax Tea Bags 20 pack 40g",
    "COL Price": 7.5,
    "COL ppu": "$0.38 per 1Ea",
    "COL Size": "40g"
  },
  {
    "Brand_Product_Size": "Coles Kitchen Cauliflower Cheese 350g",
    "COL Price": 6,
    "COL ppu": "$1.71 per 100G",
    "COL Size": "350g"
  },
  {
    "Brand_Product_Size": "Duracell Coppertop Alkaline AAA Batteries 14 pack",
    "COL Price": 13.93,
    "COL ppu": "$1.00 per 1Ea",
    "COL Size": "14 pack"
  },
  {
    "Brand_Product_Size": "Tasti Smooshed Wholefood Balls Peanut Butter & Caramel 207g",
    "COL Price": 6.5,
    "COL ppu": "$3.14 per 100G",
    "COL Size": "207g"
  },
  {
    "Brand_Product_Size": "The Natural Confectionery Co. Energy Drink Lollies 220g",
    "COL Price": 2,
    "COL ppu": "$0.91 per 100G",
    "COL Size": "220g"
  },
  {
    "Brand_Product_Size": "Tip Top 9 Grain Original Bread 700g",
    "COL Price": 3.4,
    "COL ppu": "$0.49 per 100G",
    "COL Size": "700g"
  },
  {
    "Brand_Product_Size": "Coles Finest Spanish 12 Month Aged Manchego approx. 100g",
    "COL Price": 5,
    "COL ppu": "$50.00 per 1Kg",
    "COL Size": "approx. 100g"
  },
  {
    "Brand_Product_Size": "Bundaberg Lemon Lime & Bitters Multipack Bottles 375mL 4 pack",
    "COL Price": 6.35,
    "COL ppu": "$4.23 per 1L",
    "COL Size": "4 pack"
  },
  {
    "Brand_Product_Size": "BIC 4 Colours Shine Pen 3 pack",
    "COL Price": 6.3,
    "COL ppu": "$2.10 per 1Ea",
    "COL Size": "3 pack"
  },
  {
    "Brand_Product_Size": "Sunsilk Soft & Smooth Shampoo 700mL",
    "COL Price": 10,
    "COL ppu": "$1.43 per 100mL",
    "COL Size": "700mL"
  },
  {
    "Brand_Product_Size": "Coles Pure Australian Honey Jar 500g",
    "COL Price": 6.5,
    "COL ppu": "$1.30 per 100G",
    "COL Size": "500g"
  },
  {
    "Brand_Product_Size": "Cottee's Plum Jam 500g",
    "COL Price": 2.8,
    "COL ppu": "$0.56 per 100G",
    "COL Size": "500g"
  },
  {
    "Brand_Product_Size": "Cook & Dine Large Pie Dish 24cm each",
    "COL Price": 7,
    "COL ppu": "$7.00 per 1Ea",
    "COL Size": "each"
  },
  {
    "Brand_Product_Size": "Wrigley's Eclipse Sugar Free Peppermint Ice Chewing Gum 4 x 10 Piece Pack 56g",
    "COL Price": 2.8,
    "COL ppu": "$5.00 per 100G",
    "COL Size": "56g"
  },
  {
    "Brand_Product_Size": "Oral-B 3D White Luxe Advance Seal 14 Whitening Treatments 1 pack",
    "COL Price": 24.5,
    "COL ppu": "$24.50 per 1Ea",
    "COL Size": "1 pack"
  },
  {
    "Brand_Product_Size": "Haagen-Dazs Mini Cup Classic Collection 4 pack 380mL",
    "COL Price": 7.5,
    "COL ppu": "$1.97 per 100mL",
    "COL Size": "380mL"
  },
  {
    "Brand_Product_Size": "Coles Kitchen Family Stir Fry 400g",
    "COL Price": 3,
    "COL ppu": "$0.75 per 100G",
    "COL Size": "400g"
  },
  {
    "Brand_Product_Size": "Tetley Tea Bags 100 pack 180g",
    "COL Price": 3.3,
    "COL ppu": "$1.83 per 100G",
    "COL Size": "180g"
  },
  {
    "Brand_Product_Size": "Glad To Be Green Plant Bio Based Kt Bags Medium 30 pack",
    "COL Price": 4.8,
    "COL ppu": "$0.16 per 1Ea",
    "COL Size": "30 pack"
  },
  {
    "Brand_Product_Size": "Arnott's Wheat Shredded Plain Biscuits 250g",
    "COL Price": 2.3,
    "COL ppu": "$0.92 per 100G",
    "COL Size": "250g"
  },
  {
    "Brand_Product_Size": "Prima Apple Raspberry Fruit Drink Multipack 200mL 6 pack",
    "COL Price": 3.45,
    "COL ppu": "$0.58 per 1Ea",
    "COL Size": "6 pack"
  },
  {
    "Brand_Product_Size": "Coles Vanilla Crown 4 Pack 320g",
    "COL Price": 6,
    "COL ppu": "$1.88 per 100G",
    "COL Size": "320g"
  },
  {
    "Brand_Product_Size": "Patak's Madras Simmer Sauce Hot 450g",
    "COL Price": 3.5,
    "COL ppu": "$0.78 per 100G",
    "COL Size": "450g"
  },
  {
    "Brand_Product_Size": "St Remio Coffee Expressi/Caffitaly Compatible Bio-Organic Robust Capsules 10 pack",
    "COL Price": 5,
    "COL ppu": "$0.50 per 1Ea",
    "COL Size": "10 pack"
  },
  {
    "Brand_Product_Size": "Nature's Way Kids Smart Vita Gummies Omega 60 pack",
    "COL Price": 14.5,
    "COL ppu": "$0.24 per 1Ea",
    "COL Size": "60 pack"
  },
  {
    "Brand_Product_Size": "Sera Pepper Paste Hot 720g",
    "COL Price": 9,
    "COL ppu": "$1.25 per 100G",
    "COL Size": "720g"
  },
  {
    "Brand_Product_Size": "San Remo La Pasta Single Snack Creamy Bacon Pasta & Sauce 80g",
    "COL Price": 1,
    "COL ppu": "$1.25 per 100G",
    "COL Size": "80g"
  },
  {
    "Brand_Product_Size": "Cook & Dine Large White Serviettes 25 pack",
    "COL Price": 1.8,
    "COL ppu": "$0.07 per 1Ea",
    "COL Size": "25 pack"
  },
  {
    "Brand_Product_Size": "Sandhurst Sauerkraut 500g",
    "COL Price": 3.3,
    "COL ppu": "$6.60 per 1Kg",
    "COL Size": "500g"
  },
  {
    "Brand_Product_Size": "Cadbury Soft Biscuit Classic Choc Chip 156g",
    "COL Price": 2,
    "COL ppu": "$1.28 per 100G",
    "COL Size": "156g"
  },
  {
    "Brand_Product_Size": "Coles Kitchen Coleslaw Salad 250g",
    "COL Price": 3,
    "COL ppu": "$1.20 per 100G",
    "COL Size": "250g"
  },
  {
    "Brand_Product_Size": "Bellamy's Organic Banana & Apple Porridge Puree 4+ Months 120g",
    "COL Price": 2,
    "COL ppu": "$1.67 per 100G",
    "COL Size": "120g"
  },
  {
    "Brand_Product_Size": "Coles Kitchen Bolognese Bake 350g",
    "COL Price": 7.5,
    "COL ppu": "$2.14 per 100G",
    "COL Size": "350g"
  },
  {
    "Brand_Product_Size": "Nair Regular Facial Hair Bleach 35g",
    "COL Price": 14,
    "COL ppu": "$40.00 per 100G",
    "COL Size": "35g"
  },
  {
    "Brand_Product_Size": "Optimum Functional Dog Treat Healthy Skin & Coat With Salmon 100g",
    "COL Price": 5.5,
    "COL ppu": "$5.50 per 100G",
    "COL Size": "100g"
  },
  {
    "Brand_Product_Size": "Freedom Foods XO Crunch 285g",
    "COL Price": 4,
    "COL ppu": "$1.40 per 100G",
    "COL Size": "285g"
  },
  {
    "Brand_Product_Size": "Coles Party Mix 750g",
    "COL Price": 3.45,
    "COL ppu": "$0.46 per 100G",
    "COL Size": "750g"
  },
  {
    "Brand_Product_Size": "Don Ready To Eat Chorizo Minis 160g",
    "COL Price": 5,
    "COL ppu": "$31.25 per 1Kg",
    "COL Size": "160g"
  },
  {
    "Brand_Product_Size": "Byron Bay Cookie Triple Choc Bites Pouch 100g",
    "COL Price": 2.5,
    "COL ppu": "$2.50 per 100G",
    "COL Size": "100g"
  },
  {
    "Brand_Product_Size": "Coles Thawed Seafood Green Lip Mussels approx. 250g",
    "COL Price": 1.625,
    "COL ppu": "$6.50 per 1Kg",
    "COL Size": "approx. 250g"
  },
  {
    "Brand_Product_Size": "Fairy Dishwashing Tablets 42 pack",
    "COL Price": 25,
    "COL ppu": "$0.60 per 1Ea",
    "COL Size": "42 pack"
  },
  {
    "Brand_Product_Size": "Schwarzkopf Extra Care Bio-Tech Balance Shampoo 500mL",
    "COL Price": 17,
    "COL ppu": "$3.40 per 100mL",
    "COL Size": "500mL"
  },
  {
    "Brand_Product_Size": "Madura Premium Blend Tea Bags 50 pack 100g",
    "COL Price": 4.85,
    "COL ppu": "$4.85 per 100G",
    "COL Size": "100g"
  },
  {
    "Brand_Product_Size": "Olinas Mediterranean Crackers Parmesan & Onion 90g",
    "COL Price": 4,
    "COL ppu": "$4.44 per 100G",
    "COL Size": "90g"
  },
  {
    "Brand_Product_Size": "Coles Deli Primo Cabanossi each",
    "COL Price": 1.85,
    "COL ppu": "$1.85 per 1Ea",
    "COL Size": "each"
  },
  {
    "Brand_Product_Size": "Smith's Salt & Vinegar Flavour Potato Chips 380g",
    "COL Price": 7,
    "COL ppu": "$1.84 per 100G",
    "COL Size": "380g"
  },
  {
    "Brand_Product_Size": "Quest White Chocolate & Raspberry Protein Bar 60g",
    "COL Price": 3,
    "COL ppu": "$5.00 per 100G",
    "COL Size": "60g"
  },
  {
    "Brand_Product_Size": "Birch & Waite Free Range Rich Tartare Seafood Sauce 250mL",
    "COL Price": 4.2,
    "COL ppu": "$1.68 per 100mL",
    "COL Size": "250mL"
  },
  {
    "Brand_Product_Size": "Continental Aged Cheddar Parmesan & Chives Pasta & Sauce Serves 3 90g",
    "COL Price": 2.75,
    "COL ppu": "$3.06 per 100G",
    "COL Size": "90g"
  },
  {
    "Brand_Product_Size": "Wicked Sisters Chocolate Panacotta With Salted Caramel 2x150g 300g",
    "COL Price": 4.2,
    "COL ppu": "$1.40 per 100G",
    "COL Size": "300g"
  },
  {
    "Brand_Product_Size": "Listerine Regular Mouthwash 1L",
    "COL Price": 9.39,
    "COL ppu": "$0.94 per 100mL",
    "COL Size": "1L"
  },
  {
    "Brand_Product_Size": "Hans Devon approx. 125g",
    "COL Price": 1.075,
    "COL ppu": "$8.60 per 1Kg",
    "COL Size": "approx. 125g"
  },
  {
    "Brand_Product_Size": "Multix ReuseMe Fresh Produce Bags 3 pack",
    "COL Price": 4,
    "COL ppu": "$1.33 per 1Ea",
    "COL Size": "3 pack"
  },
  {
    "Brand_Product_Size": "Poise Extra Plus Pads 10 pack",
    "COL Price": 6,
    "COL ppu": "$0.60 per 1Ea",
    "COL Size": "10 pack"
  },
  {
    "Brand_Product_Size": "Audeeo Kids Rockin Headphones Assorted 1 each",
    "COL Price": 20,
    "COL ppu": "$20.00 per 1Ea",
    "COL Size": "1 each"
  },
  {
    "Brand_Product_Size": "Continental Chicken Noodle Soup Serves 4 45g",
    "COL Price": 0.95,
    "COL ppu": "$2.11 per 100G",
    "COL Size": "45g"
  },
  {
    "Brand_Product_Size": "Coles Frozen Crumbed Original White Fish Fillet 6 pack 425g",
    "COL Price": 4.6,
    "COL ppu": "$10.82 per 1Kg",
    "COL Size": "425g"
  },
  {
    "Brand_Product_Size": "Shinho Soybean Paste 400g",
    "COL Price": 1.75,
    "COL ppu": "$0.44 per 100G",
    "COL Size": "400g"
  },
  {
    "Brand_Product_Size": "Sacla Cherry Tomato & Basil Pasta Sauce 420g",
    "COL Price": 4.4,
    "COL ppu": "$1.05 per 100G",
    "COL Size": "420g"
  },
  {
    "Brand_Product_Size": "Pandaroo Sweet Condensed Coconut Milk 320g",
    "COL Price": 5,
    "COL ppu": "$1.56 per 100G",
    "COL Size": "320g"
  },
  {
    "Brand_Product_Size": "Coles Lamington Fingers 18 pack 350g",
    "COL Price": 2.5,
    "COL ppu": "$0.71 per 100G",
    "COL Size": "350g"
  },
  {
    "Brand_Product_Size": "Batiste Medium Brunette Dry Shampoo 200mL",
    "COL Price": 13,
    "COL ppu": "$6.50 per 100mL",
    "COL Size": "200mL"
  },
  {
    "Brand_Product_Size": "Blackmores Bio Iron Advanced Tablets 30 pack",
    "COL Price": 19,
    "COL ppu": "$63.34 per 100Ea",
    "COL Size": "30 pack"
  },
  {
    "Brand_Product_Size": "La Espanola Extra Virgin Olive Oil 3.78L",
    "COL Price": 22,
    "COL ppu": "$0.58 per 100mL",
    "COL Size": "3.78L"
  },
  {
    "Brand_Product_Size": "Heinz Plant Proteinz Soup 7 Veg With Superfood Quinoa 330g",
    "COL Price": 3.6,
    "COL ppu": "$1.09 per 100G",
    "COL Size": "330g"
  },
  {
    "Brand_Product_Size": "Coles RSPCA Approved Chicken Breast Steaks With Lemon & Herb Marinade 500g",
    "COL Price": 9.9,
    "COL ppu": "$1.98 per 100G",
    "COL Size": "500g"
  },
  {
    "Brand_Product_Size": "Schwarzkopf Taft Curl Defining Mousse 200g",
    "COL Price": 4.4,
    "COL ppu": "$2.20 per 100G",
    "COL Size": "200g"
  },
  {
    "Brand_Product_Size": "Saxa Natural Rock Salt 500g",
    "COL Price": 2.05,
    "COL ppu": "$0.04 per 10G",
    "COL Size": "500g"
  },
  {
    "Brand_Product_Size": "Jelly B Drinkable Konjac Jelly  Watermelon Flavour 150mL",
    "COL Price": 2.7,
    "COL ppu": "$1.80 per 100mL",
    "COL Size": "150mL"
  },
  {
    "Brand_Product_Size": "Chux Giant Superwipes Cloth 10 pack",
    "COL Price": 5.5,
    "COL ppu": "$0.55 per 1Ea",
    "COL Size": "10 pack"
  },
  {
    "Brand_Product_Size": "Twinings Cold Water Infusions Live Well Refresh 12 pack",
    "COL Price": 6.5,
    "COL ppu": "$0.54 per 1Ea",
    "COL Size": "12 pack"
  },
  {
    "Brand_Product_Size": "Peters Connoisseur Strawberry Ice Cream 1L",
    "COL Price": 7.5,
    "COL ppu": "$0.75 per 100mL",
    "COL Size": "1L"
  },
  {
    "Brand_Product_Size": "Kellogg's Special K Forest Berries Smoothie 140g",
    "COL Price": 2,
    "COL ppu": "$1.43 per 100G",
    "COL Size": "140g"
  },
  {
    "Brand_Product_Size": "U By Kotex Pads Maternity 10 pack",
    "COL Price": 4,
    "COL ppu": "$0.40 per 1Ea",
    "COL Size": "10 pack"
  },
  {
    "Brand_Product_Size": "Coco Earth Organic Oat Flour 250g",
    "COL Price": 3.2,
    "COL ppu": "$12.80 per 1Kg",
    "COL Size": "250g"
  },
  {
    "Brand_Product_Size": "Chang's Super Lo-Cal Traditional Noodles 390g",
    "COL Price": 2.6,
    "COL ppu": "$0.67 per 100G",
    "COL Size": "390g"
  },
  {
    "Brand_Product_Size": "The Bare Bird Chicken Butterflied approx. 825g",
    "COL Price": 14.025,
    "COL ppu": "$17.00 per 1Kg",
    "COL Size": "approx. 825g"
  },
  {
    "Brand_Product_Size": "Kellogg's Variety Pack assorted breakfast cereals sachets 8 pack 275g",
    "COL Price": 6,
    "COL ppu": "$2.18 per 100G",
    "COL Size": "275g"
  },
  {
    "Brand_Product_Size": "Avent Air Nighttime Mix 6-18 Months Soother 2 pack",
    "COL Price": 13,
    "COL ppu": "$6.50 per 1Ea",
    "COL Size": "2 pack"
  },
  {
    "Brand_Product_Size": "Finish Regular Rinse Aid For Drier & Shinier Dishes 250mL",
    "COL Price": 6,
    "COL ppu": "$2.40 per 100mL",
    "COL Size": "250mL"
  },
  {
    "Brand_Product_Size": "Mirabella 10 Solar Led Mini Festoon Lights 1 pack",
    "COL Price": 13,
    "COL ppu": "$13.00 per 1Ea",
    "COL Size": "1 pack"
  },
  {
    "Brand_Product_Size": "KOi Body Butter Coconut & Jojoba 175g each",
    "COL Price": 15,
    "COL ppu": "$8.57 per 100G",
    "COL Size": "each"
  },
  {
    "Brand_Product_Size": "Cottee's Apple & Raspberry No Added Sugar Cordial 1L",
    "COL Price": 4.2,
    "COL ppu": "$4.20 per 1L",
    "COL Size": "1L"
  },
  {
    "Brand_Product_Size": "John West Chunk Style Tuna in Springwater 425g",
    "COL Price": 5.75,
    "COL ppu": "$13.53 per 1Kg",
    "COL Size": "425g"
  },
  {
    "Brand_Product_Size": "Kikkoman Salt Reduced Soy Sauce 250mL",
    "COL Price": 4.8,
    "COL ppu": "$1.92 per 100mL",
    "COL Size": "250mL"
  },
  {
    "Brand_Product_Size": "Purina One Succulent Chicken Adult Cat Food Pouch 1+ 12 Months 70g",
    "COL Price": 1.8,
    "COL ppu": "$2.57 per 100G",
    "COL Size": "70g"
  },
  {
    "Brand_Product_Size": "Coles Grey Pumpkin Whole each",
    "COL Price": 19.5,
    "COL ppu": "$3.00 per 1Kg",
    "COL Size": "each"
  },
  {
    "Brand_Product_Size": "Golden Circle Pine Mango Passion Cordial 2L",
    "COL Price": 3,
    "COL ppu": "$1.50 per 1L",
    "COL Size": "2L"
  },
  {
    "Brand_Product_Size": "Dine Melting Soup Tuna & Chicken Wet Cat Food Pouch 40g",
    "COL Price": 1.05,
    "COL ppu": "$2.63 per 100G",
    "COL Size": "40g"
  },
  {
    "Brand_Product_Size": "Kras Napolitanke Hazelnut Wafers 330g",
    "COL Price": 3.9,
    "COL ppu": "$1.18 per 100G",
    "COL Size": "330g"
  },
  {
    "Brand_Product_Size": "Coles Special Burger Sauce 1kg",
    "COL Price": 6,
    "COL ppu": "$0.60 per 100mL",
    "COL Size": "1kg"
  },
  {
    "Brand_Product_Size": "Masterfoods Charred Alabama Style Rub 52g",
    "COL Price": 3.75,
    "COL ppu": "$0.72 per 10G",
    "COL Size": "52g"
  },
  {
    "Brand_Product_Size": "Annalisa Butter Beans 400g",
    "COL Price": 1.5,
    "COL ppu": "$3.75 per 1Kg",
    "COL Size": "400g"
  },
  {
    "Brand_Product_Size": "Yoplait Berry Punnet Yoghurt 160g 6 pack",
    "COL Price": 5,
    "COL ppu": "$0.52 per 100G",
    "COL Size": "6 pack"
  },
  {
    "Brand_Product_Size": "Fancy Feast Petit Cuisine With Grilled Cod & Grilled Salmon Gourmet Cat Food 50g 6 pack",
    "COL Price": 5,
    "COL ppu": "$1.67 per 100G",
    "COL Size": "6 pack"
  },
  {
    "Brand_Product_Size": "Smash Leak Proof Snack Box each",
    "COL Price": 5,
    "COL ppu": "$5.00 per 1Ea",
    "COL Size": "each"
  },
  {
    "Brand_Product_Size": "L'Oreal Colorista Washout 11 Burgundy Hair Colour 1 pack",
    "COL Price": 13.2,
    "COL ppu": "$13.20 per 1Ea",
    "COL Size": "1 pack"
  },
  {
    "Brand_Product_Size": "Coles Stonebaked By Laurent White Sourdough Garlic Bread each",
    "COL Price": 4,
    "COL ppu": "$4.00 per 1Ea",
    "COL Size": "each"
  },
  {
    "Brand_Product_Size": "Genius Gluten Free Soft Brioche Rolls 2 pack",
    "COL Price": 3.5,
    "COL ppu": "$1.75 per 1Ea",
    "COL Size": "2 pack"
  },
  {
    "Brand_Product_Size": "Bird's Custard Powder 300g",
    "COL Price": 5.4,
    "COL ppu": "$1.80 per 100G",
    "COL Size": "300g"
  },
  {
    "Brand_Product_Size": "Gaviscon Dual Action Liquid 600mL",
    "COL Price": 15.7,
    "COL ppu": "$2.62 per 100mL",
    "COL Size": "600mL"
  },
  {
    "Brand_Product_Size": "Coles Sticky Date & Caramel Loaf Cake 470g",
    "COL Price": 6,
    "COL ppu": "$1.28 per 100G",
    "COL Size": "470g"
  },
  {
    "Brand_Product_Size": "Coles Deli Express Primo Speck approx 350 each",
    "COL Price": 9.1,
    "COL ppu": "$26.00 per 1Kg",
    "COL Size": "approx 350 each"
  },
  {
    "Brand_Product_Size": "Sistema To Go Coffee Twist N Sip Small 315mL each",
    "COL Price": 10,
    "COL ppu": "$10.00 per 1Ea",
    "COL Size": "each"
  },
  {
    "Brand_Product_Size": "Bic 4 Colour Pen each",
    "COL Price": 2.24,
    "COL ppu": "$2.24 per 1Ea",
    "COL Size": "each"
  },
  {
    "Brand_Product_Size": "Coles Bakery White Sandwich Bread Loaf 680g",
    "COL Price": 2,
    "COL ppu": "$0.29 per 100G",
    "COL Size": "680g"
  },
  {
    "Brand_Product_Size": "Coles Natures Kitchen Silken Tofu 300g",
    "COL Price": 2.3,
    "COL ppu": "$0.77 per 100G",
    "COL Size": "300g"
  },
  {
    "Brand_Product_Size": "Streets Blue Ribbon Mint Protein Choc 4 Pack 268mL",
    "COL Price": 10,
    "COL ppu": "$3.73 per 100mL",
    "COL Size": "268mL"
  },
  {
    "Brand_Product_Size": "Vege Original Multipack Chips 12 Pack 250g",
    "COL Price": 8.8,
    "COL ppu": "$3.52 per 100G",
    "COL Size": "250g"
  },
  {
    "Brand_Product_Size": "Purina Dentalife Tasty Chicken Flavor Cat Treat 51g",
    "COL Price": 4.5,
    "COL ppu": "$8.82 per 100G",
    "COL Size": "51g"
  },
  {
    "Brand_Product_Size": "Oak Nestle Peppermint Crisp Flavoured Milk 600mL",
    "COL Price": 3.1,
    "COL ppu": "$5.17 per 1L",
    "COL Size": "600mL"
  },
  {
    "Brand_Product_Size": "Coles Mexico Corn Tortillas De Maiz 10 pack 280g",
    "COL Price": 3.2,
    "COL ppu": "$1.14 per 100G",
    "COL Size": "280g"
  },
  {
    "Brand_Product_Size": "Coles Chestnuts Prepack 375g",
    "COL Price": 5.9,
    "COL ppu": "$15.73 per 1Kg",
    "COL Size": "375g"
  },
  {
    "Brand_Product_Size": "Aeroplane Lite Lime Jelly Crystals 2 pack 18g",
    "COL Price": 2,
    "COL ppu": "$11.11 per 100G",
    "COL Size": "18g"
  },
  {
    "Brand_Product_Size": "Cook & Dine Snack Plates 4 pack",
    "COL Price": 4,
    "COL ppu": "$1.00 per 1Ea",
    "COL Size": "4 pack"
  },
  {
    "Brand_Product_Size": "Campbell's Country Ladle Traditional Minestrone Soup Can 495g",
    "COL Price": 3.5,
    "COL ppu": "$0.71 per 100G",
    "COL Size": "495g"
  },
  {
    "Brand_Product_Size": "The Dutch Company Apple Sauce 710g",
    "COL Price": 2.6,
    "COL ppu": "$0.37 per 100G",
    "COL Size": "710g"
  },
  {
    "Brand_Product_Size": "Parker's Sour Cream And Chives Pretzels Chips 5 pack",
    "COL Price": 3.1,
    "COL ppu": "$0.62 per 1Ea",
    "COL Size": "5 pack"
  },
  {
    "Brand_Product_Size": "Coles Barbecue Squeezy Sauce 500mL",
    "COL Price": 1.5,
    "COL ppu": "$0.30 per 100mL",
    "COL Size": "500mL"
  },
  {
    "Brand_Product_Size": "Vegemite Spread 220g",
    "COL Price": 4,
    "COL ppu": "$1.82 per 100G",
    "COL Size": "220g"
  },
  {
    "Brand_Product_Size": "Bonds Womens Original Cottontails W0M221 Size 14/16 2 pack",
    "COL Price": 12,
    "COL ppu": "$6.00 per 1Ea",
    "COL Size": "2 pack"
  },
  {
    "Brand_Product_Size": "Cascade Mini Mixers Lemon, Lime & Bitters Multipack Cans 200mL 4 pack",
    "COL Price": 4.4,
    "COL ppu": "$5.50 per 1L",
    "COL Size": "4 pack"
  },
  {
    "Brand_Product_Size": "Oral-B Stages 3 Toothbrush 5-7 Years 1 pack",
    "COL Price": 1.77,
    "COL ppu": "$1.77 per 1Ea",
    "COL Size": "1 pack"
  },
  {
    "Brand_Product_Size": "Gaviscon Double Strength Peppermint Tabs 24 pack",
    "COL Price": 9,
    "COL ppu": "$0.38 per 1Ea",
    "COL Size": "24 pack"
  },
  {
    "Brand_Product_Size": "Huon Tasmanian Wood Roasted Salmon 150g",
    "COL Price": 10,
    "COL ppu": "$6.67 per 100G",
    "COL Size": "150g"
  },
  {
    "Brand_Product_Size": "Coles Urban Culture Strong Ground Coffee 250g",
    "COL Price": 4.5,
    "COL ppu": "$1.80 per 100G",
    "COL Size": "250g"
  },
  {
    "Brand_Product_Size": "Primo Thin Sliced Roast Beef 80g",
    "COL Price": 3.25,
    "COL ppu": "$40.63 per 1Kg",
    "COL Size": "80g"
  },
  {
    "Brand_Product_Size": "Koi Gifting Luxurious Body Set 1 pack",
    "COL Price": 15,
    "COL ppu": "$15.00 per 1Ea",
    "COL Size": "1 pack"
  },
  {
    "Brand_Product_Size": "Coles Shortbread Finger Biscuits With Butter 200g",
    "COL Price": 2,
    "COL ppu": "$1.00 per 100G",
    "COL Size": "200g"
  },
  {
    "Brand_Product_Size": "Obento Panko Bread Crumbs 1kg",
    "COL Price": 5,
    "COL ppu": "$0.50 per 100G",
    "COL Size": "1kg"
  },
  {
    "Brand_Product_Size": "Saxa Gourmet Four Seasons Peppercorns Grinder 35g",
    "COL Price": 5,
    "COL ppu": "$1.43 per 10G",
    "COL Size": "35g"
  },
  {
    "Brand_Product_Size": "Bega Simply Nuts Crunchy Peanut Butter 650g",
    "COL Price": 9,
    "COL ppu": "$1.38 per 100G",
    "COL Size": "650g"
  },
  {
    "Brand_Product_Size": "Cornwell's Apple Cider Vinegar 750mL",
    "COL Price": 3,
    "COL ppu": "$0.40 per 100mL",
    "COL Size": "750mL"
  },
  {
    "Brand_Product_Size": "First Response Pregnancy Test Instream 1 pack",
    "COL Price": 7.2,
    "COL ppu": "$7.20 per 1Ea",
    "COL Size": "1 pack"
  },
  {
    "Brand_Product_Size": "Covergirl Clean Fresh Concealer Light/Medium 7mL",
    "COL Price": 16,
    "COL ppu": "$22.86 per 10mL",
    "COL Size": "7mL"
  },
  {
    "Brand_Product_Size": "V Energy Drink Can 4 pack",
    "COL Price": 12.25,
    "COL ppu": "$6.13 per 1L",
    "COL Size": "4 pack"
  },
  {
    "Brand_Product_Size": "Whole Earth Monk Fruit 100% Natural Sweetener 200g",
    "COL Price": 6.8,
    "COL ppu": "$3.40 per 100G",
    "COL Size": "200g"
  },
  {
    "Brand_Product_Size": "Tena Men Absorbent Protector Pads Level 3 Super 8 pack",
    "COL Price": 8,
    "COL ppu": "$1.00 per 1Ea",
    "COL Size": "8 pack"
  },
  {
    "Brand_Product_Size": "Hedys Spinach & Feta Quiche 1.1kg",
    "COL Price": 13.5,
    "COL ppu": "$1.23 per 100G",
    "COL Size": "1.1kg"
  },
  {
    "Brand_Product_Size": "Carman's Cookies & Cream Protein Bars 5 Pack 200g",
    "COL Price": 6.3,
    "COL ppu": "$3.15 per 100G",
    "COL Size": "200g"
  },
  {
    "Brand_Product_Size": "Bega Cream Cheese Spread Bold 500g",
    "COL Price": 6.5,
    "COL ppu": "$13.00 per 1Kg",
    "COL Size": "500g"
  },
  {
    "Brand_Product_Size": "Harris Strong Coffee Beans 1kg",
    "COL Price": 20,
    "COL ppu": "$2.00 per 100G",
    "COL Size": "1kg"
  },
  {
    "Brand_Product_Size": "Blackmores Executive B Stress Tablets 125 pack",
    "COL Price": 17.5,
    "COL ppu": "$14.00 per 100Ea",
    "COL Size": "125 pack"
  },
  {
    "Brand_Product_Size": "Fancy Feast Classic Prime Filet of Salmon Canned Cat Food 85g",
    "COL Price": 1.45,
    "COL ppu": "$1.71 per 100G",
    "COL Size": "85g"
  },
  {
    "Brand_Product_Size": "Monday Volume Conditioner 800mL",
    "COL Price": 14,
    "COL ppu": "$1.75 per 100mL",
    "COL Size": "800mL"
  },
  {
    "Brand_Product_Size": "OC Naturals Styling Hair Gel 250g",
    "COL Price": 3,
    "COL ppu": "$1.20 per 100G",
    "COL Size": "250g"
  },
  {
    "Brand_Product_Size": "Coles New South Wales Snow Gum Honey Strong 400g",
    "COL Price": 7.5,
    "COL ppu": "$1.88 per 100G",
    "COL Size": "400g"
  },
  {
    "Brand_Product_Size": "Beechworth Bee Cause Australian Bush Honey 400g",
    "COL Price": 8.5,
    "COL ppu": "$2.13 per 100G",
    "COL Size": "400g"
  },
  {
    "Brand_Product_Size": "OC Naturals Dry Nourish Conditioner 725mL",
    "COL Price": 6,
    "COL ppu": "$0.83 per 100mL",
    "COL Size": "725mL"
  },
  {
    "Brand_Product_Size": "Oak Banana Flavoured Milk 600mL",
    "COL Price": 3.1,
    "COL ppu": "$5.17 per 1L",
    "COL Size": "600mL"
  },
  {
    "Brand_Product_Size": "Coles RSPCA Approved Chicken Thigh Burgers Southern Fried 400g",
    "COL Price": 8.5,
    "COL ppu": "$2.13 per 100G",
    "COL Size": "400g"
  },
  {
    "Brand_Product_Size": "Coles Egg Fried Rice 250g",
    "COL Price": 2,
    "COL ppu": "$0.80 per 100G",
    "COL Size": "250g"
  },
  {
    "Brand_Product_Size": "Swisse Ultiboost Sleep Tablets 60 pack",
    "COL Price": 22,
    "COL ppu": "$36.67 per 100Ea",
    "COL Size": "60 pack"
  },
  {
    "Brand_Product_Size": "Coles Jumbo Salad Tub Curried Pumpkin Cous Cous Salad each",
    "COL Price": 11,
    "COL ppu": "$11.00 per 1Ea",
    "COL Size": "each"
  },
  {
    "Brand_Product_Size": "Coles Half Red Cabbage each",
    "COL Price": 2,
    "COL ppu": "$2.00 per 1Ea",
    "COL Size": "each"
  },
  {
    "Brand_Product_Size": "Tradie Mens Brief Size L/XL 4 pack",
    "COL Price": 16,
    "COL ppu": "$4.00 per 1Ea",
    "COL Size": "4 pack"
  },
  {
    "Brand_Product_Size": "Clif Coconut Chocolate Chip 68g",
    "COL Price": 2.4,
    "COL ppu": "$3.53 per 100G",
    "COL Size": "68g"
  },
  {
    "Brand_Product_Size": "Chrystal Fresh Multi Variety Selection Cheeseboard 275g",
    "COL Price": 8,
    "COL ppu": "$29.09 per 1Kg",
    "COL Size": "275g"
  },
  {
    "Brand_Product_Size": "Barilla Napolitana Pasta Sauce 400g",
    "COL Price": 3.75,
    "COL ppu": "$0.94 per 100G",
    "COL Size": "400g"
  },
  {
    "Brand_Product_Size": "Buono Boru Boru Thai Tea Non-Dairy Dessert 473g",
    "COL Price": 8,
    "COL ppu": "$1.69 per 100G",
    "COL Size": "473g"
  },
  {
    "Brand_Product_Size": "Simply Wize Irresistible Snakes 150g",
    "COL Price": 2.95,
    "COL ppu": "$1.97 per 100G",
    "COL Size": "150g"
  },
  {
    "Brand_Product_Size": "Beerenberg Tomato Chutney 260g",
    "COL Price": 5.35,
    "COL ppu": "$2.06 per 100G",
    "COL Size": "260g"
  },
  {
    "Brand_Product_Size": "Coles Belgian Dark Chocolate Blocks 100g",
    "COL Price": 2.5,
    "COL ppu": "$2.50 per 100G",
    "COL Size": "100g"
  },
  {
    "Brand_Product_Size": "Papermate Woodcase Hb Pencils 3 pack",
    "COL Price": 1.95,
    "COL ppu": "$0.65 per 1Ea",
    "COL Size": "3 pack"
  },
  {
    "Brand_Product_Size": "Old El Paso Enchilada Cooking Sauce Mild 375g",
    "COL Price": 4.15,
    "COL ppu": "$1.11 per 100G",
    "COL Size": "375g"
  },
  {
    "Brand_Product_Size": "Simson's Pantry Four Seeds Wraps 4 pack 180g",
    "COL Price": 2.3,
    "COL ppu": "$1.28 per 100G",
    "COL Size": "180g"
  },
  {
    "Brand_Product_Size": "Coles Beef BBQ Burgers 10 pack 1kg",
    "COL Price": 10,
    "COL ppu": "$10.00 per 1Kg",
    "COL Size": "1kg"
  },
  {
    "Brand_Product_Size": "Coles I'M Free From Scotch Fingers 175g",
    "COL Price": 3,
    "COL ppu": "$1.71 per 100G",
    "COL Size": "175g"
  },
  {
    "Brand_Product_Size": "Weight Watchers Snap Frozen Mushroom & Pumpkin Risotto 320g",
    "COL Price": 4,
    "COL ppu": "$1.25 per 100G",
    "COL Size": "320g"
  },
  {
    "Brand_Product_Size": "Basilio Tomato Instant Pasta Cup 55g",
    "COL Price": 2.5,
    "COL ppu": "$4.55 per 100G",
    "COL Size": "55g"
  },
  {
    "Brand_Product_Size": "Coles Watercress Sleeved 1 bunch",
    "COL Price": 3,
    "COL ppu": "$3.00 per 1Ea",
    "COL Size": "1 bunch"
  },
  {
    "Brand_Product_Size": "Organic Care Coconut Crme Hydrating Body Wash 725mL",
    "COL Price": 4.9,
    "COL ppu": "$0.68 per 100mL",
    "COL Size": "725mL"
  },
  {
    "Brand_Product_Size": "Zahra Pickled Cucumber 1.4kg",
    "COL Price": 6.5,
    "COL ppu": "$4.64 per 1Kg",
    "COL Size": "1.4kg"
  },
  {
    "Brand_Product_Size": "Heinz Baked Beans In Tomato Sauce 4 pack 520g",
    "COL Price": 3.7,
    "COL ppu": "$0.71 per 100G",
    "COL Size": "520g"
  },
  {
    "Brand_Product_Size": "Coles Beef Vegetables & Cheese Flavour Dry Adult Cat Food 1kg",
    "COL Price": 2.8,
    "COL ppu": "$0.28 per 100G",
    "COL Size": "1kg"
  },
  {
    "Brand_Product_Size": "CSR White Sugar 2kg",
    "COL Price": 2.4,
    "COL ppu": "$0.12 per 100G",
    "COL Size": "2kg"
  },
  {
    "Brand_Product_Size": "Beerenberg Australian Orange Marmalade 300g",
    "COL Price": 5,
    "COL ppu": "$1.67 per 100G",
    "COL Size": "300g"
  },
  {
    "Brand_Product_Size": "Don Truffle Leg Ham approx. 125g",
    "COL Price": 4,
    "COL ppu": "$32.00 per 1Kg",
    "COL Size": "approx. 125g"
  },
  {
    "Brand_Product_Size": "Dairylea Less Fat Light Cheese Slices 24 Pack 432g",
    "COL Price": 5.5,
    "COL ppu": "$12.73 per 1Kg",
    "COL Size": "432g"
  },
  {
    "Brand_Product_Size": "Damia Assorted Soft Fruit Lollies 1kg",
    "COL Price": 6.4,
    "COL ppu": "$6.40 per 1Kg",
    "COL Size": "1kg"
  },
  {
    "Brand_Product_Size": "Coles Finest Balsamic Vinegar 250mL",
    "COL Price": 6,
    "COL ppu": "$2.40 per 100mL",
    "COL Size": "250mL"
  },
  {
    "Brand_Product_Size": "Soul Seed Hemp 250g",
    "COL Price": 13,
    "COL ppu": "$5.20 per 100G",
    "COL Size": "250g"
  },
  {
    "Brand_Product_Size": "Coles Bakery Salted Caramel Profiteroles 12 pack",
    "COL Price": 4.5,
    "COL ppu": "$0.38 per 1Ea",
    "COL Size": "12 pack"
  },
  {
    "Brand_Product_Size": "Coles Thin Blonde Ponytailers 28 pack",
    "COL Price": 5.6,
    "COL ppu": "$0.20 per 1Ea",
    "COL Size": "28 pack"
  },
  {
    "Brand_Product_Size": "Hart & Soul Coconut Bengali Chickpea Curry 300g",
    "COL Price": 4,
    "COL ppu": "$1.33 per 100G",
    "COL Size": "300g"
  },
  {
    "Brand_Product_Size": "McCain Frozen Ultra Thin Crust Tandoori Chicken Pizza 320g",
    "COL Price": 5.5,
    "COL ppu": "$1.72 per 100G",
    "COL Size": "320g"
  },
  {
    "Brand_Product_Size": "KIND Almond & Coconut Bar 40g",
    "COL Price": 1.5,
    "COL ppu": "$3.75 per 100G",
    "COL Size": "40g"
  },
  {
    "Brand_Product_Size": "Smith's Sweet Chilli & Sour Cream Thinly Cut Potato Chips 175g",
    "COL Price": 2,
    "COL ppu": "$1.14 per 100G",
    "COL Size": "175g"
  },
  {
    "Brand_Product_Size": "Nerf Dog TPR 3 Ring Tuff Tug 1 pack",
    "COL Price": 20,
    "COL ppu": "$20.00 per 1Ea",
    "COL Size": "1 pack"
  },
  {
    "Brand_Product_Size": "Yumi's Gluten Free Traditional Egg Salad Classic Dips 200g",
    "COL Price": 3,
    "COL ppu": "$1.50 per 100G",
    "COL Size": "200g"
  },
  {
    "Brand_Product_Size": "Go Natural Twisters Strawberry & Apple 180g",
    "COL Price": 6.5,
    "COL ppu": "$3.61 per 100G",
    "COL Size": "180g"
  },
  {
    "Brand_Product_Size": "Sharpie Permanent Marker Black 2 pack",
    "COL Price": 5,
    "COL ppu": "$2.50 per 1Ea",
    "COL Size": "2 pack"
  },
  {
    "Brand_Product_Size": "Dermal Therapy Heel Magic 70g",
    "COL Price": 14,
    "COL ppu": "$20.00 per 100G",
    "COL Size": "70g"
  },
  {
    "Brand_Product_Size": "Coles Gingernut Biscuits 250g",
    "COL Price": 1.1,
    "COL ppu": "$0.44 per 100G",
    "COL Size": "250g"
  },
  {
    "Brand_Product_Size": "Ogx Biotin & Collagen Conditioner 385mL",
    "COL Price": 20,
    "COL ppu": "$5.19 per 100mL",
    "COL Size": "385mL"
  },
  {
    "Brand_Product_Size": "Coles Jam Strawberry 480g",
    "COL Price": 2,
    "COL ppu": "$0.42 per 100G",
    "COL Size": "480g"
  },
  {
    "Brand_Product_Size": "L'Oreal True Match Beige Concealer 6.8mL",
    "COL Price": 14,
    "COL ppu": "$20.59 per 10mL",
    "COL Size": "6.8mL"
  },
  {
    "Brand_Product_Size": "Dilmah Pure Ceylon Premium Tea Bags 100 pack 200g",
    "COL Price": 5.5,
    "COL ppu": "$0.06 per 1Ea",
    "COL Size": "200g"
  },
  {
    "Brand_Product_Size": "Mirabella Globe LED Downlight GU5.3 6 Watt Warm White each",
    "COL Price": 10,
    "COL ppu": "$10.00 per 1Ea",
    "COL Size": "each"
  },
  {
    "Brand_Product_Size": "Dairy Farmers Classic Smooth & Creamy Chocolate 500mL",
    "COL Price": 3,
    "COL ppu": "$6.00 per 1L",
    "COL Size": "500mL"
  },
  {
    "Brand_Product_Size": "Coles Whole Pitted Lychees In Syrup 560g",
    "COL Price": 2.75,
    "COL ppu": "$4.91 per 1Kg",
    "COL Size": "560g"
  },
  {
    "Brand_Product_Size": "McCain Frozen Pub Style Fries 750g",
    "COL Price": 4.5,
    "COL ppu": "$0.60 per 100G",
    "COL Size": "750g"
  },
  {
    "Brand_Product_Size": "Continental Sensation Thai Pumpkin Coconut Soup Serves 2 62g",
    "COL Price": 2,
    "COL ppu": "$3.23 per 100G",
    "COL Size": "62g"
  },
  {
    "Brand_Product_Size": "Coles Kanzi Apples Prepacked 1kg",
    "COL Price": 0.02,
    "COL ppu": "$0.02 per 1Kg",
    "COL Size": "1kg"
  },
  {
    "Brand_Product_Size": "Aveeno Skin Relief Fragrance Free Moisturising Lotion 354mL",
    "COL Price": 13,
    "COL ppu": "$3.67 per 100mL",
    "COL Size": "354mL"
  },
  {
    "Brand_Product_Size": "Schwarzkopf Root Retoucher Spray Dark Blonde 70g",
    "COL Price": 18,
    "COL ppu": "$25.71 per 100G",
    "COL Size": "70g"
  },
  {
    "Brand_Product_Size": "Huggies Clutch N Go Fragrance Free Refillable 32  Baby Wipes Pouch 1 pack",
    "COL Price": 7,
    "COL ppu": "$7.00 per 1Ea",
    "COL Size": "1 pack"
  },
  {
    "Brand_Product_Size": "Lady Jayne Style Guards Kink-Free Spirals Clear Elastic 8 pack",
    "COL Price": 8,
    "COL ppu": "$1.00 per 1Ea",
    "COL Size": "8 pack"
  },
  {
    "Brand_Product_Size": "Gillette Simply Venus Disposable Shaving Razor 4 pack",
    "COL Price": 7,
    "COL ppu": "$1.75 per 1Ea",
    "COL Size": "4 pack"
  },
  {
    "Brand_Product_Size": "Scotchgard Fabric Protector 350g",
    "COL Price": 12,
    "COL ppu": "$3.43 per 100G",
    "COL Size": "350g"
  },
  {
    "Brand_Product_Size": "Coles Extra Pads Overnight With Wings 12 pack",
    "COL Price": 1.8,
    "COL ppu": "$0.15 per 1Ea",
    "COL Size": "12 pack"
  },
  {
    "Brand_Product_Size": "Coles Red Onions approx. 200g each",
    "COL Price": 0.7,
    "COL ppu": "$3.50 per 1Kg",
    "COL Size": "approx. 200g each"
  },
  {
    "Brand_Product_Size": "CSR Dark Brown Sugar 1kg",
    "COL Price": 4,
    "COL ppu": "$0.40 per 100G",
    "COL Size": "1kg"
  },
  {
    "Brand_Product_Size": "Campbell's Real Salt Reduced Chicken Stock 1L",
    "COL Price": 4,
    "COL ppu": "$4.00 per 1L",
    "COL Size": "1L"
  },
  {
    "Brand_Product_Size": "Norco Non Homogenised Finest Milk 1.5L",
    "COL Price": 3.8,
    "COL ppu": "$2.53 per 1L",
    "COL Size": "1.5L"
  },
  {
    "Brand_Product_Size": "Massel Vegetable Stock 1L",
    "COL Price": 3,
    "COL ppu": "$0.30 per 100mL",
    "COL Size": "1L"
  },
  {
    "Brand_Product_Size": "Hanabi Frozen Surimi Fried Fish Balls 500g",
    "COL Price": 4,
    "COL ppu": "$0.80 per 100G",
    "COL Size": "500g"
  },
  {
    "Brand_Product_Size": "Coles RSPCA Approved Chicken Breast Kiev With Creamy Garlic 350g",
    "COL Price": 8,
    "COL ppu": "$22.86 per 1Kg",
    "COL Size": "350g"
  },
  {
    "Brand_Product_Size": "Nescafe Cookies & Cream Coffee Sachets 10 pack",
    "COL Price": 6.3,
    "COL ppu": "$0.63 per 1Ea",
    "COL Size": "10 pack"
  },
  {
    "Brand_Product_Size": "Coles Garam Masala 42g",
    "COL Price": 2.5,
    "COL ppu": "$0.60 per 10G",
    "COL Size": "42g"
  },
  {
    "Brand_Product_Size": "Coles Deli Salads Tub Jumbo Classic Potato each",
    "COL Price": 10,
    "COL ppu": "$10.00 per 1Ea",
    "COL Size": "each"
  },
  {
    "Brand_Product_Size": "Continental Creamy Tomato Parmesan & Basil Pasta Serves 2 98g",
    "COL Price": 2.75,
    "COL ppu": "$2.81 per 100G",
    "COL Size": "98g"
  },
  {
    "Brand_Product_Size": "Dove Beauty Soap Bar Regular 6 Pack 600g",
    "COL Price": 8,
    "COL ppu": "$1.33 per 100G",
    "COL Size": "600g"
  },
  {
    "Brand_Product_Size": "Carman's Dark Choc & Cranberry Gourmet Protein Bar 5 pack 200g",
    "COL Price": 6.3,
    "COL ppu": "$3.15 per 100G",
    "COL Size": "200g"
  },
  {
    "Brand_Product_Size": "Bulla Dairy Low Fat Cheese Cottage Plain 500g",
    "COL Price": 5.3,
    "COL ppu": "$10.60 per 1Kg",
    "COL Size": "500g"
  },
  {
    "Brand_Product_Size": "SPC Baked Beans in Ham Sauce 4 pack 220g",
    "COL Price": 5,
    "COL ppu": "$0.57 per 100G",
    "COL Size": "220g"
  },
  {
    "Brand_Product_Size": "Klorane Nettle Dry Shampoo 150mL",
    "COL Price": 16,
    "COL ppu": "$10.67 per 100mL",
    "COL Size": "150mL"
  },
  {
    "Brand_Product_Size": "Coles Organic Smooth Peanut Butter 375g",
    "COL Price": 5,
    "COL ppu": "$1.33 per 100G",
    "COL Size": "375g"
  },
  {
    "Brand_Product_Size": "Campbell's Real Chicken Stock 250mL",
    "COL Price": 1.65,
    "COL ppu": "$0.66 per 100mL",
    "COL Size": "250mL"
  },
  {
    "Brand_Product_Size": "Jesses Bakery Challah Raisin 600g",
    "COL Price": 5.7,
    "COL ppu": "$0.95 per 100G",
    "COL Size": "600g"
  },
  {
    "Brand_Product_Size": "Ogx Argan Oil Morocco Conditioner 750mL",
    "COL Price": 19.2,
    "COL ppu": "$2.56 per 100mL",
    "COL Size": "750mL"
  },
  {
    "Brand_Product_Size": "Moro Tradicional Olive Oil 1L",
    "COL Price": 12,
    "COL ppu": "$1.20 per 100mL",
    "COL Size": "1L"
  },
  {
    "Brand_Product_Size": "L'Oreal Slim Intense Black Eyeliner 11g",
    "COL Price": 16.1,
    "COL ppu": "$14.64 per 10G",
    "COL Size": "11g"
  },
  {
    "Brand_Product_Size": "Coles Vegan Dark Chocolate Toffee 80g",
    "COL Price": 5,
    "COL ppu": "$6.25 per 100G",
    "COL Size": "80g"
  },
  {
    "Brand_Product_Size": "Olay Magnemasks Advanced Anti Wrinkle Sheet Mask each",
    "COL Price": 11,
    "COL ppu": "$45.84 per 100G",
    "COL Size": "each"
  },
  {
    "Brand_Product_Size": "Tofurky Ham Style Deli Sliced 156g",
    "COL Price": 6,
    "COL ppu": "$3.85 per 100G",
    "COL Size": "156g"
  },
  {
    "Brand_Product_Size": "Coles Tortoiseshell & Thin Bandeau Black 2 pack",
    "COL Price": 6.8,
    "COL ppu": "$3.40 per 1Ea",
    "COL Size": "2 pack"
  },
  {
    "Brand_Product_Size": "Yumi's Gluten Free Classic Roasted Beetroot & Hommus Dip 200g",
    "COL Price": 3,
    "COL ppu": "$1.50 per 100G",
    "COL Size": "200g"
  },
  {
    "Brand_Product_Size": "Mars Snickers White 40g",
    "COL Price": 2,
    "COL ppu": "$5.00 per 100G",
    "COL Size": "40g"
  },
  {
    "Brand_Product_Size": "Coles Multi Flavoured Water Ice Sticks 20 Pack 1.4L",
    "COL Price": 3,
    "COL ppu": "$0.21 per 100mL",
    "COL Size": "1.4L"
  },
  {
    "Brand_Product_Size": "Coles Kitchen Potato Salad 800g",
    "COL Price": 5.9,
    "COL ppu": "$7.38 per 1Kg",
    "COL Size": "800g"
  },
  {
    "Brand_Product_Size": "Huggies Ultra Dry Nappy For Girls 6-11 Kg Size 3 44 pack",
    "COL Price": 13,
    "COL ppu": "$0.30 per 1Ea",
    "COL Size": "44 pack"
  },
  {
    "Brand_Product_Size": "Listerine Freshburst Medium Mouthwash 500mL",
    "COL Price": 7.5,
    "COL ppu": "$1.50 per 100mL",
    "COL Size": "500mL"
  },
  {
    "Brand_Product_Size": "Coles Insect Control Bomb 3 pack",
    "COL Price": 7,
    "COL ppu": "$2.33 per 1Ea",
    "COL Size": "3 pack"
  },
  {
    "Brand_Product_Size": "CSR Coconut Sugar 250g",
    "COL Price": 3.4,
    "COL ppu": "$1.36 per 100G",
    "COL Size": "250g"
  },
  {
    "Brand_Product_Size": "Coles Aloe Vera Multi-Purpose 50 Disposable Gloves 1 pack",
    "COL Price": 9.75,
    "COL ppu": "$9.75 per 1Ea",
    "COL Size": "1 pack"
  },
  {
    "Brand_Product_Size": "Garden Fresh Dill Gherkins Pickle 670g",
    "COL Price": 3,
    "COL ppu": "$0.45 per 100G",
    "COL Size": "670g"
  },
  {
    "Brand_Product_Size": "Coles American Style Barbeque Sauce 500mL",
    "COL Price": 2.75,
    "COL ppu": "$0.55 per 100mL",
    "COL Size": "500mL"
  },
  {
    "Brand_Product_Size": "Ayam San Choy Bao Sauce 210mL",
    "COL Price": 3.5,
    "COL ppu": "$1.67 per 100mL",
    "COL Size": "210mL"
  },
  {
    "Brand_Product_Size": "Green's Pancake Shake Mix Original 200g",
    "COL Price": 2,
    "COL ppu": "$1.00 per 100G",
    "COL Size": "200g"
  },
  {
    "Brand_Product_Size": "Coles Tortoiseshell Side Combs Medium 4 pack",
    "COL Price": 2.25,
    "COL ppu": "$0.56 per 1Ea",
    "COL Size": "4 pack"
  },
  {
    "Brand_Product_Size": "Hanabi Frozen Ramen Noodles 1.2kg",
    "COL Price": 6,
    "COL ppu": "$5.00 per 1Kg",
    "COL Size": "1.2kg"
  },
  {
    "Brand_Product_Size": "Air Wick Essential Oils Candle Cherry Blossom 1 pack",
    "COL Price": 6,
    "COL ppu": "$6.00 per 1Ea",
    "COL Size": "1 pack"
  },
  {
    "Brand_Product_Size": "Coles Pouch Poultry Variety Cat Food 12 pack",
    "COL Price": 5.4,
    "COL ppu": "$0.53 per 100G",
    "COL Size": "12 pack"
  },
  {
    "Brand_Product_Size": "Pauls Zymil Lactose Free Chocolate Flavoured Milk 400mL",
    "COL Price": 3,
    "COL ppu": "$7.50 per 1L",
    "COL Size": "400mL"
  },
  {
    "Brand_Product_Size": "Cottee's Pine Lime Cordial 1L",
    "COL Price": 4.2,
    "COL ppu": "$4.20 per 1L",
    "COL Size": "1L"
  },
  {
    "Brand_Product_Size": "Fehlbergs Green Sliced Jalapenos 1.95kg",
    "COL Price": 11.2,
    "COL ppu": "$5.74 per 1Kg",
    "COL Size": "1.95kg"
  },
  {
    "Brand_Product_Size": "Praise Traditional Mayonnaise 470g",
    "COL Price": 4.2,
    "COL ppu": "$0.89 per 100G",
    "COL Size": "470g"
  },
  {
    "Brand_Product_Size": "Coles Chicken Corn With Croutons Soup Serves 2 60g",
    "COL Price": 1,
    "COL ppu": "$1.67 per 100G",
    "COL Size": "60g"
  },
  {
    "Brand_Product_Size": "Vitasoy Unsweetened Rice Milk Carton 1L",
    "COL Price": 3,
    "COL ppu": "$3.00 per 1L",
    "COL Size": "1L"
  },
  {
    "Brand_Product_Size": "Kiwi Shoe Polish Dark Tan Leather 38g",
    "COL Price": 5,
    "COL ppu": "$13.16 per 100G",
    "COL Size": "38g"
  },
  {
    "Brand_Product_Size": "Magic Little Trees Air Freshener 1 pack",
    "COL Price": 2.5,
    "COL ppu": "$2.50 per 1Ea",
    "COL Size": "1 pack"
  },
  {
    "Brand_Product_Size": "Alo Aid Aloe Vera Gel 100g",
    "COL Price": 9.4,
    "COL ppu": "$9.40 per 100G",
    "COL Size": "100g"
  },
  {
    "Brand_Product_Size": "MasterFoods Shaker Fries Seasoning Charcoal Chicken Flavour 185g",
    "COL Price": 4,
    "COL ppu": "$2.16 per 100G",
    "COL Size": "185g"
  },
  {
    "Brand_Product_Size": "Frank's Original Redhot Sauce 148mL",
    "COL Price": 3,
    "COL ppu": "$2.03 per 100mL",
    "COL Size": "148mL"
  },
  {
    "Brand_Product_Size": "Lighthouse Pasta Tipo Plain Flour 1kg",
    "COL Price": 3.75,
    "COL ppu": "$3.75 per 1Kg",
    "COL Size": "1kg"
  },
  {
    "Brand_Product_Size": "Pauls Zymil Lactose Free Full Cream Milk 1L",
    "COL Price": 3.1,
    "COL ppu": "$3.10 per 1L",
    "COL Size": "1L"
  },
  {
    "Brand_Product_Size": "Kellogg's Corn Flakes Crumbs 300g",
    "COL Price": 3.2,
    "COL ppu": "$0.11 per 10G",
    "COL Size": "300g"
  },
  {
    "Brand_Product_Size": "The Bar Counter Chocolate Peanut Butter Protein Ball 30g",
    "COL Price": 2.5,
    "COL ppu": "$8.33 per 100G",
    "COL Size": "30g"
  },
  {
    "Brand_Product_Size": "Oak Chocolate Flavoured Milk 750mL",
    "COL Price": 3,
    "COL ppu": "$4.00 per 1L",
    "COL Size": "750mL"
  },
  {
    "Brand_Product_Size": "Whiskas Favourites 1+ Years Beef In Gravy Adult Wet Cat Food Pouches 85g 15 pack",
    "COL Price": 10,
    "COL ppu": "$0.67 per 1Ea",
    "COL Size": "15 pack"
  },
  {
    "Brand_Product_Size": "The Bar Counter Salted Caramel & Chocolate Crunch 40g",
    "COL Price": 3,
    "COL ppu": "$7.50 per 100G",
    "COL Size": "40g"
  },
  {
    "Brand_Product_Size": "Harris Coffee Filter Papers 10-12 Cup Size 4 1 pack",
    "COL Price": 2.2,
    "COL ppu": "$0.06 per 1Ea",
    "COL Size": "1 pack"
  },
  {
    "Brand_Product_Size": "Coles Kitchen Pizza Limited Edition Chicken Fajita 470g",
    "COL Price": 5,
    "COL ppu": "$1.06 per 100G",
    "COL Size": "470g"
  },
  {
    "Brand_Product_Size": "Coles Good Yums Kids Vanilla Yoghurt Pouch 100g",
    "COL Price": 1.2,
    "COL ppu": "$1.20 per 100G",
    "COL Size": "100g"
  },
  {
    "Brand_Product_Size": "Pine O Cleen Multi Purpose Trigger Spray Crisp Apple 750mL",
    "COL Price": 5,
    "COL ppu": "$0.67 per 100mL",
    "COL Size": "750mL"
  },
  {
    "Brand_Product_Size": "Celebrate Health Organic Chicken Stock 500mL",
    "COL Price": 8,
    "COL ppu": "$1.60 per 100mL",
    "COL Size": "500mL"
  },
  {
    "Brand_Product_Size": "Carman's Almond Cashew & Cranberry Nut Bars 175g",
    "COL Price": 6,
    "COL ppu": "$3.43 per 100G",
    "COL Size": "175g"
  },
  {
    "Brand_Product_Size": "Bulla Frozen Variety Minis Yoghurt  14 pack 506g",
    "COL Price": 7,
    "COL ppu": "$1.38 per 100G",
    "COL Size": "506g"
  },
  {
    "Brand_Product_Size": "Lemsip Max Cold and Flu with Decongestant Hot Drink Blackcurrant 10 pack",
    "COL Price": 10,
    "COL ppu": "$1.00 per 1Ea",
    "COL Size": "10 pack"
  },
  {
    "Brand_Product_Size": "Nippy's Chocolate Flavoured Multipack Long Life Milk 375mL 4 pack",
    "COL Price": 8.05,
    "COL ppu": "$5.37 per 1L",
    "COL Size": "4 pack"
  },
  {
    "Brand_Product_Size": "Garnier Pure Daily Treatment Moisturiser 40mL",
    "COL Price": 11.9,
    "COL ppu": "$29.75 per 100mL",
    "COL Size": "40mL"
  },
  {
    "Brand_Product_Size": "Burgen Soy & Linseed Bread 700g",
    "COL Price": 5,
    "COL ppu": "$0.71 per 100G",
    "COL Size": "700g"
  },
  {
    "Brand_Product_Size": "Shelbys Cashew & Blueberry Bar 40g",
    "COL Price": 3,
    "COL ppu": "$7.50 per 100G",
    "COL Size": "40g"
  },
  {
    "Brand_Product_Size": "Nescafe Blend 43 Coffee Espresso 500g",
    "COL Price": 20,
    "COL ppu": "$4.00 per 100G",
    "COL Size": "500g"
  },
  {
    "Brand_Product_Size": "Coles Cling Wrap Super Stretch 60m each",
    "COL Price": 3,
    "COL ppu": "$3.00 per 1Ea",
    "COL Size": "each"
  },
  {
    "Brand_Product_Size": "Mayver's Peanut Butter Crunchy 375g",
    "COL Price": 5,
    "COL ppu": "$1.33 per 100G",
    "COL Size": "375g"
  },
  {
    "Brand_Product_Size": "Coles Pork & Beef 3 Star Mince Bolognese 500g",
    "COL Price": 6.5,
    "COL ppu": "$1.30 per 100G",
    "COL Size": "500g"
  },
  {
    "Brand_Product_Size": "Coca-Cola Soft Drink Diet Coke 375mL 24 pack",
    "COL Price": 19.05,
    "COL ppu": "$0.79 per 1Ea",
    "COL Size": "24 pack"
  },
  {
    "Brand_Product_Size": "Coles Wellness Road Lentil Pea & Sweet Potato Prorice 300g",
    "COL Price": 2.1,
    "COL ppu": "$0.70 per 100G",
    "COL Size": "300g"
  },
  {
    "Brand_Product_Size": "Rexona Men Clinical Protection Antiperspirant Deodorant Sport 45mL",
    "COL Price": 13,
    "COL ppu": "$28.89 per 100mL",
    "COL Size": "45mL"
  },
  {
    "Brand_Product_Size": "Bell's Blazin Buffalo Wing Seasoning 45g",
    "COL Price": 5,
    "COL ppu": "$11.11 per 100G",
    "COL Size": "45g"
  },
  {
    "Brand_Product_Size": "Coon Aussie Jack Cheese Slices 250g",
    "COL Price": 6,
    "COL ppu": "$24.00 per 1Kg",
    "COL Size": "250g"
  },
  {
    "Brand_Product_Size": "Walters Original Nougat Biscuit 150g",
    "COL Price": 5,
    "COL ppu": "$3.33 per 100G",
    "COL Size": "150g"
  },
  {
    "Brand_Product_Size": "Coles Kids Ultra Sunscreen SPF 50+ 100mL",
    "COL Price": 4,
    "COL ppu": "$4.00 per 100mL",
    "COL Size": "100mL"
  },
  {
    "Brand_Product_Size": "Sanitarium UP&GO Liquid Breakfast Choc Ice 250mL 12 pack",
    "COL Price": 14,
    "COL ppu": "$4.67 per 1L",
    "COL Size": "12 pack"
  },
  {
    "Brand_Product_Size": "Beerenberg Blue Cheese Dressing 300mL",
    "COL Price": 5.5,
    "COL ppu": "$1.83 per 100mL",
    "COL Size": "300mL"
  },
  {
    "Brand_Product_Size": "Just Rooibos African Tea Bags 40 pack 100g",
    "COL Price": 6,
    "COL ppu": "$6.00 per 100G",
    "COL Size": "100g"
  },
  {
    "Brand_Product_Size": "Coles Natural Cashews 150g",
    "COL Price": 3.7,
    "COL ppu": "$24.67 per 1Kg",
    "COL Size": "150g"
  },
  {
    "Brand_Product_Size": "Slow Hills RSPCA Approved Chicken Drumsticks 450g",
    "COL Price": 6,
    "COL ppu": "$1.33 per 100G",
    "COL Size": "450g"
  },
  {
    "Brand_Product_Size": "Nestle Caro Extra Instant Beverage 150g",
    "COL Price": 6.6,
    "COL ppu": "$4.40 per 100G",
    "COL Size": "150g"
  },
  {
    "Brand_Product_Size": "Hask Keratin Protein Smoothing Conditioner 355mL",
    "COL Price": 15,
    "COL ppu": "$4.23 per 100mL",
    "COL Size": "355mL"
  },
  {
    "Brand_Product_Size": "Schweppes Agrum No Sugar Mixers 1.1L",
    "COL Price": 2.15,
    "COL ppu": "$1.95 per 1L",
    "COL Size": "1.1L"
  },
  {
    "Brand_Product_Size": "Cook & Dine Grey Classic Tea Towels 3 pack",
    "COL Price": 6.5,
    "COL ppu": "$2.17 per 1Ea",
    "COL Size": "3 pack"
  },
  {
    "Brand_Product_Size": "Schmackos BBQ Chicken Drumstick Dog Treat 130g",
    "COL Price": 4.8,
    "COL ppu": "$3.69 per 100G",
    "COL Size": "130g"
  },
  {
    "Brand_Product_Size": "Coles Finest Angus Beef Sausages 500g",
    "COL Price": 7.5,
    "COL ppu": "$1.50 per 100G",
    "COL Size": "500g"
  },
  {
    "Brand_Product_Size": "La Zuppa Hearty Chicken & Vegetable with Rice Soup Bowl 420g",
    "COL Price": 4,
    "COL ppu": "$0.95 per 100G",
    "COL Size": "420g"
  },
  {
    "Brand_Product_Size": "Fitness Outcomes Grass Fed Beef Chilli Con Carne With Brown Rice & Green Beans 350g",
    "COL Price": 9.95,
    "COL ppu": "$2.84 per 100G",
    "COL Size": "350g"
  },
  {
    "Brand_Product_Size": "Whittakers Peanut Chocolate Slab 50g",
    "COL Price": 1,
    "COL ppu": "$2.00 per 100G",
    "COL Size": "50g"
  },
  {
    "Brand_Product_Size": "Coles Crushed Peanuts 150g",
    "COL Price": 1.1,
    "COL ppu": "$7.33 per 1Kg",
    "COL Size": "150g"
  },
  {
    "Brand_Product_Size": "Uncle Toby's Breakfast Vanilla Oat Bakes 260g",
    "COL Price": 6,
    "COL ppu": "$2.31 per 100G",
    "COL Size": "260g"
  },
  {
    "Brand_Product_Size": "Movicol Lemon Lime Sachets 30 pack",
    "COL Price": 20,
    "COL ppu": "$0.67 per 1Ea",
    "COL Size": "30 pack"
  },
  {
    "Brand_Product_Size": "Lock & Lock Eco Rectangle Container 470mL 1 pack",
    "COL Price": 6,
    "COL ppu": "$6.00 per 1Ea",
    "COL Size": "1 pack"
  },
  {
    "Brand_Product_Size": "Arnott's Milk Coffee Biscuits 250g",
    "COL Price": 2.3,
    "COL ppu": "$0.92 per 100G",
    "COL Size": "250g"
  },
  {
    "Brand_Product_Size": "Dairy Farmers Thick Vanilla Custard Carton 1kg",
    "COL Price": 5,
    "COL ppu": "$0.50 per 100G",
    "COL Size": "1kg"
  },
  {
    "Brand_Product_Size": "Slow Hills RSPCA Approved Chicken Thigh Cutlets 600g",
    "COL Price": 12,
    "COL ppu": "$20.00 per 1Kg",
    "COL Size": "600g"
  },
  {
    "Brand_Product_Size": "Ogx Heat Protect Spray Argan Oil Of Morocco 177mL",
    "COL Price": 21,
    "COL ppu": "$11.86 per 100mL",
    "COL Size": "177mL"
  },
  {
    "Brand_Product_Size": "Shelbys Peanut & Butter Bar 40g",
    "COL Price": 3,
    "COL ppu": "$7.50 per 100G",
    "COL Size": "40g"
  },
  {
    "Brand_Product_Size": "Balfours Frozen Traditional Square Meat Pies 4 pack 680g",
    "COL Price": 8,
    "COL ppu": "$1.18 per 100G",
    "COL Size": "680g"
  },
  {
    "Brand_Product_Size": "Doldori Roasted Seaweed Snack Honey Butter 30g",
    "COL Price": 3.35,
    "COL ppu": "$11.17 per 100G",
    "COL Size": "30g"
  },
  {
    "Brand_Product_Size": "Gillette Mach3 3D Turbo Razor each",
    "COL Price": 15,
    "COL ppu": "$15.00 per 1Ea",
    "COL Size": "each"
  },
  {
    "Brand_Product_Size": "Trill Bird Seed Canary & Finch Mix 1.8 kg",
    "COL Price": 6,
    "COL ppu": "",
    "COL Size": "1.8 kg"
  },
  {
    "Brand_Product_Size": "Coles Marinated Danish Fetta 300g",
    "COL Price": 5.3,
    "COL ppu": "$17.67 per 1Kg",
    "COL Size": "300g"
  },
  {
    "Brand_Product_Size": "Selleys Spakfilla Rapid 400g",
    "COL Price": 13,
    "COL ppu": "$3.25 per 100G",
    "COL Size": "400g"
  },
  {
    "Brand_Product_Size": "Cadbury Bar Twirl Breakaway 40g",
    "COL Price": 1,
    "COL ppu": "$2.50 per 100G",
    "COL Size": "40g"
  },
  {
    "Brand_Product_Size": "Piksters Interdental Brush Size 0 10 pack",
    "COL Price": 7,
    "COL ppu": "$0.70 per 1Ea",
    "COL Size": "10 pack"
  },
  {
    "Brand_Product_Size": "Red Rock Deli Thai Chilli & Lime 165g",
    "COL Price": 3,
    "COL ppu": "$1.82 per 100G",
    "COL Size": "165g"
  },
  {
    "Brand_Product_Size": "Viva White Paper Towels 3 pack",
    "COL Price": 4,
    "COL ppu": "$2.22 per 100Ea",
    "COL Size": "3 pack"
  },
  {
    "Brand_Product_Size": "Vitasoy Whole Chocolate Almond Milk 330mL",
    "COL Price": 2.9,
    "COL ppu": "$8.79 per 1L",
    "COL Size": "330mL"
  },
  {
    "Brand_Product_Size": "Vaalia Kids Tropical Yoghurt Pouch 140g",
    "COL Price": 1.7,
    "COL ppu": "$1.21 per 100G",
    "COL Size": "140g"
  },
  {
    "Brand_Product_Size": "Coles Brown Paper Lunch Bags 100 pack",
    "COL Price": 2.5,
    "COL ppu": "$0.03 per 1Ea",
    "COL Size": "100 pack"
  },
  {
    "Brand_Product_Size": "Hart & Soul Gluten Free All Natural Pad Thai Saucy Noodles 135g",
    "COL Price": 4.9,
    "COL ppu": "$3.63 per 100G",
    "COL Size": "135g"
  },
  {
    "Brand_Product_Size": "Coles Kestrel Potatoes Prepacked 2kg",
    "COL Price": 7,
    "COL ppu": "$3.50 per 1Kg",
    "COL Size": "2kg"
  },
  {
    "Brand_Product_Size": "Loacker Gardena Wafer 200g",
    "COL Price": 2.5,
    "COL ppu": "$1.25 per 100G",
    "COL Size": "200g"
  },
  {
    "Brand_Product_Size": "McCain Gluten Free Thin Cut Potato Chips 750g",
    "COL Price": 3.85,
    "COL ppu": "$5.13 per 1Kg",
    "COL Size": "750g"
  },
  {
    "Brand_Product_Size": "Nutino Hazelnut Spread 750g",
    "COL Price": 5.5,
    "COL ppu": "$0.73 per 100G",
    "COL Size": "750g"
  },
  {
    "Brand_Product_Size": "Bundaberg Diet Lemon Lime & Bitters Flavoured Multipack Bottles 375mL 4 pack",
    "COL Price": 6.35,
    "COL ppu": "$4.23 per 1L",
    "COL Size": "4 pack"
  },
  {
    "Brand_Product_Size": "Coles Smoked Oysters In Oil 85g",
    "COL Price": 1.5,
    "COL ppu": "$1.76 per 100G",
    "COL Size": "85g"
  },
  {
    "Brand_Product_Size": "Carman's Classic Fruit & Nut Muesli Bars 6 pack 270g",
    "COL Price": 6,
    "COL ppu": "$2.22 per 100G",
    "COL Size": "270g"
  },
  {
    "Brand_Product_Size": "Syndian Pumpkin & Cashew Masala 400g",
    "COL Price": 7.5,
    "COL ppu": "$1.88 per 100G",
    "COL Size": "400g"
  },
  {
    "Brand_Product_Size": "Gardenmate Garden Tie Wire 50 Metre each",
    "COL Price": 3.95,
    "COL ppu": "$3.95 per 1Ea",
    "COL Size": "each"
  },
  {
    "Brand_Product_Size": "Cadbury Dairy Milk Snack Chocolate Block 180g",
    "COL Price": 5,
    "COL ppu": "$2.78 per 100G",
    "COL Size": "180g"
  },
  {
    "Brand_Product_Size": "Lavazza Qualita Oro Medium Roast Smooth Coffee Beans 500g",
    "COL Price": 8,
    "COL ppu": "$1.60 per 100G",
    "COL Size": "500g"
  },
  {
    "Brand_Product_Size": "Cracker Barrel Cheddar Jalapeno With Honey 130g",
    "COL Price": 3.5,
    "COL ppu": "$26.92 per 1Kg",
    "COL Size": "130g"
  },
  {
    "Brand_Product_Size": "Coles Seafood Salad approx. 1kg",
    "COL Price": 17,
    "COL ppu": "$17.00 per 1Kg",
    "COL Size": "approx. 1kg"
  },
  {
    "Brand_Product_Size": "L'Oreal Paris Excellence 5.3 Golden Brown Hair Colour 1 pack",
    "COL Price": 20,
    "COL ppu": "$20.00 per 1Ea",
    "COL Size": "1 pack"
  },
  {
    "Brand_Product_Size": "Starbucks By Nespresso Caffe Verona Capsules 10 pack",
    "COL Price": 6.9,
    "COL ppu": "$0.69 per 1Ea",
    "COL Size": "10 pack"
  },
  {
    "Brand_Product_Size": "Gravox Gourmet Peppercorn with Cream Gravy 165g",
    "COL Price": 2,
    "COL ppu": "$0.12 per 10G",
    "COL Size": "165g"
  },
  {
    "Brand_Product_Size": "Coles Tropical Insect Repellent 150g",
    "COL Price": 4,
    "COL ppu": "$2.67 per 100G",
    "COL Size": "150g"
  },
  {
    "Brand_Product_Size": "Dairy Farmers Chocolate Flavoured Milk 500mL",
    "COL Price": 3,
    "COL ppu": "$6.00 per 1L",
    "COL Size": "500mL"
  },
  {
    "Brand_Product_Size": "Cottee's Ice Magic Chocolate Mint Topping 220g",
    "COL Price": 3.5,
    "COL ppu": "$1.59 per 100G",
    "COL Size": "220g"
  },
  {
    "Brand_Product_Size": "Remedy Organic Kombucha Raspberry Lemonade Drink Bottle 300mL",
    "COL Price": 3.5,
    "COL ppu": "$11.67 per 1L",
    "COL Size": "300mL"
  },
  {
    "Brand_Product_Size": "Cook & Dine Snack Plates 4 pack",
    "COL Price": 4,
    "COL ppu": "$1.00 per 1Ea",
    "COL Size": "4 pack"
  },
  {
    "Brand_Product_Size": "Starpak Fish Finger Alaskan Pollock 1kg",
    "COL Price": 5.4,
    "COL ppu": "$5.40 per 1Kg",
    "COL Size": "1kg"
  },
  {
    "Brand_Product_Size": "Youfoodz Power Bowl Lamb Risoni 300g",
    "COL Price": 9.95,
    "COL ppu": "$3.32 per 100G",
    "COL Size": "300g"
  },
  {
    "Brand_Product_Size": "Viva Double Length Paper Towel 3 pack",
    "COL Price": 7,
    "COL ppu": "$1.94 per 100Ea",
    "COL Size": "3 pack"
  },
  {
    "Brand_Product_Size": "Core Power Foods Deep South Beef Chilli 350g",
    "COL Price": 9,
    "COL ppu": "$2.57 per 100G",
    "COL Size": "350g"
  },
  {
    "Brand_Product_Size": "Cobram Estate Extra Virgin Olive Oil Light 375mL",
    "COL Price": 9.5,
    "COL ppu": "$2.53 per 100mL",
    "COL Size": "375mL"
  },
  {
    "Brand_Product_Size": "Arnott's Mini Chocolate Wagon Wheels 190g",
    "COL Price": 4,
    "COL ppu": "$2.11 per 100G",
    "COL Size": "190g"
  },
  {
    "Brand_Product_Size": "Coles Natural Mineral Water 1.25L",
    "COL Price": 1,
    "COL ppu": "$0.80 per 1L",
    "COL Size": "1.25L"
  },
  {
    "Brand_Product_Size": "Air Wick Essential Oils Candle Berry Blossom 1 pack",
    "COL Price": 6,
    "COL ppu": "$6.00 per 1Ea",
    "COL Size": "1 pack"
  },
  {
    "Brand_Product_Size": "Garnier Olia Deep Violet 3.16 Hair Colour 1 pack",
    "COL Price": 8.5,
    "COL ppu": "$8.50 per 1Ea",
    "COL Size": "1 pack"
  },
  {
    "Brand_Product_Size": "Multix Traditional Strength Aluminium Foil 30cm 150m",
    "COL Price": 23.1,
    "COL ppu": "$0.15 per 1M",
    "COL Size": "150m"
  },
  {
    "Brand_Product_Size": "Maggi Veg Sensations Cheesy Cauliflower 30g",
    "COL Price": 1.75,
    "COL ppu": "$5.83 per 100G",
    "COL Size": "30g"
  },
  {
    "Brand_Product_Size": "Allure By Tempo Low Fat Natural Yoghurt 200g",
    "COL Price": 2.85,
    "COL ppu": "$1.43 per 100G",
    "COL Size": "200g"
  },
  {
    "Brand_Product_Size": "Le Dauphin Double Creme Cheese 200g",
    "COL Price": 23,
    "COL ppu": "$11.50 per 100G",
    "COL Size": "200g"
  },
  {
    "Brand_Product_Size": "Haldirams Punjabi Samosa 650g",
    "COL Price": 10,
    "COL ppu": "$1.54 per 100G",
    "COL Size": "650g"
  },
  {
    "Brand_Product_Size": "Coles Pork Slow Cook Scotch Roast approx. 1kg each",
    "COL Price": 12,
    "COL ppu": "$12.00 per 1Kg",
    "COL Size": "approx. 1kg each"
  },
  {
    "Brand_Product_Size": "Dreambaby Bath Toy Bag 1 pack",
    "COL Price": 8,
    "COL ppu": "$8.00 per 1Ea",
    "COL Size": "1 pack"
  },
  {
    "Brand_Product_Size": "Coles RSPCA Approved Chicken Giblets approx. 500g each",
    "COL Price": 3.4,
    "COL ppu": "$6.80 per 1Kg",
    "COL Size": "approx. 500g each"
  },
  {
    "Brand_Product_Size": "Cadbury Dairy Milk Picnic Chocolate Block 170g",
    "COL Price": 5,
    "COL ppu": "$2.94 per 100G",
    "COL Size": "170g"
  },
  {
    "Brand_Product_Size": "Sukin Hair Hydrating Treatment Oil 50mL",
    "COL Price": 18,
    "COL ppu": "$36.00 per 100mL",
    "COL Size": "50mL"
  },
  {
    "Brand_Product_Size": "Philadelphia Original Spreadable Cream Cheese Tub 250g",
    "COL Price": 4.7,
    "COL ppu": "$18.80 per 1Kg",
    "COL Size": "250g"
  },
  {
    "Brand_Product_Size": "Medela Breast Milk Storage Bags 25 pack",
    "COL Price": 16.8,
    "COL ppu": "$0.67 per 1Ea",
    "COL Size": "25 pack"
  },
  {
    "Brand_Product_Size": "Duck Extended Clean Aqua Burst Toilet Cleaner 50mL",
    "COL Price": 3,
    "COL ppu": "$6.00 per 100mL",
    "COL Size": "50mL"
  },
  {
    "Brand_Product_Size": "Coles Kitchen Beef Madras & Rice 350g",
    "COL Price": 6.5,
    "COL ppu": "$1.86 per 100G",
    "COL Size": "350g"
  },
  {
    "Brand_Product_Size": "Coles Deli Express Cauliflower & Fennel Dip 150g",
    "COL Price": 3.5,
    "COL ppu": "$2.33 per 100G",
    "COL Size": "150g"
  },
  {
    "Brand_Product_Size": "Eco Tools Brow Shaping Duo Brushes 2 pack",
    "COL Price": 13.9,
    "COL ppu": "$6.95 per 1Ea",
    "COL Size": "2 pack"
  },
  {
    "Brand_Product_Size": "Bushells Extra Strong Leaf Tea 250g",
    "COL Price": 3.6,
    "COL ppu": "$1.44 per 100G",
    "COL Size": "250g"
  },
  {
    "Brand_Product_Size": "Nando's Medium Peri-Peri Marinade 262g",
    "COL Price": 3,
    "COL ppu": "$1.15 per 100G",
    "COL Size": "262g"
  },
  {
    "Brand_Product_Size": "Protea Foods Lekker Peri Peri Biltong Stokkies 100g",
    "COL Price": 11.8,
    "COL ppu": "$11.80 per 100G",
    "COL Size": "100g"
  },
  {
    "Brand_Product_Size": "Golden Circle Lime Cordial 2L",
    "COL Price": 3,
    "COL ppu": "$1.50 per 1L",
    "COL Size": "2L"
  },
  {
    "Brand_Product_Size": "Rimmel Provocalips Flirty Fling Lip Colour 7mL",
    "COL Price": 11.4,
    "COL ppu": "$16.29 per 10mL",
    "COL Size": "7mL"
  },
  {
    "Brand_Product_Size": "Smith's Baked Salt 130g",
    "COL Price": 2.5,
    "COL ppu": "$1.92 per 100G",
    "COL Size": "130g"
  },
  {
    "Brand_Product_Size": "Cenovis EasySleep Valerian Capsules 30 pack",
    "COL Price": 12,
    "COL ppu": "$0.40 per 1Ea",
    "COL Size": "30 pack"
  },
  {
    "Brand_Product_Size": "Sukin Hydrating Mist Toner 125mL",
    "COL Price": 13,
    "COL ppu": "$10.40 per 100mL",
    "COL Size": "125mL"
  },
  {
    "Brand_Product_Size": "San Remo Gluten Free Penne Pasta 350g",
    "COL Price": 4.2,
    "COL ppu": "$1.20 per 100G",
    "COL Size": "350g"
  },
  {
    "Brand_Product_Size": "Ansell Large Super Rubber Gloves 1 pair",
    "COL Price": 3.4,
    "COL ppu": "$3.40 per 1Ea",
    "COL Size": "1 pair"
  },
  {
    "Brand_Product_Size": "Riverina Dairy Haloumi Basil 180g",
    "COL Price": 6,
    "COL ppu": "$33.34 per 1Kg",
    "COL Size": "180g"
  },
  {
    "Brand_Product_Size": "Cornwell's Brown Malt Vinegar 2L",
    "COL Price": 3.9,
    "COL ppu": "$0.20 per 100mL",
    "COL Size": "2L"
  },
  {
    "Brand_Product_Size": "Twinings Warming Chai Tea Latte 200g",
    "COL Price": 9.65,
    "COL ppu": "$4.83 per 100G",
    "COL Size": "200g"
  },
  {
    "Brand_Product_Size": "Rimmel Medium BB Cream 30mL",
    "COL Price": 8.4,
    "COL ppu": "$2.80 per 10mL",
    "COL Size": "30mL"
  },
  {
    "Brand_Product_Size": "Coles Finest Dutch Palmiers With Smokey Spicy Paprika 100g",
    "COL Price": 4,
    "COL ppu": "$4.00 per 100G",
    "COL Size": "100g"
  },
  {
    "Brand_Product_Size": "Coles Deli Thawed Peeled Raw Banana Cutlet Prawns approx. 250g",
    "COL Price": 8.75,
    "COL ppu": "$35.00 per 1Kg",
    "COL Size": "approx. 250g"
  },
  {
    "Brand_Product_Size": "Purr Gourmet Chunky Tuna & Prawn in Gravy Cat Food 85g",
    "COL Price": 1,
    "COL ppu": "$1.18 per 100G",
    "COL Size": "85g"
  },
  {
    "Brand_Product_Size": "Thursday Plantation Tea Tree Face Cream 65g",
    "COL Price": 9,
    "COL ppu": "$13.85 per 100G",
    "COL Size": "65g"
  },
  {
    "Brand_Product_Size": "President Double Brie 200g",
    "COL Price": 6,
    "COL ppu": "$30.00 per 1Kg",
    "COL Size": "200g"
  },
  {
    "Brand_Product_Size": "Coles Kitchen Special Fried Rice 350g",
    "COL Price": 6.5,
    "COL ppu": "$1.86 per 100G",
    "COL Size": "350g"
  },
  {
    "Brand_Product_Size": "Multix Baking Paper 10m x 30cm 10m",
    "COL Price": 3.05,
    "COL ppu": "$0.31 per 1M",
    "COL Size": "10m"
  },
  {
    "Brand_Product_Size": "Amy's Kitchen Organic Lentil & Vegetable Soup Canned 411g",
    "COL Price": 3.9,
    "COL ppu": "$0.95 per 100G",
    "COL Size": "411g"
  },
  {
    "Brand_Product_Size": "L'amuse Brabander Raw approx. 2kg",
    "COL Price": 150,
    "COL ppu": "$75.00 per 1Kg",
    "COL Size": "approx. 2kg"
  },
  {
    "Brand_Product_Size": "Dolmio Hidden Vegetable Extra Pasta Sauce 500g",
    "COL Price": 1.64,
    "COL ppu": "$0.33 per 100G",
    "COL Size": "500g"
  },
  {
    "Brand_Product_Size": "Coles Raw Apple Cider Vinegar 500mL",
    "COL Price": 4,
    "COL ppu": "$0.80 per 100mL",
    "COL Size": "500mL"
  },
  {
    "Brand_Product_Size": "Old El Paso Chilli & Garlic Rice Dinner Kit 355g",
    "COL Price": 5,
    "COL ppu": "$1.41 per 100G",
    "COL Size": "355g"
  },
  {
    "Brand_Product_Size": "MTR Rice Noodle Vermicelli 440g",
    "COL Price": 2.9,
    "COL ppu": "$0.66 per 100G",
    "COL Size": "440g"
  },
  {
    "Brand_Product_Size": "Tasti Fruit & Veg Wholefood Balls Strawberry & Beetroot 180g",
    "COL Price": 6.5,
    "COL ppu": "$3.61 per 100G",
    "COL Size": "180g"
  },
  {
    "Brand_Product_Size": "Coles Bakery Stone Baked By Laurent Mini Olive Pane Di Casa each",
    "COL Price": 2.85,
    "COL ppu": "$2.85 per 1Ea",
    "COL Size": "each"
  },
  {
    "Brand_Product_Size": "Byron Chai Indian Spiced Tea Loose Leaf Can 100g",
    "COL Price": 6.5,
    "COL ppu": "$6.50 per 100G",
    "COL Size": "100g"
  },
  {
    "Brand_Product_Size": "Coles Rosemary Punnet 10g",
    "COL Price": 3,
    "COL ppu": "$3.00 per 10G",
    "COL Size": "10g"
  },
  {
    "Brand_Product_Size": "Coles 2 Ply Green Choice Paper Towels 2 pack",
    "COL Price": 2.5,
    "COL ppu": "$1.25 per 1Ea",
    "COL Size": "2 pack"
  },
  {
    "Brand_Product_Size": "Uncle Tobys Cranberry Vanilla & Coconut Bars 5pack 175g",
    "COL Price": 5,
    "COL ppu": "$2.86 per 100G",
    "COL Size": "175g"
  },
  {
    "Brand_Product_Size": "Rafferty's Garden Apple Banana & Peach Baby Food 4+ Months 120g",
    "COL Price": 1.5,
    "COL ppu": "$1.25 per 100G",
    "COL Size": "120g"
  },
  {
    "Brand_Product_Size": "Coles Pacific Tuna Chilli 185g",
    "COL Price": 2,
    "COL ppu": "$1.08 per 100G",
    "COL Size": "185g"
  },
  {
    "Brand_Product_Size": "Yoplait Forme Berry Harvest Yoghurt 160g 6 pack",
    "COL Price": 5,
    "COL ppu": "$0.52 per 100G",
    "COL Size": "6 pack"
  },
  {
    "Brand_Product_Size": "Redwin Sorbolene Moisturiser With Vitamin E 500mL",
    "COL Price": 3.97,
    "COL ppu": "$0.79 per 100mL",
    "COL Size": "500mL"
  },
  {
    "Brand_Product_Size": "Mission Spinach & Herb Wraps 8 pack 567g",
    "COL Price": 5,
    "COL ppu": "$0.88 per 100G",
    "COL Size": "567g"
  },
  {
    "Brand_Product_Size": "Nescafe Quality Street Hazn Caramel Hot Chocolate The Purple One 290g",
    "COL Price": 6.5,
    "COL ppu": "$2.24 per 100G",
    "COL Size": "290g"
  },
  {
    "Brand_Product_Size": "Coles Mango Slices In Syrup 425g",
    "COL Price": 1.55,
    "COL ppu": "$3.65 per 1Kg",
    "COL Size": "425g"
  },
  {
    "Brand_Product_Size": "Abe's Bagels 4 Pack 360g",
    "COL Price": 5,
    "COL ppu": "$1.39 per 100G",
    "COL Size": "360g"
  },
  {
    "Brand_Product_Size": "Coles Traditional High Top Wholemeal Bread 750g",
    "COL Price": 2.7,
    "COL ppu": "$0.36 per 100G",
    "COL Size": "750g"
  },
  {
    "Brand_Product_Size": "Nature's Own Advanced Complete Sleep Tablets 30 pack",
    "COL Price": 20.5,
    "COL ppu": "$68.34 per 100Ea",
    "COL Size": "30 pack"
  },
  {
    "Brand_Product_Size": "Lee Kum Kee Kung Pao Chicken Stir Fry Sauce Mild 145g",
    "COL Price": 2.2,
    "COL ppu": "$1.52 per 100G",
    "COL Size": "145g"
  },
  {
    "Brand_Product_Size": "Schmackos Strapz With Chicken Dog Treats 500g",
    "COL Price": 12.9,
    "COL ppu": "$2.58 per 100G",
    "COL Size": "500g"
  },
  {
    "Brand_Product_Size": "Rimmel Volume On Demand Waterproof Mascara #001 Black 12mL",
    "COL Price": 11.4,
    "COL ppu": "$9.50 per 10mL",
    "COL Size": "12mL"
  },
  {
    "Brand_Product_Size": "Coles Dairy Free Barista Almond Milk 1L",
    "COL Price": 3.5,
    "COL ppu": "$3.50 per 1L",
    "COL Size": "1L"
  },
  {
    "Brand_Product_Size": "Always Fresh Mushrooms Whole 230g",
    "COL Price": 4.35,
    "COL ppu": "$18.91 per 1Kg",
    "COL Size": "230g"
  },
  {
    "Brand_Product_Size": "Coles Potato Egg & Bacon Salad 250g",
    "COL Price": 3.5,
    "COL ppu": "$14.00 per 1Kg",
    "COL Size": "250g"
  },
  {
    "Brand_Product_Size": "Head & Shoulders Clean & Balanced Shampoo 80mL",
    "COL Price": 3,
    "COL ppu": "$3.75 per 100mL",
    "COL Size": "80mL"
  },
  {
    "Brand_Product_Size": "Byron Chai Indian Spiced Tea Loose Leaf Can 100g",
    "COL Price": 6.5,
    "COL ppu": "$6.50 per 100G",
    "COL Size": "100g"
  },
  {
    "Brand_Product_Size": "Carman's Almond Vanilla & Cinnamon 5 Grain & Seed Granola 450g",
    "COL Price": 6.9,
    "COL ppu": "$1.53 per 100G",
    "COL Size": "450g"
  },
  {
    "Brand_Product_Size": "Kettle Burnt Fig Flat Bread Crackers 150g",
    "COL Price": 3.5,
    "COL ppu": "$2.33 per 100G",
    "COL Size": "150g"
  },
  {
    "Brand_Product_Size": "Coles Bread & Butter Cucumbers Sliced Pickles 500g",
    "COL Price": 3,
    "COL ppu": "$6.00 per 1Kg",
    "COL Size": "500g"
  },
  {
    "Brand_Product_Size": "Yarra Valley Dairy Salted Honey Cow Cheese 120g",
    "COL Price": 5.3,
    "COL ppu": "$44.17 per 1Kg",
    "COL Size": "120g"
  },
  {
    "Brand_Product_Size": "Coles Olive Oil Extra Mild 1L",
    "COL Price": 7,
    "COL ppu": "$0.70 per 100mL",
    "COL Size": "1L"
  },
  {
    "Brand_Product_Size": "Coles Organic Carrots Prepacked 2kg",
    "COL Price": 5,
    "COL ppu": "$2.50 per 1Kg",
    "COL Size": "2kg"
  },
  {
    "Brand_Product_Size": "Mainland Epicure Cheese Block 200g",
    "COL Price": 6,
    "COL ppu": "$30.00 per 1Kg",
    "COL Size": "200g"
  },
  {
    "Brand_Product_Size": "Helga's Continental Bakehouse Wholemeal Grain Bread 850g",
    "COL Price": 3.9,
    "COL ppu": "$0.46 per 100G",
    "COL Size": "850g"
  },
  {
    "Brand_Product_Size": "Coles Italian Dressing 300mL",
    "COL Price": 1.8,
    "COL ppu": "$0.60 per 100mL",
    "COL Size": "300mL"
  },
  {
    "Brand_Product_Size": "Coles Ground Black Pepper 50g",
    "COL Price": 1.65,
    "COL ppu": "$0.33 per 10G",
    "COL Size": "50g"
  },
  {
    "Brand_Product_Size": "All Day Ladies Cushion Foot Socks Black Size 9-11 2 pack",
    "COL Price": 10.5,
    "COL ppu": "$5.25 per 1Ea",
    "COL Size": "2 pack"
  },
  {
    "Brand_Product_Size": "Dare Milk Flavoured Espresso 2L",
    "COL Price": 5.5,
    "COL ppu": "$2.75 per 1L",
    "COL Size": "2L"
  },
  {
    "Brand_Product_Size": "Go Natural Coffee Energy Latte Snap 40g",
    "COL Price": 3,
    "COL ppu": "$7.50 per 100G",
    "COL Size": "40g"
  },
  {
    "Brand_Product_Size": "Naturopathica Gastro Health Probiotic 30 Capsules 1 pack",
    "COL Price": 28,
    "COL ppu": "$93.34 per 100Ea",
    "COL Size": "1 pack"
  },
  {
    "Brand_Product_Size": "Mainland Organic Blend Unsalted 250g",
    "COL Price": 5.5,
    "COL ppu": "$2.20 per 100G",
    "COL Size": "250g"
  },
  {
    "Brand_Product_Size": "Head & Shoulders Shampoo Apple Fresh 400mL",
    "COL Price": 6.75,
    "COL ppu": "$1.69 per 100mL",
    "COL Size": "400mL"
  },
  {
    "Brand_Product_Size": "Olina's Fig & Black Olive Artisan Crackers 100g",
    "COL Price": 4,
    "COL ppu": "$4.00 per 100G",
    "COL Size": "100g"
  },
  {
    "Brand_Product_Size": "Coles Character Mug each",
    "COL Price": 4.5,
    "COL ppu": "$4.50 per 1Ea",
    "COL Size": "each"
  },
  {
    "Brand_Product_Size": "Arnott's Vita-Weat 9 Grain Crispbread 250g",
    "COL Price": 3.3,
    "COL ppu": "$1.32 per 100G",
    "COL Size": "250g"
  },
  {
    "Brand_Product_Size": "Coles Soft Wholemeal Sandwich Loaf 700g",
    "COL Price": 1.75,
    "COL ppu": "$0.25 per 100G",
    "COL Size": "700g"
  },
  {
    "Brand_Product_Size": "Beechworth Australian Honey 1.5kg",
    "COL Price": 22,
    "COL ppu": "$14.67 per 1Kg",
    "COL Size": "1.5kg"
  },
  {
    "Brand_Product_Size": "Ant-Rid Ant Bait 4 pack",
    "COL Price": 5.45,
    "COL ppu": "$1.36 per 1Ea",
    "COL Size": "4 pack"
  },
  {
    "Brand_Product_Size": "The Bar Counter Plant Protein Dark Chocolate Coconut 40g",
    "COL Price": 2.5,
    "COL ppu": "$6.25 per 100G",
    "COL Size": "40g"
  },
  {
    "Brand_Product_Size": "Vital Strength Glutamine Muscle Recovery Powder 300g",
    "COL Price": 30,
    "COL ppu": "$10.00 per 100G",
    "COL Size": "300g"
  },
  {
    "Brand_Product_Size": "Pascall Hard Candy Lemon Sherbet 192g",
    "COL Price": 2,
    "COL ppu": "$1.04 per 100G",
    "COL Size": "192g"
  },
  {
    "Brand_Product_Size": "Lindt Fruit Sensation Blueberry & Acai Dark Chocolate 150g",
    "COL Price": 6,
    "COL ppu": "$4.00 per 100G",
    "COL Size": "150g"
  },
  {
    "Brand_Product_Size": "Keep It Cleaner Nut Butter Filled Balls Double Peanut & Choc Almond Filling 40g",
    "COL Price": 3.5,
    "COL ppu": "$8.75 per 100G",
    "COL Size": "40g"
  },
  {
    "Brand_Product_Size": "Kamila Truffle Magnific Hazelnut & Vanilla 750g",
    "COL Price": 8.8,
    "COL ppu": "$1.17 per 100G",
    "COL Size": "750g"
  },
  {
    "Brand_Product_Size": "Coles Cup Mushrooms Prepacked 200g",
    "COL Price": 4,
    "COL ppu": "$20.00 per 1Kg",
    "COL Size": "200g"
  },
  {
    "Brand_Product_Size": "Vetta Smart Fibre Veg Twists Pasta 375g",
    "COL Price": 1.6,
    "COL ppu": "$0.43 per 100G",
    "COL Size": "375g"
  },
  {
    "Brand_Product_Size": "Cadbury Baking Dark Chocolate Melts 225g",
    "COL Price": 3,
    "COL ppu": "$1.33 per 100G",
    "COL Size": "225g"
  },
  {
    "Brand_Product_Size": "L'Oreal Magic Retouch Blonde 75mL",
    "COL Price": 12.8,
    "COL ppu": "$17.07 per 100mL",
    "COL Size": "75mL"
  },
  {
    "Brand_Product_Size": "Arnott's Chocolate Malt Sticks TeeVee Snacks 175g",
    "COL Price": 4,
    "COL ppu": "$2.29 per 100G",
    "COL Size": "175g"
  },
  {
    "Brand_Product_Size": "Coles Online $1 Donation to Guide Dogs each",
    "COL Price": 1,
    "COL ppu": "$1.00 per 1ea",
    "COL Size": "each"
  },
  {
    "Brand_Product_Size": "Thins Sour Cream & Chives Potato Chips 175g",
    "COL Price": 3.5,
    "COL ppu": "$2.00 per 100G",
    "COL Size": "175g"
  },
  {
    "Brand_Product_Size": "Schick Quattro Titanium Razor Kit each",
    "COL Price": 4.5,
    "COL ppu": "$4.50 per 1Ea",
    "COL Size": "each"
  },
  {
    "Brand_Product_Size": "Valley Produce Co. Original Bagel Toast 120g",
    "COL Price": 5,
    "COL ppu": "$4.17 per 100G",
    "COL Size": "120g"
  },
  {
    "Brand_Product_Size": "Paxo Sage & Onion Stuffing Mix 170g",
    "COL Price": 5.5,
    "COL ppu": "$3.24 per 100G",
    "COL Size": "170g"
  },
  {
    "Brand_Product_Size": "Golden Circle Fruit Cup Cordial 2L",
    "COL Price": 3,
    "COL ppu": "$1.50 per 1L",
    "COL Size": "2L"
  },
  {
    "Brand_Product_Size": "Chobani Greek Yogurt Vanilla 907g",
    "COL Price": 5.5,
    "COL ppu": "$0.61 per 100G",
    "COL Size": "907g"
  },
  {
    "Brand_Product_Size": "Ice Break Bold Espresso Real Coffee 750mL",
    "COL Price": 4.15,
    "COL ppu": "$5.53 per 1L",
    "COL Size": "750mL"
  },
  {
    "Brand_Product_Size": "Dairylea Cheese Pods 5 Pack 100g",
    "COL Price": 3,
    "COL ppu": "$30.00 per 1Kg",
    "COL Size": "100g"
  },
  {
    "Brand_Product_Size": "Birds Eye Broccoli- Cauli- Garlic & Parsley Veggie Rice 500g",
    "COL Price": 4.2,
    "COL ppu": "$8.40 per 1Kg",
    "COL Size": "500g"
  },
  {
    "Brand_Product_Size": "Duru Coarse Bulgur With Vermicelli 1kg",
    "COL Price": 3,
    "COL ppu": "$3.00 per 1Kg",
    "COL Size": "1kg"
  },
  {
    "Brand_Product_Size": "Coles White Vinegar 2L",
    "COL Price": 1.2,
    "COL ppu": "$0.06 per 100mL",
    "COL Size": "2L"
  },
  {
    "Brand_Product_Size": "Coles Finest Australian Bark With Olive Oil And Sea Salt 150g",
    "COL Price": 4.2,
    "COL ppu": "$2.80 per 100G",
    "COL Size": "150g"
  },
  {
    "Brand_Product_Size": "Uncle Tobys Ancient Grains Oats 700g",
    "COL Price": 6,
    "COL ppu": "$0.86 per 100G",
    "COL Size": "700g"
  },
  {
    "Brand_Product_Size": "Surf Floral Spice Laundry Powder 2kg",
    "COL Price": 7,
    "COL ppu": "$3.50 per 1Kg",
    "COL Size": "2kg"
  },
  {
    "Brand_Product_Size": "Scunci Scrunchie 2 pack",
    "COL Price": 7,
    "COL ppu": "$3.50 per 1Ea",
    "COL Size": "2 pack"
  },
  {
    "Brand_Product_Size": "Coles Chocolate Dipped Shortbreads 200g",
    "COL Price": 5,
    "COL ppu": "$2.50 per 100G",
    "COL Size": "200g"
  },
  {
    "Brand_Product_Size": "Sistema Stainless Steel Doubled Walled Bottle 650mL 1 each",
    "COL Price": 25,
    "COL ppu": "$25.00 per 1Ea",
    "COL Size": "1 each"
  },
  {
    "Brand_Product_Size": "Coles Dutch Gouda 265g",
    "COL Price": 4.5,
    "COL ppu": "$1.70 per 100G",
    "COL Size": "265g"
  },
  {
    "Brand_Product_Size": "Coles Iced Donuts 6 pack",
    "COL Price": 3,
    "COL ppu": "$0.50 per 1Ea",
    "COL Size": "6 pack"
  },
  {
    "Brand_Product_Size": "Continental Kosher Butchers Beef Roast Juicy approx. 1kg pack",
    "COL Price": 50.5,
    "COL ppu": "$50.50 per 1Kg",
    "COL Size": "approx. 1kg pack"
  },
  {
    "Brand_Product_Size": "Old El Paso Tortilla Pockets 8 Pack 223g",
    "COL Price": 4.75,
    "COL ppu": "$2.13 per 100G",
    "COL Size": "223g"
  },
  {
    "Brand_Product_Size": "Nestle Bakers' Choice Milk Chocolate Bits 200g",
    "COL Price": 3.95,
    "COL ppu": "$1.98 per 100G",
    "COL Size": "200g"
  },
  {
    "Brand_Product_Size": "Peters Maxibon Monster Cookie Ice Cream 620mL",
    "COL Price": 8.4,
    "COL ppu": "$1.35 per 100mL",
    "COL Size": "620mL"
  },
  {
    "Brand_Product_Size": "Cortas Falafel Mix 200g",
    "COL Price": 3.3,
    "COL ppu": "$1.65 per 100G",
    "COL Size": "200g"
  },
  {
    "Brand_Product_Size": "San Remo Large Pasta Spirals No 53 500g",
    "COL Price": 1.95,
    "COL ppu": "$0.39 per 100G",
    "COL Size": "500g"
  },
  {
    "Brand_Product_Size": "Nerada Organics Peppermint Tea Bags 40 Pack 60g",
    "COL Price": 4,
    "COL ppu": "$6.67 per 100G",
    "COL Size": "60g"
  },
  {
    "Brand_Product_Size": "Liquid Paper Correction Bond White 20mL",
    "COL Price": 2.15,
    "COL ppu": "$10.75 per 100G",
    "COL Size": "20mL"
  },
  {
    "Brand_Product_Size": "Cold Power Triple Caps Reg 45 pack",
    "COL Price": 22,
    "COL ppu": "$0.49 per 1Ea",
    "COL Size": "45 pack"
  },
  {
    "Brand_Product_Size": "Rexona Men Advanced Antiperspirant 220mL",
    "COL Price": 7.5,
    "COL ppu": "$3.41 per 100mL",
    "COL Size": "220mL"
  },
  {
    "Brand_Product_Size": "Arnott's Twisted Faves Choc Chip Scotch Finger 232g",
    "COL Price": 3,
    "COL ppu": "$1.29 per 100G",
    "COL Size": "232g"
  },
  {
    "Brand_Product_Size": "Coles Marinara Seafood Mix 1kg",
    "COL Price": 14.75,
    "COL ppu": "$14.75 per 1Kg",
    "COL Size": "1kg"
  },
  {
    "Brand_Product_Size": "Arnott's Cheese & Bacon Shapes 180g",
    "COL Price": 3.2,
    "COL ppu": "$1.78 per 100G",
    "COL Size": "180g"
  },
  {
    "Brand_Product_Size": "Freedom Foods Heritage Mill Berry Bliss Clusters 1kg",
    "COL Price": 7,
    "COL ppu": "$7.00 per 1Kg",
    "COL Size": "1kg"
  },
  {
    "Brand_Product_Size": "Rexona Invisible Dry Stick For Women 42g",
    "COL Price": 4.5,
    "COL ppu": "$10.71 per 100G",
    "COL Size": "42g"
  },
  {
    "Brand_Product_Size": "Temptations Tasty Chicken Flavour Cat Treats 180g",
    "COL Price": 6,
    "COL ppu": "$3.33 per 100G",
    "COL Size": "180g"
  },
  {
    "Brand_Product_Size": "Tic Tac Fruit 49g",
    "COL Price": 3,
    "COL ppu": "$6.12 per 100G",
    "COL Size": "49g"
  },
  {
    "Brand_Product_Size": "Coles Kitchen Chicken Biryani 350g",
    "COL Price": 6.5,
    "COL ppu": "$1.86 per 100G",
    "COL Size": "350g"
  },
  {
    "Brand_Product_Size": "Cottee's Coola Lime Cordial 1L",
    "COL Price": 4.2,
    "COL ppu": "$4.20 per 1L",
    "COL Size": "1L"
  },
  {
    "Brand_Product_Size": "Cocobella Dairy Free Vanilla Coconut Yoghurt 500g",
    "COL Price": 6,
    "COL ppu": "$1.20 per 100G",
    "COL Size": "500g"
  },
  {
    "Brand_Product_Size": "Artwrap Sparklers 24 pack",
    "COL Price": 2,
    "COL ppu": "$0.08 per 1Ea",
    "COL Size": "24 pack"
  },
  {
    "Brand_Product_Size": "Chux Thick Sponges Collections 3 pack",
    "COL Price": 4,
    "COL ppu": "$1.33 per 1Ea",
    "COL Size": "3 pack"
  },
  {
    "Brand_Product_Size": "Harpic Turquoise Power 6 Tropical Lagoon Scent 39g",
    "COL Price": 5,
    "COL ppu": "$12.82 per 100G",
    "COL Size": "39g"
  },
  {
    "Brand_Product_Size": "Coles Dairy Free Chocolate Coconut Peanut Ice Cream Tub 473mL",
    "COL Price": 6,
    "COL ppu": "$1.27 per 100mL",
    "COL Size": "473mL"
  },
  {
    "Brand_Product_Size": "Avent Soother Clip each",
    "COL Price": 7,
    "COL ppu": "$7.00 per 1Ea",
    "COL Size": "each"
  },
  {
    "Brand_Product_Size": "Coles Gluten Free Rustic White Vienna 275g",
    "COL Price": 5,
    "COL ppu": "$1.82 per 100G",
    "COL Size": "275g"
  },
  {
    "Brand_Product_Size": "Lindt Excellence Chilli Chocolate Block 100g",
    "COL Price": 4.5,
    "COL ppu": "$4.50 per 100G",
    "COL Size": "100g"
  },
  {
    "Brand_Product_Size": "Coca-Cola Sprite Soft Drink Lemon Lime 375mL 10 pack",
    "COL Price": 13.75,
    "COL ppu": "$3.67 per 1L",
    "COL Size": "10 pack"
  },
  {
    "Brand_Product_Size": "Taste Traders Peri Peri Chicken 150g",
    "COL Price": 2,
    "COL ppu": "$1.33 per 100G",
    "COL Size": "150g"
  },
  {
    "Brand_Product_Size": "Zwan Chicken Luncheon Meat 340g",
    "COL Price": 4.5,
    "COL ppu": "$1.32 per 100G",
    "COL Size": "340g"
  },
  {
    "Brand_Product_Size": "White Wings Cornflour Gluten Free 300g",
    "COL Price": 2.7,
    "COL ppu": "$9.00 per 1Kg",
    "COL Size": "300g"
  },
  {
    "Brand_Product_Size": "San Remo Gluten Free Spirals Pasta 350g",
    "COL Price": 4.2,
    "COL ppu": "$1.20 per 100G",
    "COL Size": "350g"
  },
  {
    "Brand_Product_Size": "Coles Tropical Juice Chilled 250mL 6 pack",
    "COL Price": 2.9,
    "COL ppu": "$1.93 per 1L",
    "COL Size": "6 pack"
  },
  {
    "Brand_Product_Size": "Bickford's Lemon Cordial 750mL",
    "COL Price": 3.2,
    "COL ppu": "$4.27 per 1L",
    "COL Size": "750mL"
  },
  {
    "Brand_Product_Size": "Coles Brioche Loaf Sliced 500g",
    "COL Price": 4.5,
    "COL ppu": "$0.90 per 100G",
    "COL Size": "500g"
  },
  {
    "Brand_Product_Size": "Peters Drumstick Minis Boysenberry Swirl Ice Cream Cones 6 Pack 480mL",
    "COL Price": 5,
    "COL ppu": "$1.04 per 100mL",
    "COL Size": "480mL"
  },
  {
    "Brand_Product_Size": "Coles A4 Writing Pad 3 pack",
    "COL Price": 5,
    "COL ppu": "$1.67 per 1Ea",
    "COL Size": "3 pack"
  },
  {
    "Brand_Product_Size": "Coles Organic Unsweetened Oat Milk 1L",
    "COL Price": 2.5,
    "COL ppu": "$2.50 per 1L",
    "COL Size": "1L"
  },
  {
    "Brand_Product_Size": "Weight Watchers Chilli Con Carne 330g",
    "COL Price": 4,
    "COL ppu": "$1.21 per 100G",
    "COL Size": "330g"
  },
  {
    "Brand_Product_Size": "Coca-Cola Diet Coke 2L",
    "COL Price": 2.85,
    "COL ppu": "$1.43 per 1L",
    "COL Size": "2L"
  },
  {
    "Brand_Product_Size": "Old El Paso Regular Tortillas 16 pack 640g",
    "COL Price": 5.5,
    "COL ppu": "$0.86 per 100G",
    "COL Size": "640g"
  },
  {
    "Brand_Product_Size": "My Dog Chicken Supreme Loaf Classics Wet Dog Food Tray 100g",
    "COL Price": 1.5,
    "COL ppu": "$1.50 per 100G",
    "COL Size": "100g"
  },
  {
    "Brand_Product_Size": "Helga's Gluten Free Traditional Wholemeal Bread 500g",
    "COL Price": 7,
    "COL ppu": "$1.40 per 100G",
    "COL Size": "500g"
  },
  {
    "Brand_Product_Size": "Cenovis Sugarless C 500mg Tablets 300 pack",
    "COL Price": 14,
    "COL ppu": "$0.05 per 1Ea",
    "COL Size": "300 pack"
  },
  {
    "Brand_Product_Size": "Local Legends Original Beef Jerky 55g",
    "COL Price": 3.75,
    "COL ppu": "$6.82 per 100G",
    "COL Size": "55g"
  },
  {
    "Brand_Product_Size": "Heinz Salad Cream 250g",
    "COL Price": 3,
    "COL ppu": "$1.20 per 100G",
    "COL Size": "250g"
  },
  {
    "Brand_Product_Size": "Chobani Fit Raspberry Yoghurt Pouch 140g",
    "COL Price": 1.5,
    "COL ppu": "$1.07 per 100G",
    "COL Size": "140g"
  },
  {
    "Brand_Product_Size": "Mother Sugar Free Energy Drink 4 pack 500mL",
    "COL Price": 6.85,
    "COL ppu": "$3.43 per 1L",
    "COL Size": "500mL"
  },
  {
    "Brand_Product_Size": "Fantastic Singapore Noodles 350g",
    "COL Price": 2.65,
    "COL ppu": "$0.76 per 100G",
    "COL Size": "350g"
  },
  {
    "Brand_Product_Size": "Coles Fruit Puree Mixed Berry 90g",
    "COL Price": 0.95,
    "COL ppu": "$10.56 per 1Kg",
    "COL Size": "90g"
  },
  {
    "Brand_Product_Size": "Fantastic Delites Sweet Chilli & Sour Cream Rice Snacks 100g",
    "COL Price": 2,
    "COL ppu": "$2.00 per 100G",
    "COL Size": "100g"
  },
  {
    "Brand_Product_Size": "Clairol Medium Brown Root Touch Up Spray 100mL",
    "COL Price": 10.5,
    "COL ppu": "$10.50 per 100mL",
    "COL Size": "100mL"
  },
  {
    "Brand_Product_Size": "Lavazza Qualita Rossa Ground 1kg",
    "COL Price": 22,
    "COL ppu": "$2.20 per 100G",
    "COL Size": "1kg"
  },
  {
    "Brand_Product_Size": "Uncle Tobys Chewy Muesli Bars Forest Fruits 6 Pack 185g",
    "COL Price": 2.15,
    "COL ppu": "$1.16 per 100G",
    "COL Size": "185g"
  },
  {
    "Brand_Product_Size": "Tradie Mens Acrylic Work Sock 7-10 Flu 3 pack",
    "COL Price": 10,
    "COL ppu": "$3.33 per 1Ea",
    "COL Size": "3 pack"
  },
  {
    "Brand_Product_Size": "Cadbury Twirl Chocolate Multipack 12 Treats 168g",
    "COL Price": 2.5,
    "COL ppu": "$1.49 per 100G",
    "COL Size": "168g"
  },
  {
    "Brand_Product_Size": "Rio Minis Vanilla Coated Ice Cream 700g",
    "COL Price": 18.5,
    "COL ppu": "$2.64 per 100G",
    "COL Size": "700g"
  },
  {
    "Brand_Product_Size": "Sukin Facial Moisturiser Pump 125mL",
    "COL Price": 13,
    "COL ppu": "$10.40 per 100mL",
    "COL Size": "125mL"
  },
  {
    "Brand_Product_Size": "Red Tractor Steel Cut Oats 850g",
    "COL Price": 7,
    "COL ppu": "$0.82 per 100G",
    "COL Size": "850g"
  },
  {
    "Brand_Product_Size": "Coles Deli Boneless Prosciutto approx. 150g",
    "COL Price": 6.6,
    "COL ppu": "$44.00 per 1Kg",
    "COL Size": "approx. 150g"
  },
  {
    "Brand_Product_Size": "Artemis Kefalotyri 200g",
    "COL Price": 12.5,
    "COL ppu": "$62.50 per 1Kg",
    "COL Size": "200g"
  },
  {
    "Brand_Product_Size": "SPC Aussie Made Diced Fruit Salad in Juice 120g 4 pack",
    "COL Price": 3,
    "COL ppu": "$6.25 per 1Kg",
    "COL Size": "4 pack"
  },
  {
    "Brand_Product_Size": "Starbucks Ndg Capsules Pike Place 12 pack",
    "COL Price": 5,
    "COL ppu": "$0.42 per 1Ea",
    "COL Size": "12 pack"
  },
  {
    "Brand_Product_Size": "Celebrate Health Organic Chicken Chia & Sweetcorn Soup 400g",
    "COL Price": 5,
    "COL ppu": "$1.25 per 100G",
    "COL Size": "400g"
  },
  {
    "Brand_Product_Size": "Ceren Black Olive Oil Cured 700g",
    "COL Price": 6.4,
    "COL ppu": "$0.91 per 100G",
    "COL Size": "700g"
  },
  {
    "Brand_Product_Size": "Cook & Dine Plastic White Dinner Plates 20 pack",
    "COL Price": 3,
    "COL ppu": "$0.15 per 1Ea",
    "COL Size": "20 pack"
  },
  {
    "Brand_Product_Size": "McKenzie's Split Red Lentils 375g",
    "COL Price": 2.3,
    "COL ppu": "$0.61 per 100G",
    "COL Size": "375g"
  },
  {
    "Brand_Product_Size": "Ogx Quenching Coconut Curls Shampoo 385mL",
    "COL Price": 20,
    "COL ppu": "$5.19 per 100mL",
    "COL Size": "385mL"
  },
  {
    "Brand_Product_Size": "Goldenfry Beef Gravy Granules 300g",
    "COL Price": 5.3,
    "COL ppu": "$1.77 per 100G",
    "COL Size": "300g"
  },
  {
    "Brand_Product_Size": "Chang's Gluten Free Fried Noodles 100g",
    "COL Price": 1.6,
    "COL ppu": "$1.60 per 100G",
    "COL Size": "100g"
  },
  {
    "Brand_Product_Size": "Morning Sun Natural Apricot & Almond Muesli 650g",
    "COL Price": 3.5,
    "COL ppu": "$0.54 per 100G",
    "COL Size": "650g"
  },
  {
    "Brand_Product_Size": "Coles Barbecue Sauce 2L",
    "COL Price": 4,
    "COL ppu": "$0.20 per 100mL",
    "COL Size": "2L"
  },
  {
    "Brand_Product_Size": "The Natural Confectionary Co. Berry Bliss Lollies 200g",
    "COL Price": 2,
    "COL ppu": "$1.00 per 100G",
    "COL Size": "200g"
  },
  {
    "Brand_Product_Size": "Coles Passionfruit Pulp 170g",
    "COL Price": 1.5,
    "COL ppu": "$8.82 per 1Kg",
    "COL Size": "170g"
  },
  {
    "Brand_Product_Size": "Lavazza Espresso Delizioso Intensita 8 Coffee Capsules 16 pack",
    "COL Price": 11,
    "COL ppu": "$0.69 per 1Ea",
    "COL Size": "16 pack"
  },
  {
    "Brand_Product_Size": "Steggles Frozen Tempura Chicken Breast Pops 1kg",
    "COL Price": 11,
    "COL ppu": "$11.00 per 1Kg",
    "COL Size": "1kg"
  },
  {
    "Brand_Product_Size": "Nivea 3 In 1 Hand Cream Anti Age Q10 100mL",
    "COL Price": 8,
    "COL ppu": "$8.00 per 100mL",
    "COL Size": "100mL"
  },
  {
    "Brand_Product_Size": "SPC Spaghetti in Rich Tomato 4 pack 220g",
    "COL Price": 5,
    "COL ppu": "$0.57 per 100G",
    "COL Size": "220g"
  },
  {
    "Brand_Product_Size": "Tidy Cats Instant Action Clumping Cat Litter 6.35kg",
    "COL Price": 16,
    "COL ppu": "$2.52 per 1Kg",
    "COL Size": "6.35kg"
  },
  {
    "Brand_Product_Size": "Coles Basin Round 10L",
    "COL Price": 5,
    "COL ppu": "$0.50 per 1L",
    "COL Size": "10L"
  },
  {
    "Brand_Product_Size": "Lynx Aerosol Black Night Deodorant 165mL",
    "COL Price": 7,
    "COL ppu": "$4.24 per 100mL",
    "COL Size": "165mL"
  },
  {
    "Brand_Product_Size": "Dettol Sapoderm Hygienic Soap for Acne Oily Skin 3 pack 375g",
    "COL Price": 4.4,
    "COL ppu": "$1.17 per 100G",
    "COL Size": "375g"
  },
  {
    "Brand_Product_Size": "Coles Dishwasher Powder 1kg",
    "COL Price": 2,
    "COL ppu": "$0.20 per 100G",
    "COL Size": "1kg"
  },
  {
    "Brand_Product_Size": "Continental Value Pack Pasta & Sauce Macaroni Cheese Serves 5 170g",
    "COL Price": 3,
    "COL ppu": "$1.76 per 100G",
    "COL Size": "170g"
  },
  {
    "Brand_Product_Size": "Peckish Sour Cream & Chives Rice Crackers 100g",
    "COL Price": 2.2,
    "COL ppu": "$2.20 per 100G",
    "COL Size": "100g"
  },
  {
    "Brand_Product_Size": "Cook & Dine Silicone Heat Mat each",
    "COL Price": 2,
    "COL ppu": "$2.00 per 1Ea",
    "COL Size": "each"
  },
  {
    "Brand_Product_Size": "Coles RSPCA Approved Chicken Wings Honey & Soy 1kg",
    "COL Price": 7,
    "COL ppu": "$7.00 per 1Kg",
    "COL Size": "1kg"
  },
  {
    "Brand_Product_Size": "Vanish Napisan Oxi Action Sensitive Powder Laundry Soaker 1kg",
    "COL Price": 9.2,
    "COL ppu": "$9.20 per 1Kg",
    "COL Size": "1kg"
  },
  {
    "Brand_Product_Size": "San Remo Egg Spaghetti 500g",
    "COL Price": 1.95,
    "COL ppu": "$0.39 per 100G",
    "COL Size": "500g"
  },
  {
    "Brand_Product_Size": "Continental Alfredo with Garlic & Herb Pasta & Sauce Serves 5 145g",
    "COL Price": 3,
    "COL ppu": "$2.07 per 100G",
    "COL Size": "145g"
  },
  {
    "Brand_Product_Size": "Artisan Whole Dried Cranberries 100g",
    "COL Price": 7,
    "COL ppu": "$70.00 per 1Kg",
    "COL Size": "100g"
  },
  {
    "Brand_Product_Size": "NUK First Choice+ 0-6 Months Feeding Bottle 150mL each",
    "COL Price": 11,
    "COL ppu": "$11.00 per 1Ea",
    "COL Size": "each"
  },
  {
    "Brand_Product_Size": "Vitaminka Stobi Flips With Peanuts Snack 40g",
    "COL Price": 1.1,
    "COL ppu": "$0.28 per 10G",
    "COL Size": "40g"
  },
  {
    "Brand_Product_Size": "Cook & Dine Salt & Pepper Grinder each",
    "COL Price": 15,
    "COL ppu": "$15.00 per 1Ea",
    "COL Size": "each"
  },
  {
    "Brand_Product_Size": "Sabco Bucket each",
    "COL Price": 15,
    "COL ppu": "$15.00 per 1Ea",
    "COL Size": "each"
  },
  {
    "Brand_Product_Size": "Weight Watchers Macadamia & Cranberry Bars 136g",
    "COL Price": 3.75,
    "COL ppu": "$2.76 per 100G",
    "COL Size": "136g"
  },
  {
    "Brand_Product_Size": "Mirabella Pilot Globe 15 watt Bayonet Cap Clear 2 pack",
    "COL Price": 2.25,
    "COL ppu": "$1.13 per 1Ea",
    "COL Size": "2 pack"
  },
  {
    "Brand_Product_Size": "Modo Ecoliving Recycled Corn Pens 2 pack",
    "COL Price": 2.4,
    "COL ppu": "$1.20 per 1Ea",
    "COL Size": "2 pack"
  },
  {
    "Brand_Product_Size": "Grinders Medium Roasted Crema Coffee Beans 1kg",
    "COL Price": 20,
    "COL ppu": "$20.00 per 1Kg",
    "COL Size": "1kg"
  },
  {
    "Brand_Product_Size": "Garnier Nutrisse 4 Tamarind Permanent Hair Colour 1 pack",
    "COL Price": 7.5,
    "COL ppu": "$7.50 per 1Ea",
    "COL Size": "1 pack"
  },
  {
    "Brand_Product_Size": "White Wings Plain Flour 1kg",
    "COL Price": 3,
    "COL ppu": "$3.00 per 1Kg",
    "COL Size": "1kg"
  },
  {
    "Brand_Product_Size": "Coles Laundry Sanitiser 1L",
    "COL Price": 4,
    "COL ppu": "$4.00 per 1L",
    "COL Size": "1L"
  },
  {
    "Brand_Product_Size": "Sanitarium So Good High Protein Almond Milk 1L",
    "COL Price": 3,
    "COL ppu": "$3.00 per 1L",
    "COL Size": "1L"
  },
  {
    "Brand_Product_Size": "La Famiglia Garlic Bread 400g",
    "COL Price": 4,
    "COL ppu": "$1.00 per 100G",
    "COL Size": "400g"
  },
  {
    "Brand_Product_Size": "Schwarzkopf Live Colour Dark Brown 1 pack",
    "COL Price": 14,
    "COL ppu": "$14.00 per 1Ea",
    "COL Size": "1 pack"
  },
  {
    "Brand_Product_Size": "Luv A Duck A L'orange Duck Legs 500g",
    "COL Price": 14.5,
    "COL ppu": "$29.00 per 1Kg",
    "COL Size": "500g"
  },
  {
    "Brand_Product_Size": "Meat Servery Free Range Chicken Nibbles approx. 3kg",
    "COL Price": 28.5,
    "COL ppu": "$9.50 per 1Kg",
    "COL Size": "approx. 3kg"
  },
  {
    "Brand_Product_Size": "Coles Nature's Kitchen Firm Tofu 450g",
    "COL Price": 3.75,
    "COL ppu": "$0.83 per 100G",
    "COL Size": "450g"
  },
  {
    "Brand_Product_Size": "Nice & Natural Roasted Cashew Milk Chocolate Peanut Bars 6 Pack 192g",
    "COL Price": 4,
    "COL ppu": "$2.08 per 100G",
    "COL Size": "192g"
  },
  {
    "Brand_Product_Size": "Earth Choice Laundry Powder 4kg",
    "COL Price": 17,
    "COL ppu": "$4.25 per 1Kg",
    "COL Size": "4kg"
  },
  {
    "Brand_Product_Size": "Libra Regular Ultra Thin Pads 14 pack",
    "COL Price": 2.94,
    "COL ppu": "$0.21 per 1Ea",
    "COL Size": "14 pack"
  },
  {
    "Brand_Product_Size": "Kellogg's LCM's Popcorn Bar Caramel 108g",
    "COL Price": 4,
    "COL ppu": "$3.70 per 100G",
    "COL Size": "108g"
  },
  {
    "Brand_Product_Size": "John Frieda Sheer Blonde Platinum Champagne Moisturising Conditioner 250mL",
    "COL Price": 16,
    "COL ppu": "$6.40 per 100mL",
    "COL Size": "250mL"
  },
  {
    "Brand_Product_Size": "Yumi's Pesto Aioli 200g",
    "COL Price": 3.7,
    "COL ppu": "$1.85 per 100G",
    "COL Size": "200g"
  },
  {
    "Brand_Product_Size": "Luca Sweet Orange & Cedarwood Hand Wash 500mL",
    "COL Price": 5,
    "COL ppu": "$1.00 per 100mL",
    "COL Size": "500mL"
  },
  {
    "Brand_Product_Size": "Tilda Coconut Steamed Basmati Rice 250g",
    "COL Price": 3.4,
    "COL ppu": "$1.36 per 100G",
    "COL Size": "250g"
  },
  {
    "Brand_Product_Size": "Dove Hair Therapy Daily Moisture Conditioner 640mL",
    "COL Price": 11.9,
    "COL ppu": "$1.86 per 100mL",
    "COL Size": "640mL"
  },
  {
    "Brand_Product_Size": "Carman's Original Fruit Free Muesli Bars 6 pack 270g",
    "COL Price": 6,
    "COL ppu": "$2.22 per 100G",
    "COL Size": "270g"
  },
  {
    "Brand_Product_Size": "Uncle Tobys Quick Oats Porridge 500g",
    "COL Price": 2.12,
    "COL ppu": "$0.42 per 100G",
    "COL Size": "500g"
  },
  {
    "Brand_Product_Size": "Air Wick Essential Oils Frangipani Refill Twin Pack 38mL",
    "COL Price": 10,
    "COL ppu": "$2.63 per 10mL",
    "COL Size": "38mL"
  },
  {
    "Brand_Product_Size": "Migdal Unsalted Margarine 450g",
    "COL Price": 3.49,
    "COL ppu": "$0.78 per 100G",
    "COL Size": "450g"
  },
  {
    "Brand_Product_Size": "Coles Kitchen Chicken & Vegetable Soup 300g",
    "COL Price": 3,
    "COL ppu": "$1.00 per 100G",
    "COL Size": "300g"
  },
  {
    "Brand_Product_Size": "Kirks Ginger Beer Multiple Cans 375mL 375mL",
    "COL Price": 6.2,
    "COL ppu": "$1.65 per 1L",
    "COL Size": "375mL"
  },
  {
    "Brand_Product_Size": "Purina Lucky Dog Meaty Chews With Real Lamb & Chewy Rawhide Mini Dog Treat 4 pack",
    "COL Price": 4.5,
    "COL ppu": "$1.13 per 1Ea",
    "COL Size": "4 pack"
  },
  {
    "Brand_Product_Size": "Dr Beckmann Glowhite Ultra 2 Pack 80g",
    "COL Price": 7,
    "COL ppu": "$8.75 per 100G",
    "COL Size": "80g"
  },
  {
    "Brand_Product_Size": "Arnott's Tim Tam Murray River Salted Caramel Crafted Biscuits 175g",
    "COL Price": 4,
    "COL ppu": "$2.29 per 100G",
    "COL Size": "175g"
  },
  {
    "Brand_Product_Size": "Mcclure's Garlic Dill Whole Pickles 720g",
    "COL Price": 8,
    "COL ppu": "$11.11 per 1Kg",
    "COL Size": "720g"
  },
  {
    "Brand_Product_Size": "Coles Made Easy Lamb Strips In Souvlaki Seasoning 500g",
    "COL Price": 13,
    "COL ppu": "$26.00 per 1Kg",
    "COL Size": "500g"
  },
  {
    "Brand_Product_Size": "Coles Bakery Butter Shortbread 12 pack",
    "COL Price": 3.5,
    "COL ppu": "$0.29 per 1Ea",
    "COL Size": "12 pack"
  },
  {
    "Brand_Product_Size": "Loacker Gran Pasticceria Biscuit Dark Choc Orange 100g",
    "COL Price": 4,
    "COL ppu": "$4.00 per 100G",
    "COL Size": "100g"
  },
  {
    "Brand_Product_Size": "Cook & Dine Shot Glasses 50 pack",
    "COL Price": 4,
    "COL ppu": "$8.00 per 100Ea",
    "COL Size": "50 pack"
  },
  {
    "Brand_Product_Size": "Coles Denture Toothbrush 1 pack",
    "COL Price": 2.2,
    "COL ppu": "$2.20 per 1Ea",
    "COL Size": "1 pack"
  },
  {
    "Brand_Product_Size": "L'Oreal Age Perfect For Mature Skin Day Cream SPF 50+ 70mL",
    "COL Price": 25.83,
    "COL ppu": "$36.90 per 100mL",
    "COL Size": "70mL"
  },
  {
    "Brand_Product_Size": "Coles Jazz Apples Prepacked 1kg",
    "COL Price": 6.5,
    "COL ppu": "$6.50 per 1Kg",
    "COL Size": "1kg"
  },
  {
    "Brand_Product_Size": "Mcclure's Spicy Whole Pickles 720g",
    "COL Price": 8,
    "COL ppu": "$11.11 per 1Kg",
    "COL Size": "720g"
  },
  {
    "Brand_Product_Size": "Nice & Natural Protein Nut Bar Dark Choco Cacao 40g",
    "COL Price": 2.3,
    "COL ppu": "$5.75 per 100G",
    "COL Size": "40g"
  },
  {
    "Brand_Product_Size": "Cenovis Glucosamine & Fish Oil Capsules 200 pack",
    "COL Price": 25,
    "COL ppu": "$0.13 per 1Ea",
    "COL Size": "200 pack"
  },
  {
    "Brand_Product_Size": "Coles Extra Virgin Avocado Oil 250mL",
    "COL Price": 6,
    "COL ppu": "$2.40 per 100mL",
    "COL Size": "250mL"
  },
  {
    "Brand_Product_Size": "Raw Earth Stevia And Monkfruit Sweetener Canister 200g",
    "COL Price": 8,
    "COL ppu": "$4.00 per 100G",
    "COL Size": "200g"
  },
  {
    "Brand_Product_Size": "My Life Bio Cheese Dairy Free Cheddar Flavour Slices 200g",
    "COL Price": 8,
    "COL ppu": "$40.00 per 1Kg",
    "COL Size": "200g"
  },
  {
    "Brand_Product_Size": "Coles Croissants 12 Pack 900g",
    "COL Price": 10,
    "COL ppu": "$1.11 per 100G",
    "COL Size": "900g"
  },
  {
    "Brand_Product_Size": "Wild Tides Spicy Chilli Fished Tuna 95g",
    "COL Price": 1,
    "COL ppu": "$10.53 per 1Kg",
    "COL Size": "95g"
  },
  {
    "Brand_Product_Size": "Outback Spirit Gluten Free Tomato Chutney 285g",
    "COL Price": 3,
    "COL ppu": "$1.05 per 100G",
    "COL Size": "285g"
  },
  {
    "Brand_Product_Size": "Tom & Luke Snackaballs Beetroot & Raspberry Pot 224g",
    "COL Price": 7,
    "COL ppu": "$3.13 per 100G",
    "COL Size": "224g"
  },
  {
    "Brand_Product_Size": "Coles Coleslaw Dressing 300mL",
    "COL Price": 1.8,
    "COL ppu": "$0.60 per 100mL",
    "COL Size": "300mL"
  },
  {
    "Brand_Product_Size": "Peters Plant Based Vanilla 1.2L",
    "COL Price": 7.6,
    "COL ppu": "$0.63 per 100mL",
    "COL Size": "1.2L"
  },
  {
    "Brand_Product_Size": "Coles Tuna Chunks in Olive Oil Blend 95g",
    "COL Price": 0.9,
    "COL ppu": "$9.47 per 1Kg",
    "COL Size": "95g"
  },
  {
    "Brand_Product_Size": "S&W Cage Free Mayonnaise 880g",
    "COL Price": 9.5,
    "COL ppu": "$1.08 per 100G",
    "COL Size": "880g"
  },
  {
    "Brand_Product_Size": "SPC Puree & Simple Apple & Strawberry 4x90g Pouches 360g",
    "COL Price": 4,
    "COL ppu": "$11.11 per 1Kg",
    "COL Size": "360g"
  },
  {
    "Brand_Product_Size": "Dove Men's Antiperspirant Deodorant Invisible Dry 250mL",
    "COL Price": 7,
    "COL ppu": "$2.80 per 100mL",
    "COL Size": "250mL"
  },
  {
    "Brand_Product_Size": "Coles Deli Small BBQ Pasta Salad each",
    "COL Price": 5,
    "COL ppu": "$5.00 per 1Ea",
    "COL Size": "each"
  },
  {
    "Brand_Product_Size": "Daley Street Medium/Dark Aluminium Nespresso Compatible Coffee Capsules 30 pack",
    "COL Price": 12,
    "COL ppu": "$0.40 per 1Ea",
    "COL Size": "30 pack"
  },
  {
    "Brand_Product_Size": "Pauls Smarter White Milk 2L",
    "COL Price": 3.5,
    "COL ppu": "$1.75 per 1L",
    "COL Size": "2L"
  },
  {
    "Brand_Product_Size": "Lee Kum Kee Chicken Marinade Sauce 410mL",
    "COL Price": 4.35,
    "COL ppu": "$1.06 per 100mL",
    "COL Size": "410mL"
  },
  {
    "Brand_Product_Size": "Nexba Sugar Free Passionfruit Sparkling Infusion 1L",
    "COL Price": 2.65,
    "COL ppu": "$2.65 per 1L",
    "COL Size": "1L"
  },
  {
    "Brand_Product_Size": "White Glo White Accelerator Blue Light Teeth Whitening System 1 pack",
    "COL Price": 17.5,
    "COL ppu": "$17.50 per 1Ea",
    "COL Size": "1 pack"
  },
  {
    "Brand_Product_Size": "Wrigley's Eclipse Sugar Free Spearmint Mints Large Tin 40g",
    "COL Price": 3,
    "COL ppu": "$7.50 per 100G",
    "COL Size": "40g"
  },
  {
    "Brand_Product_Size": "Head & Shoulders Shampoo Dry Scalp 200mL",
    "COL Price": 7,
    "COL ppu": "$3.50 per 100mL",
    "COL Size": "200mL"
  },
  {
    "Brand_Product_Size": "Frantelle The Perfect Traveller Spring Water 600ml 12 pack",
    "COL Price": 5.5,
    "COL ppu": "$0.76 per 1L",
    "COL Size": "12 pack"
  },
  {
    "Brand_Product_Size": "Moro Primero Extra Virgin Olive Oil 500mL",
    "COL Price": 7,
    "COL ppu": "$1.40 per 100mL",
    "COL Size": "500mL"
  },
  {
    "Brand_Product_Size": "Coles Garlic Prawn Skewers Made With Aussie Prawns Thawed 5Pk 5 pack",
    "COL Price": 12.5,
    "COL ppu": "$2.50 per 1Ea",
    "COL Size": "5 pack"
  },
  {
    "Brand_Product_Size": "Baby U Cushie Tushie Padded Toilet Training Set each",
    "COL Price": 15,
    "COL ppu": "$15.00 per 1Ea",
    "COL Size": "each"
  },
  {
    "Brand_Product_Size": "Carman's Original Fruit Free Muesli Bars 540g",
    "COL Price": 9,
    "COL ppu": "$1.67 per 100G",
    "COL Size": "540g"
  },
  {
    "Brand_Product_Size": "Duracell Coppertop AA4 Batteries 4 pack",
    "COL Price": 5.5,
    "COL ppu": "$1.38 per 1Ea",
    "COL Size": "4 pack"
  },
  {
    "Brand_Product_Size": "Devondale Salted Butter 250g",
    "COL Price": 4,
    "COL ppu": "$1.60 per 100G",
    "COL Size": "250g"
  },
  {
    "Brand_Product_Size": "Smash Tritan Drink Bottle each",
    "COL Price": 7,
    "COL ppu": "$7.00 per 1Ea",
    "COL Size": "each"
  },
  {
    "Brand_Product_Size": "Nivea Sun Ultra Beach 4 Hour Water Resistant Sunscreen Lotion Spray SPF50+ 200mL",
    "COL Price": 18.5,
    "COL ppu": "$9.25 per 100mL",
    "COL Size": "200mL"
  },
  {
    "Brand_Product_Size": "Coles Pacific Tuna Chunks Italian In Olive Oil 425g",
    "COL Price": 4,
    "COL ppu": "$9.41 per 1Kg",
    "COL Size": "425g"
  },
  {
    "Brand_Product_Size": "Sukin Revitalising Facial Scrub 125mL",
    "COL Price": 13,
    "COL ppu": "$10.40 per 100mL",
    "COL Size": "125mL"
  },
  {
    "Brand_Product_Size": "Cottee's Squeezy Strawberry Flavoured Topping 575g",
    "COL Price": 3.2,
    "COL ppu": "$0.56 per 100G",
    "COL Size": "575g"
  },
  {
    "Brand_Product_Size": "Gravox Saucery White Sauce Mix 29g",
    "COL Price": 1.1,
    "COL ppu": "$0.38 per 10G",
    "COL Size": "29g"
  },
  {
    "Brand_Product_Size": "Gravox Chicken Gravy Mix 120g",
    "COL Price": 3.5,
    "COL ppu": "$0.29 per 10G",
    "COL Size": "120g"
  },
  {
    "Brand_Product_Size": "Olay Regenerist Revitalising  Moisturiser Lotion SPF 15+ 75mL",
    "COL Price": 32.5,
    "COL ppu": "$43.33 per 100mL",
    "COL Size": "75mL"
  },
  {
    "Brand_Product_Size": "Bushells Blue Label Black Tea Bags 50 pack",
    "COL Price": 2,
    "COL ppu": "$0.04 per 1Ea",
    "COL Size": "50 pack"
  },
  {
    "Brand_Product_Size": "Coles Bakery Vietnamese Rolls 6 pack",
    "COL Price": 2,
    "COL ppu": "$0.33 per 1Ea",
    "COL Size": "6 pack"
  },
  {
    "Brand_Product_Size": "Maseur Men's Heel and Arch Support 1 pair",
    "COL Price": 12.95,
    "COL ppu": "$12.95 per 1Ea",
    "COL Size": "1 pair"
  },
  {
    "Brand_Product_Size": "Swisse High Strength C 150 pack",
    "COL Price": 40,
    "COL ppu": "$0.27 per 1Ea",
    "COL Size": "150 pack"
  },
  {
    "Brand_Product_Size": "McCain Rosemary Sea Salt Delish Chips 600g",
    "COL Price": 4.3,
    "COL ppu": "$7.17 per 1Kg",
    "COL Size": "600g"
  },
  {
    "Brand_Product_Size": "Arnott's Original Cruskits 125g",
    "COL Price": 3.5,
    "COL ppu": "$2.80 per 100G",
    "COL Size": "125g"
  },
  {
    "Brand_Product_Size": "Fancy Feast Classic Cod Sole & Shrimp Canned Cat Food 85g",
    "COL Price": 1.45,
    "COL ppu": "$1.71 per 100G",
    "COL Size": "85g"
  },
  {
    "Brand_Product_Size": "Cottee's Lemon Cordial 1L",
    "COL Price": 4.2,
    "COL ppu": "$4.20 per 1L",
    "COL Size": "1L"
  },
  {
    "Brand_Product_Size": "Bulla Sour Cream 200mL",
    "COL Price": 2.7,
    "COL ppu": "$1.35 per 100mL",
    "COL Size": "200mL"
  },
  {
    "Brand_Product_Size": "Coles Traditional Roast Potatoes 650g",
    "COL Price": 3.3,
    "COL ppu": "$5.08 per 1Kg",
    "COL Size": "650g"
  },
  {
    "Brand_Product_Size": "Dairy Farmers A2 Goodness Chocolate Milk 300mL",
    "COL Price": 1.9,
    "COL ppu": "$6.33 per 1L",
    "COL Size": "300mL"
  },
  {
    "Brand_Product_Size": "Biostime Premium Organic Toddler Milk Drink 800g",
    "COL Price": 33.3,
    "COL ppu": "$4.16 per 100G",
    "COL Size": "800g"
  },
  {
    "Brand_Product_Size": "Coles Thawed Seafood Sardines Whole approx. 350g",
    "COL Price": 3.15,
    "COL ppu": "$9.00 per 1Kg",
    "COL Size": "approx. 350g"
  },
  {
    "Brand_Product_Size": "Youfoodz Roast Chicken & Creamy Leek Sauce 314g",
    "COL Price": 9.95,
    "COL ppu": "$3.17 per 100G",
    "COL Size": "314g"
  },
  {
    "Brand_Product_Size": "Coles Bake & Create Pink Flower Icing Decorations 16 piece",
    "COL Price": 3,
    "COL ppu": "$0.19 per 1Ea",
    "COL Size": "16 piece"
  },
  {
    "Brand_Product_Size": "Three Threes Peppered Onions Pickled 500g",
    "COL Price": 4.2,
    "COL ppu": "$0.84 per 100G",
    "COL Size": "500g"
  },
  {
    "Brand_Product_Size": "Dove Men + Care Clinical Protection Antiperspirant Clean Comfort Deodorant 180mL",
    "COL Price": 10,
    "COL ppu": "$5.56 per 100mL",
    "COL Size": "180mL"
  },
  {
    "Brand_Product_Size": "Coles English Sliced Ham 400g",
    "COL Price": 5.5,
    "COL ppu": "$13.75 per 1Kg",
    "COL Size": "400g"
  },
  {
    "Brand_Product_Size": "Lee Kum Kee Chiu Chow Chilli Oil 205g",
    "COL Price": 3.6,
    "COL ppu": "$17.56 per 1Kg",
    "COL Size": "205g"
  },
  {
    "Brand_Product_Size": "Poise Light Liners 18 pack",
    "COL Price": 3,
    "COL ppu": "$0.17 per 1Ea",
    "COL Size": "18 pack"
  },
  {
    "Brand_Product_Size": "Yates Weed N Feed Granular 5kg",
    "COL Price": 12,
    "COL ppu": "$2.40 per 1Kg",
    "COL Size": "5kg"
  },
  {
    "Brand_Product_Size": "Coles Pesto Pasta & Fetta 375g",
    "COL Price": 3,
    "COL ppu": "$0.80 per 100G",
    "COL Size": "375g"
  },
  {
    "Brand_Product_Size": "Allen's Pineapples 170g",
    "COL Price": 3,
    "COL ppu": "$1.76 per 100G",
    "COL Size": "170g"
  },
  {
    "Brand_Product_Size": "Cottee's Blackberry Jam 500g",
    "COL Price": 2.8,
    "COL ppu": "$0.56 per 100G",
    "COL Size": "500g"
  },
  {
    "Brand_Product_Size": "Schweppes Lemonade Multipack Cans 375mL 24 pack",
    "COL Price": 24.55,
    "COL ppu": "$2.73 per 1L",
    "COL Size": "24 pack"
  },
  {
    "Brand_Product_Size": "Fruit Co Juice Plus + Grape 2L",
    "COL Price": 2.75,
    "COL ppu": "$1.38 per 1L",
    "COL Size": "2L"
  },
  {
    "Brand_Product_Size": "Neutrogena Hydro Boost Water Gel 50g",
    "COL Price": 27,
    "COL ppu": "$54.00 per 100G",
    "COL Size": "50g"
  },
  {
    "Brand_Product_Size": "Duracell Watch 1.5V 377 376 Battery 1 pack",
    "COL Price": 4,
    "COL ppu": "$4.00 per 1Ea",
    "COL Size": "1 pack"
  },
  {
    "Brand_Product_Size": "Pureau Ultra Pure Water 5L",
    "COL Price": 5.15,
    "COL ppu": "$1.03 per 1L",
    "COL Size": "5L"
  },
  {
    "Brand_Product_Size": "Nature's Gift Strips Gravy Style Kangaroo Dog Food 100g 9 pack",
    "COL Price": 8.5,
    "COL ppu": "$0.94 per 100G",
    "COL Size": "9 pack"
  },
  {
    "Brand_Product_Size": "Core Power Foods Spice It Up 350g",
    "COL Price": 9,
    "COL ppu": "$2.57 per 100G",
    "COL Size": "350g"
  },
  {
    "Brand_Product_Size": "Palmolive Luminous Oils Rosehip & Patchouli 400mL",
    "COL Price": 6,
    "COL ppu": "$1.50 per 100mL",
    "COL Size": "400mL"
  },
  {
    "Brand_Product_Size": "McCain Frozen Ham & Pineapple Pizza Slices 6 pack 600g",
    "COL Price": 7.5,
    "COL ppu": "$1.25 per 100G",
    "COL Size": "600g"
  },
  {
    "Brand_Product_Size": "Palmolive Antibacterial Liquid Handwash 250mL",
    "COL Price": 2.8,
    "COL ppu": "$1.12 per 100mL",
    "COL Size": "250mL"
  },
  {
    "Brand_Product_Size": "Aware Sensitive Concentrate Laundry Liquid 1.25L",
    "COL Price": 8.95,
    "COL ppu": "$7.16 per 1L",
    "COL Size": "1.25L"
  },
  {
    "Brand_Product_Size": "Weight Watchers Macadamia & Cranberry Bars 136g",
    "COL Price": 3.75,
    "COL ppu": "$2.76 per 100G",
    "COL Size": "136g"
  },
  {
    "Brand_Product_Size": "MasterFoods Garlic & Onion With Italian Herbs 170g",
    "COL Price": 3,
    "COL ppu": "$0.18 per 10G",
    "COL Size": "170g"
  },
  {
    "Brand_Product_Size": "L'Oreal Paris C'est Magic BB Cream Medium Dark 30mL",
    "COL Price": 17.5,
    "COL ppu": "$5.83 per 10mL",
    "COL Size": "30mL"
  },
  {
    "Brand_Product_Size": "John West Sardines in Oil 110g",
    "COL Price": 2.2,
    "COL ppu": "$20.00 per 1Kg",
    "COL Size": "110g"
  },
  {
    "Brand_Product_Size": "Lucky Hazelnut Kernels 125g",
    "COL Price": 5,
    "COL ppu": "$40.00 per 1Kg",
    "COL Size": "125g"
  },
  {
    "Brand_Product_Size": "Que Cola No Sugar Cola 1.25L",
    "COL Price": 1,
    "COL ppu": "$0.80 per 1L",
    "COL Size": "1.25L"
  },
  {
    "Brand_Product_Size": "Expo Whiteboard Bullet Assorted 4 pack",
    "COL Price": 11.5,
    "COL ppu": "$2.88 per 1Ea",
    "COL Size": "4 pack"
  },
  {
    "Brand_Product_Size": "Red Tractor Tricolour Quinoa Grain 600g",
    "COL Price": 10,
    "COL ppu": "$1.67 per 100G",
    "COL Size": "600g"
  },
  {
    "Brand_Product_Size": "Keep It Cleaner Nut Butter Filled Balls Honey Almond & Almond Butter Filling 40g",
    "COL Price": 3.5,
    "COL ppu": "$8.75 per 100G",
    "COL Size": "40g"
  },
  {
    "Brand_Product_Size": "Memori Puff Paratha Original 480g",
    "COL Price": 5.04,
    "COL ppu": "$1.05 per 100G",
    "COL Size": "480g"
  },
  {
    "Brand_Product_Size": "Bundaberg Diet Ginger Beer Multipack Bottles 375mL 4 pack",
    "COL Price": 6.35,
    "COL ppu": "$4.23 per 1L",
    "COL Size": "4 pack"
  },
  {
    "Brand_Product_Size": "Heinz Beanz English Recipe 555g",
    "COL Price": 2.5,
    "COL ppu": "$0.45 per 100G",
    "COL Size": "555g"
  },
  {
    "Brand_Product_Size": "Cenovis Mega E 500IU Capsules 250 pack",
    "COL Price": 37,
    "COL ppu": "$0.15 per 1Ea",
    "COL Size": "250 pack"
  },
  {
    "Brand_Product_Size": "Isocol Antiseptic Rubbing Alcohol 345mL",
    "COL Price": 10.5,
    "COL ppu": "$3.04 per 100mL",
    "COL Size": "345mL"
  },
  {
    "Brand_Product_Size": "Mother's Day Can Cooler each",
    "COL Price": 4,
    "COL ppu": "$4.00 per 1Ea",
    "COL Size": "each"
  },
  {
    "Brand_Product_Size": "Bulla Frozen Icecream Vanilla Cream Choc Bars 10 Pack 768mL",
    "COL Price": 7,
    "COL ppu": "$0.91 per 100mL",
    "COL Size": "768mL"
  },
  {
    "Brand_Product_Size": "Coles Sliced Mushrooms Medley 250g",
    "COL Price": 6,
    "COL ppu": "$24.00 per 1Kg",
    "COL Size": "250g"
  },
  {
    "Brand_Product_Size": "McCain Bubble and Squeak 620g",
    "COL Price": 3,
    "COL ppu": "$0.48 per 100G",
    "COL Size": "620g"
  },
  {
    "Brand_Product_Size": "Queen Glamour & Sparkle Sprinkles 115g",
    "COL Price": 4,
    "COL ppu": "$3.48 per 100G",
    "COL Size": "115g"
  },
  {
    "Brand_Product_Size": "Royal Fields Baked Chilli Rice Crackers 350g",
    "COL Price": 4,
    "COL ppu": "$1.14 per 100G",
    "COL Size": "350g"
  },
  {
    "Brand_Product_Size": "Coles Unicorn Cups 10 pack",
    "COL Price": 2.5,
    "COL ppu": "$0.25 per 1Ea",
    "COL Size": "10 pack"
  },
  {
    "Brand_Product_Size": "Sunkist Orange Crush 1.25L",
    "COL Price": 1.3,
    "COL ppu": "$1.04 per 1L",
    "COL Size": "1.25L"
  },
  {
    "Brand_Product_Size": "Whittaker's Salted Caramel Dark Chocolate 250g",
    "COL Price": 6,
    "COL ppu": "$2.40 per 100G",
    "COL Size": "250g"
  },
  {
    "Brand_Product_Size": "Coles Fresh Seafood Flathead Fillet approx. 120g",
    "COL Price": 7.2,
    "COL ppu": "$60.00 per 1Kg",
    "COL Size": "approx. 120g"
  },
  {
    "Brand_Product_Size": "Annalisa Black Beans 400g",
    "COL Price": 1.5,
    "COL ppu": "$0.38 per 100G",
    "COL Size": "400g"
  },
  {
    "Brand_Product_Size": "Coles Coarse Salt Refill Bag 500g",
    "COL Price": 2,
    "COL ppu": "$0.04 per 10G",
    "COL Size": "500g"
  },
  {
    "Brand_Product_Size": "Nerada Leaf Tea 250g",
    "COL Price": 3,
    "COL ppu": "$1.20 per 100G",
    "COL Size": "250g"
  },
  {
    "Brand_Product_Size": "Toni & Guy Sky High Volume Dry Shampoo 250mL",
    "COL Price": 16,
    "COL ppu": "$6.40 per 100mL",
    "COL Size": "250mL"
  },
  {
    "Brand_Product_Size": "Sukin Natural Balance Shampoo 1L",
    "COL Price": 28,
    "COL ppu": "$2.80 per 100mL",
    "COL Size": "1L"
  },
  {
    "Brand_Product_Size": "Colgate Slim Soft Advance Gold Manual Toothbrush 1 pack",
    "COL Price": 6,
    "COL ppu": "$6.00 per 1Ea",
    "COL Size": "1 pack"
  },
  {
    "Brand_Product_Size": "Mentos Caramel Choco Roll each",
    "COL Price": 1,
    "COL ppu": "$2.63 per 100G",
    "COL Size": "each"
  },
  {
    "Brand_Product_Size": "Smash Tritan Bottle With Removable Infuser each",
    "COL Price": 12,
    "COL ppu": "$12.00 per 1Ea",
    "COL Size": "each"
  },
  {
    "Brand_Product_Size": "Geelong Brush Broom With Handle each",
    "COL Price": 8,
    "COL ppu": "$8.00 per 1Ea",
    "COL Size": "each"
  },
  {
    "Brand_Product_Size": "Tresemme Ultimate Hold Hairspray Lacquer 360g",
    "COL Price": 5.7,
    "COL ppu": "$1.58 per 100G",
    "COL Size": "360g"
  },
  {
    "Brand_Product_Size": "Mersey Valley Classic Cheddar Cheese 235g",
    "COL Price": 5.5,
    "COL ppu": "$23.41 per 1Kg",
    "COL Size": "235g"
  },
  {
    "Brand_Product_Size": "Voss Lime Mint Flavoured Sparkling Water 375mL",
    "COL Price": 3.2,
    "COL ppu": "$0.85 per 100mL",
    "COL Size": "375mL"
  },
  {
    "Brand_Product_Size": "Mother's Day Ceramic Travel Mug each",
    "COL Price": 7,
    "COL ppu": "$7.00 per 1Ea",
    "COL Size": "each"
  },
  {
    "Brand_Product_Size": "Coles Kitchen Creamy Carbonara Sauce 425g",
    "COL Price": 4.2,
    "COL ppu": "$0.99 per 100G",
    "COL Size": "425g"
  },
  {
    "Brand_Product_Size": "Coles Chipotle Sasonador Mexico Seasoning 40g",
    "COL Price": 1.5,
    "COL ppu": "$0.38 per 10G",
    "COL Size": "40g"
  },
  {
    "Brand_Product_Size": "Woofin Good Dental Dog Treat Medium Large Dog 4 pack",
    "COL Price": 6,
    "COL ppu": "$1.50 per 1Ea",
    "COL Size": "4 pack"
  },
  {
    "Brand_Product_Size": "Cook & Dine Lamington Tray each",
    "COL Price": 6,
    "COL ppu": "$6.00 per 1Ea",
    "COL Size": "each"
  },
  {
    "Brand_Product_Size": "Coles Lamb Cutlets approx. 775g",
    "COL Price": 26.35,
    "COL ppu": "$34.00 per 1Kg",
    "COL Size": "approx. 775g"
  },
  {
    "Brand_Product_Size": "The Grove Extra Virgin Avocado Oil 250mL",
    "COL Price": 12,
    "COL ppu": "$4.80 per 100mL",
    "COL Size": "250mL"
  },
  {
    "Brand_Product_Size": "Crosse & Blackwell Tangy Mayonnaise 375mL",
    "COL Price": 5.85,
    "COL ppu": "$1.56 per 100mL",
    "COL Size": "375mL"
  },
  {
    "Brand_Product_Size": "Yates Pyrethrum Insect Pest Gun 750mL each",
    "COL Price": 6.32,
    "COL ppu": "$6.32 per 1Ea",
    "COL Size": "each"
  },
  {
    "Brand_Product_Size": "Coles Candle No 4 each",
    "COL Price": 1.5,
    "COL ppu": "$1.50 per 1Ea",
    "COL Size": "each"
  },
  {
    "Brand_Product_Size": "Pampas Frozen Butter Puff Pastry Sheets 3 Pieces 550g",
    "COL Price": 5.35,
    "COL ppu": "$0.97 per 100G",
    "COL Size": "550g"
  },
  {
    "Brand_Product_Size": "Duru Brown Coarse Bulgur 1kg",
    "COL Price": 3,
    "COL ppu": "$3.00 per 1Kg",
    "COL Size": "1kg"
  },
  {
    "Brand_Product_Size": "180 Degrees Hazelnut Oat Crackers 150g",
    "COL Price": 5.5,
    "COL ppu": "$3.67 per 100G",
    "COL Size": "150g"
  },
  {
    "Brand_Product_Size": "L'Oreal Elvive Smooth-Intense Conditioner 700mL",
    "COL Price": 10,
    "COL ppu": "$1.43 per 100mL",
    "COL Size": "700mL"
  },
  {
    "Brand_Product_Size": "Bref Active Power Toilet Cleaner Lavender 50g",
    "COL Price": 5,
    "COL ppu": "$10.00 per 100G",
    "COL Size": "50g"
  },
  {
    "Brand_Product_Size": "Mainland Butter Soft Salt Reduced Spreadable Butter 375g",
    "COL Price": 6.25,
    "COL ppu": "$1.67 per 100G",
    "COL Size": "375g"
  },
  {
    "Brand_Product_Size": "Coles Bananas approx. 180g each",
    "COL Price": 0.81,
    "COL ppu": "$4.50 per 1Kg",
    "COL Size": "approx. 180g each"
  },
  {
    "Brand_Product_Size": "Redheads Tennis Matches 45 pack",
    "COL Price": 0.3,
    "COL ppu": "$0.67 per 100Ea",
    "COL Size": "45 pack"
  },
  {
    "Brand_Product_Size": "Coles Chestnuts approx. 200g",
    "COL Price": 1.98,
    "COL ppu": "$9.90 per 1Kg",
    "COL Size": "approx. 200g"
  },
  {
    "Brand_Product_Size": "Sera Stuffed Eggplants 300g",
    "COL Price": 3.8,
    "COL ppu": "$1.27 per 100G",
    "COL Size": "300g"
  },
  {
    "Brand_Product_Size": "Herbal Essences Drama Clean Conditioner 300mL",
    "COL Price": 6.5,
    "COL ppu": "$2.17 per 100mL",
    "COL Size": "300mL"
  },
  {
    "Brand_Product_Size": "Powerade Active Water Lemon Sports Drink 600mL",
    "COL Price": 3.6,
    "COL ppu": "$6.00 per 1L",
    "COL Size": "600mL"
  },
  {
    "Brand_Product_Size": "Deeko White Serviettes 80 pack",
    "COL Price": 1.6,
    "COL ppu": "$2.00 per 100Ea",
    "COL Size": "80 pack"
  },
  {
    "Brand_Product_Size": "Coles Thawed Seafood Scallop Meat approx. 250g",
    "COL Price": 10.5,
    "COL ppu": "$42.00 per 1Kg",
    "COL Size": "approx. 250g"
  },
  {
    "Brand_Product_Size": "Coles Unsweetened Almond Milk 1L",
    "COL Price": 2,
    "COL ppu": "$2.00 per 1L",
    "COL Size": "1L"
  },
  {
    "Brand_Product_Size": "Twining's Blackcurrant & Blueberry Tea Bags 10 pack",
    "COL Price": 2.9,
    "COL ppu": "$0.29 per 1Ea",
    "COL Size": "10 pack"
  },
  {
    "Brand_Product_Size": "Mission Deli Style White Corn Strips 500g",
    "COL Price": 5.5,
    "COL ppu": "$1.10 per 100G",
    "COL Size": "500g"
  },
  {
    "Brand_Product_Size": "Coles Carrots Prepacked 1kg",
    "COL Price": 2,
    "COL ppu": "$2.00 per 1Kg",
    "COL Size": "1kg"
  },
  {
    "Brand_Product_Size": "Arnott's Tim Tam Crafted Coffee & Chocolate Biscuits 160g",
    "COL Price": 4,
    "COL ppu": "$2.50 per 100G",
    "COL Size": "160g"
  },
  {
    "Brand_Product_Size": "Ultimates Indulge Whitemeat Tuna & Chicken Liver Adult Cat Food 85g",
    "COL Price": 1.2,
    "COL ppu": "$1.41 per 100G",
    "COL Size": "85g"
  },
  {
    "Brand_Product_Size": "Connoisseur Classic Vanilla Gourmet Ice Cream Tub 1L",
    "COL Price": 7.5,
    "COL ppu": "$7.50 per 1L",
    "COL Size": "1L"
  },
  {
    "Brand_Product_Size": "Olay Daily Facials Hydrating Cleansing Cloths 33 pack",
    "COL Price": 15,
    "COL ppu": "$0.45 per 1Ea",
    "COL Size": "33 pack"
  },
  {
    "Brand_Product_Size": "Wonder White Bread + Vitamins Toast 700g",
    "COL Price": 3.4,
    "COL ppu": "$0.49 per 100G",
    "COL Size": "700g"
  },
  {
    "Brand_Product_Size": "Obento Sliced Pickled Ginger Amazu Shoga 100g",
    "COL Price": 1.65,
    "COL ppu": "$16.50 per 1Kg",
    "COL Size": "100g"
  },
  {
    "Brand_Product_Size": "Califia Farms Gluten Free Unsweetened Almond Milk 750mL",
    "COL Price": 3.22,
    "COL ppu": "$4.29 per 1L",
    "COL Size": "750mL"
  },
  {
    "Brand_Product_Size": "Chrystal Fresh Trio Of Cheese Selection 335g",
    "COL Price": 9.5,
    "COL ppu": "$28.36 per 1Kg",
    "COL Size": "335g"
  },
  {
    "Brand_Product_Size": "Nestle NAN Supreme Stage 2 Formula 800g",
    "COL Price": 24,
    "COL ppu": "$3.00 per 100G",
    "COL Size": "800g"
  },
  {
    "Brand_Product_Size": "Babylove Unisex Cosifit Toddler Jumbo Nappy 9-14 Kg Size 4 69 pack",
    "COL Price": 25,
    "COL ppu": "$0.36 per 1Ea",
    "COL Size": "69 pack"
  },
  {
    "Brand_Product_Size": "Bega Crunchy Peanut Butter 470g",
    "COL Price": 5.9,
    "COL ppu": "$1.26 per 100G",
    "COL Size": "470g"
  },
  {
    "Brand_Product_Size": "Fussy Cat Cat Food Pouch Little & Big Bites 80g 12 pack",
    "COL Price": 12.5,
    "COL ppu": "$1.30 per 100G",
    "COL Size": "12 pack"
  },
  {
    "Brand_Product_Size": "Goulburn Valley Two Fruits In Juice 170g 2 pack",
    "COL Price": 4,
    "COL ppu": "$1.18 per 100G",
    "COL Size": "2 pack"
  },
  {
    "Brand_Product_Size": "Coca-Cola Sprite Soft Drink Lemon Lime 600mL",
    "COL Price": 3.75,
    "COL ppu": "$6.25 per 1L",
    "COL Size": "600mL"
  },
  {
    "Brand_Product_Size": "Robert Timms Cafe Series Arabica Medium Roast Coffee Bags 10 Pack 58g",
    "COL Price": 2.97,
    "COL ppu": "$0.51 per 10G",
    "COL Size": "58g"
  },
  {
    "Brand_Product_Size": "Bic Turn & Colour Crayons 12 pack",
    "COL Price": 3.6,
    "COL ppu": "$0.30 per 1Ea",
    "COL Size": "12 pack"
  },
  {
    "Brand_Product_Size": "Coles Fruit Salad In Syrup 825g",
    "COL Price": 2,
    "COL ppu": "$2.42 per 1Kg",
    "COL Size": "825g"
  },
  {
    "Brand_Product_Size": "Bega Crunchy Peanut Butter 325g",
    "COL Price": 4,
    "COL ppu": "$1.23 per 100G",
    "COL Size": "325g"
  },
  {
    "Brand_Product_Size": "Bref Blue Active Toilet Cleaner Eucalyptus 50g",
    "COL Price": 3,
    "COL ppu": "$6.00 per 100G",
    "COL Size": "50g"
  },
  {
    "Brand_Product_Size": "Fry's Frozen Meat Free Battered Prawn Style Pieces 250g",
    "COL Price": 3,
    "COL ppu": "$1.20 per 100G",
    "COL Size": "250g"
  },
  {
    "Brand_Product_Size": "Rimmel Wonder Ink Eyeliner 1 pack",
    "COL Price": 10.2,
    "COL ppu": "$10.20 per 1Ea",
    "COL Size": "1 pack"
  },
  {
    "Brand_Product_Size": "Coles I? M Free From Choc Chip Cookie 4 Pack 180g",
    "COL Price": 4,
    "COL ppu": "$2.22 per 100G",
    "COL Size": "180g"
  },
  {
    "Brand_Product_Size": "Hoyts Salted French Capers 265g",
    "COL Price": 3,
    "COL ppu": "$11.32 per 1Kg",
    "COL Size": "265g"
  },
  {
    "Brand_Product_Size": "Devondale Mozzarella Cheese Block 500g",
    "COL Price": 7.5,
    "COL ppu": "$15.00 per 1Kg",
    "COL Size": "500g"
  },
  {
    "Brand_Product_Size": "Cadbury Oreo Cheesecake 425g",
    "COL Price": 9.75,
    "COL ppu": "$2.29 per 100G",
    "COL Size": "425g"
  },
  {
    "Brand_Product_Size": "Saxa Iodised Table Salt 750g",
    "COL Price": 2.95,
    "COL ppu": "$0.04 per 10G",
    "COL Size": "750g"
  },
  {
    "Brand_Product_Size": "Cook & Dine 2 Sections Food Containers 1.5L 6 pack",
    "COL Price": 5,
    "COL ppu": "$0.83 per 1Ea",
    "COL Size": "6 pack"
  },
  {
    "Brand_Product_Size": "L'Oreal Paris Infallible Concealer Vanilla 11mL",
    "COL Price": 21,
    "COL ppu": "$19.09 per 10mL",
    "COL Size": "11mL"
  },
  {
    "Brand_Product_Size": "Coles Finest Filled Pasta Pork Fennel 350g",
    "COL Price": 5,
    "COL ppu": "$1.43 per 100G",
    "COL Size": "350g"
  },
  {
    "Brand_Product_Size": "Great Ocean Road Chocolate Flavoured Milk 2L",
    "COL Price": 3.85,
    "COL ppu": "$1.93 per 1L",
    "COL Size": "2L"
  },
  {
    "Brand_Product_Size": "Pringles Minis Original Salted Potato Chips 5 pack 95g",
    "COL Price": 3.2,
    "COL ppu": "$3.37 per 100G",
    "COL Size": "95g"
  },
  {
    "Brand_Product_Size": "Campbell's V8 Breakfast Juice Box 250mL 3 pack",
    "COL Price": 3,
    "COL ppu": "$1.00 per 1Ea",
    "COL Size": "3 pack"
  },
  {
    "Brand_Product_Size": "Coles Finest Almond Coconut Cranberry Chocolate Thins 110g",
    "COL Price": 3.5,
    "COL ppu": "$3.18 per 100G",
    "COL Size": "110g"
  },
  {
    "Brand_Product_Size": "Coles Smoked Salmon 75g",
    "COL Price": 4,
    "COL ppu": "$53.34 per 1Kg",
    "COL Size": "75g"
  },
  {
    "Brand_Product_Size": "Morning Fresh Lime Dishwashing Liquid 400mL",
    "COL Price": 2.15,
    "COL ppu": "$0.54 per 100mL",
    "COL Size": "400mL"
  },
  {
    "Brand_Product_Size": "Colman's Bramley Apple Sauce 155g",
    "COL Price": 4,
    "COL ppu": "$2.58 per 100G",
    "COL Size": "155g"
  },
  {
    "Brand_Product_Size": "Sunrice Jasmine Microwavable Rice 250g",
    "COL Price": 2.5,
    "COL ppu": "$1.00 per 100G",
    "COL Size": "250g"
  },
  {
    "Brand_Product_Size": "Sera Okra In Brine 680g",
    "COL Price": 4.65,
    "COL ppu": "$0.68 per 100G",
    "COL Size": "680g"
  },
  {
    "Brand_Product_Size": "Twinings Lemon & Ginger Infusions Tea Bags 40 pack 60g",
    "COL Price": 7,
    "COL ppu": "$11.67 per 100G",
    "COL Size": "60g"
  },
  {
    "Brand_Product_Size": "Ocean Blue Sliced Smoked Salmon 100g",
    "COL Price": 6,
    "COL ppu": "$60.00 per 1Kg",
    "COL Size": "100g"
  },
  {
    "Brand_Product_Size": "Red Bull Energy Drink Can 473mL",
    "COL Price": 4.85,
    "COL ppu": "$10.25 per 1L",
    "COL Size": "473mL"
  },
  {
    "Brand_Product_Size": "Devondale Dairy Soft Tub Regular 250g",
    "COL Price": 3.5,
    "COL ppu": "$1.40 per 100G",
    "COL Size": "250g"
  },
  {
    "Brand_Product_Size": "Hercules Clickzip Sandwich Bags 18cm x 16.5cm 40 pack",
    "COL Price": 2,
    "COL ppu": "$0.05 per 1Ea",
    "COL Size": "40 pack"
  },
  {
    "Brand_Product_Size": "Coles Chicken Vegetable & Buckwheat Soup Pouch 430g",
    "COL Price": 2.7,
    "COL ppu": "$0.63 per 100G",
    "COL Size": "430g"
  },
  {
    "Brand_Product_Size": "Coles Soy Sauce 500mL",
    "COL Price": 1.9,
    "COL ppu": "$0.38 per 100mL",
    "COL Size": "500mL"
  },
  {
    "Brand_Product_Size": "Kiddylicious Veggie Straws 12g",
    "COL Price": 1.8,
    "COL ppu": "$15.00 per 100G",
    "COL Size": "12g"
  },
  {
    "Brand_Product_Size": "Finish 0% Ultimate Pro Dishwashing Tablets 17 pack",
    "COL Price": 9.5,
    "COL ppu": "$0.56 per 1Ea",
    "COL Size": "17 pack"
  },
  {
    "Brand_Product_Size": "Hershey's Cookies & Cream Tub 473mL",
    "COL Price": 6,
    "COL ppu": "$1.27 per 100mL",
    "COL Size": "473mL"
  },
  {
    "Brand_Product_Size": "Bulla Murray St Caramel Maple Macadamia Ice Cream Tub 460mL",
    "COL Price": 6,
    "COL ppu": "$1.30 per 100mL",
    "COL Size": "460mL"
  },
  {
    "Brand_Product_Size": "Mission Original  Mini Wraps 8 pack 384g",
    "COL Price": 5,
    "COL ppu": "$1.30 per 100G",
    "COL Size": "384g"
  },
  {
    "Brand_Product_Size": "Super Nature Super Pulses Wholemeal Sicilian Tuna Bake With Cannellini Beans 300g",
    "COL Price": 4,
    "COL ppu": "$1.33 per 100G",
    "COL Size": "300g"
  },
  {
    "Brand_Product_Size": "Nando's Peri Peri Lemon & Herb Rub 25g",
    "COL Price": 3,
    "COL ppu": "$1.20 per 10G",
    "COL Size": "25g"
  },
  {
    "Brand_Product_Size": "Messy Monkeys Salt And Vinegar Bites 160g",
    "COL Price": 7,
    "COL ppu": "$4.38 per 100G",
    "COL Size": "160g"
  },
  {
    "Brand_Product_Size": "Colgate Total Advanced Fresh Multi Benefit Toothpaste 200g",
    "COL Price": 8,
    "COL ppu": "$4.00 per 100G",
    "COL Size": "200g"
  },
  {
    "Brand_Product_Size": "Reflex Copy Paper A4 1 carton",
    "COL Price": 34.95,
    "COL ppu": "$34.95 per 1ea",
    "COL Size": "1 carton"
  },
  {
    "Brand_Product_Size": "Waterthins Classic Cheddar Cheese Twists  Biscuits 110g",
    "COL Price": 4,
    "COL ppu": "$3.64 per 100G",
    "COL Size": "110g"
  },
  {
    "Brand_Product_Size": "Ready For School Big Workbook Ages 6-7 each",
    "COL Price": 5,
    "COL ppu": "$5.00 per 1ea",
    "COL Size": "each"
  },
  {
    "Brand_Product_Size": "Oak Gold Caramel Flavoured Milk 500mL",
    "COL Price": 3.4,
    "COL ppu": "$6.80 per 1L",
    "COL Size": "500mL"
  },
  {
    "Brand_Product_Size": "Swisspers Cotton Balls 200 pack",
    "COL Price": 3.8,
    "COL ppu": "$1.90 per 100Ea",
    "COL Size": "200 pack"
  },
  {
    "Brand_Product_Size": "Aveeno Active Naturals Daily Moisturising Body Wash 354mL",
    "COL Price": 10,
    "COL ppu": "$2.82 per 100mL",
    "COL Size": "354mL"
  },
  {
    "Brand_Product_Size": "Coles Fresh Seafood Cooked Black Tiger Prawns approx. 250g",
    "COL Price": 7.5,
    "COL ppu": "$30.00 per 1Kg",
    "COL Size": "approx. 250g"
  },
  {
    "Brand_Product_Size": "Coles Bakery Multigrain Rolls 6 pack",
    "COL Price": 2,
    "COL ppu": "$0.33 per 1Ea",
    "COL Size": "6 pack"
  },
  {
    "Brand_Product_Size": "Coles Dark Chocolate Chocolatey Moments Biscuits 125g",
    "COL Price": 1.5,
    "COL ppu": "$1.20 per 100G",
    "COL Size": "125g"
  },
  {
    "Brand_Product_Size": "Streets Magnum Honeycomb Crunch Ice Cream Sticks 4 pack 428mL",
    "COL Price": 4.5,
    "COL ppu": "$1.05 per 100mL",
    "COL Size": "428mL"
  },
  {
    "Brand_Product_Size": "Whiskas Sardine & Prawn Adult Dry Cat Food 1.8kg",
    "COL Price": 9,
    "COL ppu": "$0.50 per 100G",
    "COL Size": "1.8kg"
  },
  {
    "Brand_Product_Size": "Tip Top Raisin Toast Bread 520g",
    "COL Price": 4,
    "COL ppu": "$0.77 per 100G",
    "COL Size": "520g"
  },
  {
    "Brand_Product_Size": "Mortein Mosquito Coil Burners 30 pack",
    "COL Price": 7.5,
    "COL ppu": "$0.25 per 1Ea",
    "COL Size": "30 pack"
  },
  {
    "Brand_Product_Size": "McCain Frozen Sweet Potato Chips 750g",
    "COL Price": 5.5,
    "COL ppu": "$7.33 per 1Kg",
    "COL Size": "750g"
  },
  {
    "Brand_Product_Size": "Lavazza Espresso Dek Cremoso Intensita 7 Decaffeinated Coffee Capsules 16 pack",
    "COL Price": 11,
    "COL ppu": "$0.69 per 1Ea",
    "COL Size": "16 pack"
  },
  {
    "Brand_Product_Size": "Golden Circle Breakfast Juice 2L",
    "COL Price": 3,
    "COL ppu": "$1.50 per 1L",
    "COL Size": "2L"
  },
  {
    "Brand_Product_Size": "Lieber's Fresh Crispy Delicious Party Pretzels 454g",
    "COL Price": 3.9,
    "COL ppu": "$1.15 per 100G",
    "COL Size": "454g"
  },
  {
    "Brand_Product_Size": "Keep It Cleaner Bliss Balls Peanut Butter Chocolate Chip 40g",
    "COL Price": 2.5,
    "COL ppu": "$6.25 per 100mL",
    "COL Size": "40g"
  },
  {
    "Brand_Product_Size": "Nestle Nesquik Cereal 650g",
    "COL Price": 7.5,
    "COL ppu": "$1.15 per 100G",
    "COL Size": "650g"
  },
  {
    "Brand_Product_Size": "South Cape Classic Marinated Fetta 350g",
    "COL Price": 10,
    "COL ppu": "$28.57 per 1Kg",
    "COL Size": "350g"
  },
  {
    "Brand_Product_Size": "Golden Circle Tropical Punch Fruit Drink Multipack 250mL 6 pack",
    "COL Price": 4.5,
    "COL ppu": "$0.75 per 1Ea",
    "COL Size": "6 pack"
  },
  {
    "Brand_Product_Size": "Grand Italian Gnocchi Spinach Ricotta 500g",
    "COL Price": 4.7,
    "COL ppu": "$0.94 per 100G",
    "COL Size": "500g"
  },
  {
    "Brand_Product_Size": "Coles Brown Rice Crackers 100g",
    "COL Price": 1.35,
    "COL ppu": "$1.35 per 100G",
    "COL Size": "100g"
  },
  {
    "Brand_Product_Size": "Coles Creamy Pumpkin Soup Pouch 430g",
    "COL Price": 2.7,
    "COL ppu": "$0.63 per 100mL",
    "COL Size": "430g"
  },
  {
    "Brand_Product_Size": "Coles Natures Kitchen Dark Choc Cookie Dough 480g",
    "COL Price": 6,
    "COL ppu": "$1.25 per 100G",
    "COL Size": "480g"
  },
  {
    "Brand_Product_Size": "Praise Dressing Honey Dijon Mustard Vinaigrette 250mL",
    "COL Price": 3.5,
    "COL ppu": "$1.40 per 100mL",
    "COL Size": "250mL"
  },
  {
    "Brand_Product_Size": "Coles Diced Australian Tomatoes 400g",
    "COL Price": 1,
    "COL ppu": "$2.50 per 1Kg",
    "COL Size": "400g"
  },
  {
    "Brand_Product_Size": "Coles Kent Pumpkin Whole approx. 4kg each",
    "COL Price": 6,
    "COL ppu": "$1.50 per 1Kg",
    "COL Size": "approx. 4kg each"
  },
  {
    "Brand_Product_Size": "Mount Zero Kalamata Olives 300g",
    "COL Price": 10,
    "COL ppu": "$3.33 per 100G",
    "COL Size": "300g"
  },
  {
    "Brand_Product_Size": "Cook & Dine Cooks Knife each",
    "COL Price": 6,
    "COL ppu": "$6.00 per 1Ea",
    "COL Size": "each"
  },
  {
    "Brand_Product_Size": "Nivea Men Everyday Active Aerosol Antiperspirant Deodorant 250mL",
    "COL Price": 6.5,
    "COL ppu": "$2.60 per 100mL",
    "COL Size": "250mL"
  },
  {
    "Brand_Product_Size": "Harris Strong Coffee Ground 1kg",
    "COL Price": 20,
    "COL ppu": "$2.00 per 100G",
    "COL Size": "1kg"
  },
  {
    "Brand_Product_Size": "Coles Deconstructed Rocky Road Milk Chocolate Coated Bites 170g",
    "COL Price": 3.5,
    "COL ppu": "$2.06 per 100G",
    "COL Size": "170g"
  },
  {
    "Brand_Product_Size": "Cook & Dine Spring Form Cake Tin 20cm each",
    "COL Price": 8,
    "COL ppu": "$8.00 per 1Ea",
    "COL Size": "each"
  },
  {
    "Brand_Product_Size": "Baishanzu XO Five Spices Mushroom Sauce 210g",
    "COL Price": 2.2,
    "COL ppu": "$1.05 per 100G",
    "COL Size": "210g"
  },
  {
    "Brand_Product_Size": "Barilla Angel Hair Pasta 454g",
    "COL Price": 2,
    "COL ppu": "$0.44 per 100G",
    "COL Size": "454g"
  },
  {
    "Brand_Product_Size": "Coca Cola No Sugar Soft Drink Caffenine Free 1.25L",
    "COL Price": 3.15,
    "COL ppu": "$2.52 per 1L",
    "COL Size": "1.25L"
  },
  {
    "Brand_Product_Size": "Huon Lemon And Herb Crumb Salmon Skin On 300g",
    "COL Price": 14,
    "COL ppu": "$46.67 per 1Kg",
    "COL Size": "300g"
  },
  {
    "Brand_Product_Size": "Nestle Tex Bar 40g",
    "COL Price": 2,
    "COL ppu": "$5.00 per 100G",
    "COL Size": "40g"
  },
  {
    "Brand_Product_Size": "Munchme Pistachio Cranberry 120g",
    "COL Price": 4.4,
    "COL ppu": "$3.67 per 100G",
    "COL Size": "120g"
  },
  {
    "Brand_Product_Size": "Celebrate Health Organic Cauliflower Coconut & Turmeric Soup 400g",
    "COL Price": 5,
    "COL ppu": "$1.25 per 100G",
    "COL Size": "400g"
  },
  {
    "Brand_Product_Size": "Oil Garden Breathe Easier Chest Rub Stick 12g",
    "COL Price": 12,
    "COL ppu": "$100.00 per 100G",
    "COL Size": "12g"
  },
  {
    "Brand_Product_Size": "Oak Strawberry Flavoured Milk 600mL",
    "COL Price": 3.1,
    "COL ppu": "$5.17 per 1L",
    "COL Size": "600mL"
  },
  {
    "Brand_Product_Size": "Coles Croissants 12 Pack 900g",
    "COL Price": 10,
    "COL ppu": "$1.11 per 100G",
    "COL Size": "900g"
  },
  {
    "Brand_Product_Size": "Cold Power Advanced Clean Laundry Liquid 4L",
    "COL Price": 30,
    "COL ppu": "$7.50 per 1L",
    "COL Size": "4L"
  },
  {
    "Brand_Product_Size": "Tasti Nutty Choc Protein Bars 5 pack 200g",
    "COL Price": 2.4,
    "COL ppu": "$1.20 per 100G",
    "COL Size": "200g"
  },
  {
    "Brand_Product_Size": "Mirabella LED Globe Fancy Round Small Edison Screw 6 watt Pearl each",
    "COL Price": 6.5,
    "COL ppu": "$6.50 per 1Ea",
    "COL Size": "each"
  },
  {
    "Brand_Product_Size": "Oak Vanilla Malt Flavoured Milk 300mL",
    "COL Price": 2.1,
    "COL ppu": "$7.00 per 1L",
    "COL Size": "300mL"
  },
  {
    "Brand_Product_Size": "Helga's Low Carb Wholemeal Wraps 5 pack 250g",
    "COL Price": 4,
    "COL ppu": "$1.60 per 100G",
    "COL Size": "250g"
  },
  {
    "Brand_Product_Size": "Ziploc Sandwich Bags 50 pack",
    "COL Price": 4,
    "COL ppu": "$0.08 per 1Ea",
    "COL Size": "50 pack"
  },
  {
    "Brand_Product_Size": "V Guarana Energy Drink 350mL",
    "COL Price": 3.5,
    "COL ppu": "$10.00 per 1L",
    "COL Size": "350mL"
  },
  {
    "Brand_Product_Size": "Sistema Microwave Noodle Bowl each",
    "COL Price": 7,
    "COL ppu": "$7.00 per 1Ea",
    "COL Size": "each"
  },
  {
    "Brand_Product_Size": "Coles Lamb Meat Bones approx. 1kg",
    "COL Price": 5,
    "COL ppu": "$5.00 per 1Kg",
    "COL Size": "approx. 1kg"
  },
  {
    "Brand_Product_Size": "McCain Frozen Pub Style Potato Wedges 750g",
    "COL Price": 4.5,
    "COL ppu": "$6.00 per 1Kg",
    "COL Size": "750g"
  },
  {
    "Brand_Product_Size": "Carman's Salted Caramel Nut Butter Gourmet Protein Bars 5 pack 200g",
    "COL Price": 6.3,
    "COL ppu": "$3.15 per 100G",
    "COL Size": "200g"
  },
  {
    "Brand_Product_Size": "John West Black Olives & Bell Peppers In Oil Deli Tuna 90g",
    "COL Price": 2.7,
    "COL ppu": "$30.00 per 1Kg",
    "COL Size": "90g"
  },
  {
    "Brand_Product_Size": "Don Champagne Ham 250g",
    "COL Price": 3.2,
    "COL ppu": "$12.80 per 1Kg",
    "COL Size": "250g"
  },
  {
    "Brand_Product_Size": "Coles Urban Culture Strong Ground Coffee 1kg",
    "COL Price": 12,
    "COL ppu": "$12.00 per 1Kg",
    "COL Size": "1kg"
  },
  {
    "Brand_Product_Size": "Nestle Whole Grain Energy & Fibre Milo Cereal 350g",
    "COL Price": 4,
    "COL ppu": "$1.14 per 100G",
    "COL Size": "350g"
  },
  {
    "Brand_Product_Size": "Lavazza Medium Roast Smooth And Aromatic Coffee Beans 1kg",
    "COL Price": 30,
    "COL ppu": "$3.00 per 100G",
    "COL Size": "1kg"
  },
  {
    "Brand_Product_Size": "Mix Luxury Velvet Tights 200 Denier Black Tall/X-Tall 1 pack",
    "COL Price": 10,
    "COL ppu": "$10.00 per 1Ea",
    "COL Size": "1 pack"
  },
  {
    "Brand_Product_Size": "Coles Five Spice Chinese 41g",
    "COL Price": 2.1,
    "COL ppu": "$0.51 per 10G",
    "COL Size": "41g"
  },
  {
    "Brand_Product_Size": "L'Oreal True Match Foundation Gold Beige W3 30mL",
    "COL Price": 21,
    "COL ppu": "$7.00 per 10mL",
    "COL Size": "30mL"
  },
  {
    "Brand_Product_Size": "Coles Gluten Free Chocolate Fudge Brownie Mix 450g",
    "COL Price": 4.5,
    "COL ppu": "$1.00 per 100G",
    "COL Size": "450g"
  },
  {
    "Brand_Product_Size": "Comvita Olive Leaf Extract High Strength Capsules 60 pack",
    "COL Price": 22,
    "COL ppu": "$0.37 per 1Ea",
    "COL Size": "60 pack"
  },
  {
    "Brand_Product_Size": "Coles Urban Coffee Culture Organic Ground Coffee 250g",
    "COL Price": 5,
    "COL ppu": "$2.00 per 100G",
    "COL Size": "250g"
  },
  {
    "Brand_Product_Size": "Nature's Way Vita Gummies Immune Support Tablets 65 pack",
    "COL Price": 20,
    "COL ppu": "$0.31 per 1Ea",
    "COL Size": "65 pack"
  },
  {
    "Brand_Product_Size": "Coles Lavender & Aromat Sage Air Freshener 150g",
    "COL Price": 1.9,
    "COL ppu": "$1.27 per 100G",
    "COL Size": "150g"
  },
  {
    "Brand_Product_Size": "Multix Medium Freezer Bags 80 pack",
    "COL Price": 2.4,
    "COL ppu": "$0.03 per 1Ea",
    "COL Size": "80 pack"
  },
  {
    "Brand_Product_Size": "Hoyts Cinnamon Sticks 15g",
    "COL Price": 2.95,
    "COL ppu": "$1.97 per 10G",
    "COL Size": "15g"
  },
  {
    "Brand_Product_Size": "Primo Gourmet Beef & Pork Chorizo Sausage 450g",
    "COL Price": 7.5,
    "COL ppu": "$1.67 per 100G",
    "COL Size": "450g"
  },
  {
    "Brand_Product_Size": "Nature's Way Magnesium Powder 210g",
    "COL Price": 30,
    "COL ppu": "$14.29 per 100G",
    "COL Size": "210g"
  },
  {
    "Brand_Product_Size": "Cottee's Breakfast Marmalade 500g",
    "COL Price": 2.8,
    "COL ppu": "$0.56 per 100G",
    "COL Size": "500g"
  },
  {
    "Brand_Product_Size": "Coles Tasty Shredded Cheddar Cheese 250g",
    "COL Price": 4.2,
    "COL ppu": "$16.80 per 1Kg",
    "COL Size": "250g"
  },
  {
    "Brand_Product_Size": "Ayam Vegetarian Oyster Sauce 210mL",
    "COL Price": 3.5,
    "COL ppu": "$1.67 per 100mL",
    "COL Size": "210mL"
  },
  {
    "Brand_Product_Size": "Coles Bakery Tiger Baguette Twin Pack 2 pack",
    "COL Price": 1.5,
    "COL ppu": "$0.75 per 1Ea",
    "COL Size": "2 pack"
  },
  {
    "Brand_Product_Size": "Schick Exacta 2 Disposable Sensitive Razors for Women 5 pack",
    "COL Price": 3,
    "COL ppu": "$0.60 per 1Ea",
    "COL Size": "5 pack"
  },
  {
    "Brand_Product_Size": "Devondale Sandwich Cheese Slices 36 Pack 750g",
    "COL Price": 6.9,
    "COL ppu": "$0.92 per 100G",
    "COL Size": "750g"
  },
  {
    "Brand_Product_Size": "Bounce Almond Vanilla Keto Bar 35 gram",
    "COL Price": 3,
    "COL ppu": "",
    "COL Size": "35 gram"
  },
  {
    "Brand_Product_Size": "British Black Pudding each",
    "COL Price": 3.75,
    "COL ppu": "$3.75 per 1Ea",
    "COL Size": "each"
  },
  {
    "Brand_Product_Size": "Pyrex Measuring Jug 500mL each",
    "COL Price": 10,
    "COL ppu": "$10.00 per 1Ea",
    "COL Size": "each"
  },
  {
    "Brand_Product_Size": "Palmolive Kids 3 in 1 Merry Strawberry Shampoo Conditioner & Bodywash 700mL",
    "COL Price": 5,
    "COL ppu": "$0.71 per 100mL",
    "COL Size": "700mL"
  },
  {
    "Brand_Product_Size": "Coles Salt & Vinegar Crinkle Cut Potato Chips 175g",
    "COL Price": 1.8,
    "COL ppu": "$1.03 per 100G",
    "COL Size": "175g"
  },
  {
    "Brand_Product_Size": "Rimmel Scandaleyes Volume On Demand Mascara Black 12mL",
    "COL Price": 11.4,
    "COL ppu": "$9.50 per 10mL",
    "COL Size": "12mL"
  },
  {
    "Brand_Product_Size": "Swisse Natural Strawberry Flavour Kids Multi Chewable Tablets 60 pack",
    "COL Price": 12.5,
    "COL ppu": "$0.21 per 1Ea",
    "COL Size": "60 pack"
  },
  {
    "Brand_Product_Size": "Food for Health Fruit Free Bars With Almond & Chia 6 Bars 150g",
    "COL Price": 7,
    "COL ppu": "$4.67 per 100G",
    "COL Size": "150g"
  },
  {
    "Brand_Product_Size": "Coles Raspberries 125g",
    "COL Price": 4.5,
    "COL ppu": "$36.00 per 1Kg",
    "COL Size": "125g"
  },
  {
    "Brand_Product_Size": "Aofc Organic Bolognese Pasta Sauce Pouch 400g",
    "COL Price": 4.75,
    "COL ppu": "$1.19 per 100G",
    "COL Size": "400g"
  },
  {
    "Brand_Product_Size": "Mirabella Globe LED Small Edison Screw Candle Clear 2 watt 250 Lumens Warm White 1 pack",
    "COL Price": 6.5,
    "COL ppu": "$6.50 per 1Ea",
    "COL Size": "1 pack"
  },
  {
    "Brand_Product_Size": "Tetley Classic Chai Latte Tea Sachets 8 pack 200g",
    "COL Price": 4.95,
    "COL ppu": "$2.48 per 100G",
    "COL Size": "200g"
  },
  {
    "Brand_Product_Size": "Murine Tears For Eyes 15mL",
    "COL Price": 8.5,
    "COL ppu": "$56.67 per 100mL",
    "COL Size": "15mL"
  },
  {
    "Brand_Product_Size": "Frantelle The Day Tripper Spring Water 1L",
    "COL Price": 1.55,
    "COL ppu": "$1.55 per 1L",
    "COL Size": "1L"
  },
  {
    "Brand_Product_Size": "Koi Geranium & Petitgrain Body Wash 500mL",
    "COL Price": 8,
    "COL ppu": "$1.60 per 100mL",
    "COL Size": "500mL"
  },
  {
    "Brand_Product_Size": "Crest Antenna Cable 3m each",
    "COL Price": 13,
    "COL ppu": "$13.00 per 1Ea",
    "COL Size": "each"
  },
  {
    "Brand_Product_Size": "Deep Heat Extra Strengh Cream 100g",
    "COL Price": 5.8,
    "COL ppu": "$5.80 per 100G",
    "COL Size": "100g"
  },
  {
    "Brand_Product_Size": "Haldiram's Bhujia Sev Snacks 150g",
    "COL Price": 1.6,
    "COL ppu": "$1.07 per 100G",
    "COL Size": "150g"
  },
  {
    "Brand_Product_Size": "Red Rock Deli Bourbon Ribs 150g",
    "COL Price": 3,
    "COL ppu": "$2.00 per 100G",
    "COL Size": "150g"
  },
  {
    "Brand_Product_Size": "Coles Right Start Fruit & Fibre Cereal 420g",
    "COL Price": 2.8,
    "COL ppu": "$0.67 per 100G",
    "COL Size": "420g"
  },
  {
    "Brand_Product_Size": "Coles Bakery Rock Cakes 6 pack",
    "COL Price": 3.95,
    "COL ppu": "$0.66 per 1Ea",
    "COL Size": "6 pack"
  },
  {
    "Brand_Product_Size": "Harpic Fresh Power Marine Splash Toilet Cleaner 700mL",
    "COL Price": 5,
    "COL ppu": "$0.71 per 100mL",
    "COL Size": "700mL"
  },
  {
    "Brand_Product_Size": "Bellamy's Organic Milk Rusks 100g",
    "COL Price": 3.1,
    "COL ppu": "$3.10 per 100G",
    "COL Size": "100g"
  },
  {
    "Brand_Product_Size": "McCormick Grill Mates Chipotle & Roasted Garlic Dry Marinade 40g",
    "COL Price": 2,
    "COL ppu": "$0.50 per 10G",
    "COL Size": "40g"
  },
  {
    "Brand_Product_Size": "Arnott's Mini Variety Biscuits 12 Pack 292g",
    "COL Price": 5,
    "COL ppu": "$1.71 per 100G",
    "COL Size": "292g"
  },
  {
    "Brand_Product_Size": "Disprin Max Pain Relief Dispersible Tablets 500mg Aspirin 16 pack",
    "COL Price": 4.5,
    "COL ppu": "$0.28 per 1Ea",
    "COL Size": "16 pack"
  },
  {
    "Brand_Product_Size": "Cadbury Dairy Milk Top Deck Chocolate Block 180g",
    "COL Price": 5,
    "COL ppu": "$2.78 per 100G",
    "COL Size": "180g"
  },
  {
    "Brand_Product_Size": "Obento Panko Bread Crumbs 200g",
    "COL Price": 2.3,
    "COL ppu": "$1.15 per 100G",
    "COL Size": "200g"
  },
  {
    "Brand_Product_Size": "Duracell Lithium 3V CR123 Battery 1 pack",
    "COL Price": 10,
    "COL ppu": "$10.00 per 1Ea",
    "COL Size": "1 pack"
  },
  {
    "Brand_Product_Size": "Sistema To Go Shaker each",
    "COL Price": 9,
    "COL ppu": "$9.00 per 1Ea",
    "COL Size": "each"
  },
  {
    "Brand_Product_Size": "Coles Jelly Party Mix 147g",
    "COL Price": 1,
    "COL ppu": "$0.68 per 100G",
    "COL Size": "147g"
  },
  {
    "Brand_Product_Size": "L'Oreal Age Perfect Day Cream 50mL",
    "COL Price": 23.03,
    "COL ppu": "$46.06 per 100mL",
    "COL Size": "50mL"
  },
  {
    "Brand_Product_Size": "Food For Health Cranberry & Coconut Clusters 425g",
    "COL Price": 8,
    "COL ppu": "$1.88 per 100G",
    "COL Size": "425g"
  },
  {
    "Brand_Product_Size": "Coles Bakery Buttermilk Scones 6 pack",
    "COL Price": 4.5,
    "COL ppu": "$0.75 per 1Ea",
    "COL Size": "6 pack"
  },
  {
    "Brand_Product_Size": "Impulse Illusions Body Spray 75mL",
    "COL Price": 4,
    "COL ppu": "$5.33 per 100mL",
    "COL Size": "75mL"
  },
  {
    "Brand_Product_Size": "Tamar Valley Kids Greek Pouch Yoghurt 110g",
    "COL Price": 1.3,
    "COL ppu": "$1.18 per 100G",
    "COL Size": "110g"
  },
  {
    "Brand_Product_Size": "Nestle KitKat Chunky Caramel 55g",
    "COL Price": 2,
    "COL ppu": "$3.64 per 100G",
    "COL Size": "55g"
  },
  {
    "Brand_Product_Size": "Birds Eye Frozen Deep Sea Dory Fish Fillets 425g",
    "COL Price": 8,
    "COL ppu": "$18.82 per 1Kg",
    "COL Size": "425g"
  },
  {
    "Brand_Product_Size": "Devondale Light Milk 2L",
    "COL Price": 3.3,
    "COL ppu": "$1.65 per 1L",
    "COL Size": "2L"
  },
  {
    "Brand_Product_Size": "Coles I'M Free From Stem Ginger Cookies 160g",
    "COL Price": 2.75,
    "COL ppu": "$1.72 per 100G",
    "COL Size": "160g"
  },
  {
    "Brand_Product_Size": "Coles Bakery Jam Sponge Roll 400g",
    "COL Price": 2.5,
    "COL ppu": "$0.63 per 100G",
    "COL Size": "400g"
  },
  {
    "Brand_Product_Size": "Fine Fettle Gluten Free Flats Carrot & Pepita 80g",
    "COL Price": 7,
    "COL ppu": "$8.75 per 100G",
    "COL Size": "80g"
  },
  {
    "Brand_Product_Size": "Coles Sticky Tape Dispenser 1 pack",
    "COL Price": 2,
    "COL ppu": "$2.00 per 1Ea",
    "COL Size": "1 pack"
  },
  {
    "Brand_Product_Size": "Old El Paso Spice Mix For Tacos Mild 30g",
    "COL Price": 2,
    "COL ppu": "$0.67 per 10G",
    "COL Size": "30g"
  },
  {
    "Brand_Product_Size": "Coles Street Tortilla Wraps 10 Pack 280g",
    "COL Price": 2.8,
    "COL ppu": "$1.00 per 100G",
    "COL Size": "280g"
  },
  {
    "Brand_Product_Size": "Sukin Natural Balance Leave-in Conditioner 250mL",
    "COL Price": 14.95,
    "COL ppu": "$5.98 per 100mL",
    "COL Size": "250mL"
  },
  {
    "Brand_Product_Size": "Fairy Platinum Plus Dishwashing Tablets 14 pack",
    "COL Price": 12,
    "COL ppu": "$0.86 per 1Ea",
    "COL Size": "14 pack"
  },
  {
    "Brand_Product_Size": "Myaura Geranium & Lavender Organics Roll On 75mL",
    "COL Price": 9,
    "COL ppu": "$12.00 per 100mL",
    "COL Size": "75mL"
  },
  {
    "Brand_Product_Size": "Korbond Home Needle Kit 1 pack",
    "COL Price": 2.5,
    "COL ppu": "$2.50 per 1ea",
    "COL Size": "1 pack"
  },
  {
    "Brand_Product_Size": "Red Bull Energy Drink Multipack 250mL 4 pack",
    "COL Price": 7,
    "COL ppu": "$7.00 per 1L",
    "COL Size": "4 pack"
  },
  {
    "Brand_Product_Size": "Coles Leeks 3 pack",
    "COL Price": 4.5,
    "COL ppu": "$1.50 per 1Ea",
    "COL Size": "3 pack"
  },
  {
    "Brand_Product_Size": "Tetley Decaffeinated Black Tea Bags 100 pack 185g",
    "COL Price": 6,
    "COL ppu": "$3.24 per 100G",
    "COL Size": "185g"
  },
  {
    "Brand_Product_Size": "Coles Kitchen Sweet Potato Salad 250g",
    "COL Price": 3.5,
    "COL ppu": "$1.40 per 100G",
    "COL Size": "250g"
  },
  {
    "Brand_Product_Size": "Sam's Frozen Pelmeni Vareniki with Cottage Cheese Pasta 800g",
    "COL Price": 14,
    "COL ppu": "$1.75 per 100G",
    "COL Size": "800g"
  },
  {
    "Brand_Product_Size": "Kraft Mac & Cheese Smoky Bacon Flavour 205g",
    "COL Price": 2.3,
    "COL ppu": "$1.12 per 100G",
    "COL Size": "205g"
  },
  {
    "Brand_Product_Size": "VO5 Wet Look Styling Gel 175mL",
    "COL Price": 4,
    "COL ppu": "$2.29 per 100mL",
    "COL Size": "175mL"
  },
  {
    "Brand_Product_Size": "Cook & Dine Stemless Wine Glasses 4 pack",
    "COL Price": 16,
    "COL ppu": "",
    "COL Size": "4 pack"
  },
  {
    "Brand_Product_Size": "Sukin Natural Balance Shampoo 500mL",
    "COL Price": 18,
    "COL ppu": "$3.60 per 100mL",
    "COL Size": "500mL"
  },
  {
    "Brand_Product_Size": "Steggles Turkey Breast Roast 1kg",
    "COL Price": 16,
    "COL ppu": "$16.00 per 1Kg",
    "COL Size": "1kg"
  },
  {
    "Brand_Product_Size": "Harpic Original White & Shine Bleach Gel 450mL",
    "COL Price": 3,
    "COL ppu": "$0.67 per 100mL",
    "COL Size": "450mL"
  },
  {
    "Brand_Product_Size": "Birds Eye Deli Roast Vegetables 600g",
    "COL Price": 5,
    "COL ppu": "$8.33 per 1Kg",
    "COL Size": "600g"
  },
  {
    "Brand_Product_Size": "McKenzie's Split Green Peas 500g",
    "COL Price": 1.7,
    "COL ppu": "$0.34 per 100G",
    "COL Size": "500g"
  },
  {
    "Brand_Product_Size": "Nivea Deo Aero Men Black & White Twin Pack 250mL",
    "COL Price": 9.5,
    "COL ppu": "$3.80 per 100mL",
    "COL Size": "250mL"
  },
  {
    "Brand_Product_Size": "Burgen Wholemeal & Seeds Bread 700g",
    "COL Price": 5,
    "COL ppu": "$0.71 per 100G",
    "COL Size": "700g"
  },
  {
    "Brand_Product_Size": "Gillette Pure Soothing Shave Gel With Aloe 170g",
    "COL Price": 8.5,
    "COL ppu": "$5.00 per 100G",
    "COL Size": "170g"
  },
  {
    "Brand_Product_Size": "Trident Sweet Chilli Sauce 285mL",
    "COL Price": 3,
    "COL ppu": "$1.05 per 100mL",
    "COL Size": "285mL"
  },
  {
    "Brand_Product_Size": "Buontempo Gluten Free Penne Pasta 500g",
    "COL Price": 3.4,
    "COL ppu": "$0.68 per 100G",
    "COL Size": "500g"
  },
  {
    "Brand_Product_Size": "Always Fresh Mixed Olives 220g",
    "COL Price": 5.4,
    "COL ppu": "$24.55 per 1Kg",
    "COL Size": "220g"
  },
  {
    "Brand_Product_Size": "Coles Deli Baby Bell Peppers with Cream Cheese approx. 125g",
    "COL Price": 5,
    "COL ppu": "$40.00 per 1Kg",
    "COL Size": "approx. 125g"
  },
  {
    "Brand_Product_Size": "Radox Feel Extreme Men Body Wash 1L",
    "COL Price": 7,
    "COL ppu": "$0.70 per 100mL",
    "COL Size": "1L"
  },
  {
    "Brand_Product_Size": "Go Natural Coffee Energy Latte Snap 120g",
    "COL Price": 7,
    "COL ppu": "$5.83 per 100G",
    "COL Size": "120g"
  },
  {
    "Brand_Product_Size": "Coles Heavy Duty Scourer Sponge Cellulose 3 pack",
    "COL Price": 2,
    "COL ppu": "$0.67 per 1Ea",
    "COL Size": "3 pack"
  },
  {
    "Brand_Product_Size": "Colgate Kids Sonic Minions Battery Toothbrush each",
    "COL Price": 12,
    "COL ppu": "$12.00 per 1Ea",
    "COL Size": "each"
  },
  {
    "Brand_Product_Size": "Vitapet Chicken Wrapped Rawhide Dog Chews 1 pack",
    "COL Price": 7.85,
    "COL ppu": "$7.85 per 1Ea",
    "COL Size": "1 pack"
  },
  {
    "Brand_Product_Size": "Lucky Oven Roasted Almonds Nut Mix with Yoghurt Sultanas 6 Pack 180g",
    "COL Price": 5,
    "COL ppu": "$27.78 per 1Kg",
    "COL Size": "180g"
  },
  {
    "Brand_Product_Size": "G Active Berry Flavoured Electrolyte Water 600mL",
    "COL Price": 3.5,
    "COL ppu": "$5.83 per 1L",
    "COL Size": "600mL"
  },
  {
    "Brand_Product_Size": "Clio Curvy Very Thick Tights 120D Black - 2 each",
    "COL Price": 10,
    "COL ppu": "$10.00 per 1Ea",
    "COL Size": "each"
  },
  {
    "Brand_Product_Size": "Sard Super Power Refill 450mL",
    "COL Price": 3.5,
    "COL ppu": "$7.78 per 1L",
    "COL Size": "450mL"
  },
  {
    "Brand_Product_Size": "Vital Strength Whey High Protein Vanilla Powder 720g",
    "COL Price": 35,
    "COL ppu": "$4.86 per 100G",
    "COL Size": "720g"
  },
  {
    "Brand_Product_Size": "Cadbury Favourites 570g",
    "COL Price": 20,
    "COL ppu": "$3.51 per 100G",
    "COL Size": "570g"
  },
  {
    "Brand_Product_Size": "Coon Classics Mozzarella Cheese Slices 12 Pack 250g",
    "COL Price": 6,
    "COL ppu": "$2.40 per 100G",
    "COL Size": "250g"
  },
  {
    "Brand_Product_Size": "Simson's Pantry Lime & Chilli Large Wraps 8 pack 560g",
    "COL Price": 4.2,
    "COL ppu": "$0.75 per 100G",
    "COL Size": "560g"
  },
  {
    "Brand_Product_Size": "Coles Jalapeno Cakes 250g",
    "COL Price": 5,
    "COL ppu": "$2.00 per 100G",
    "COL Size": "250g"
  },
  {
    "Brand_Product_Size": "Golden Circle Apple Juice 3L",
    "COL Price": 4,
    "COL ppu": "$1.33 per 1L",
    "COL Size": "3L"
  },
  {
    "Brand_Product_Size": "Cook & Dine Bistro Speckle Pasta Bowl each",
    "COL Price": 5,
    "COL ppu": "$5.00 per 1Ea",
    "COL Size": "each"
  },
  {
    "Brand_Product_Size": "Arizona Gunslinger Jalapeno Pepper Sauce 147mL",
    "COL Price": 6.7,
    "COL ppu": "$4.56 per 100mL",
    "COL Size": "147mL"
  },
  {
    "Brand_Product_Size": "Fairy All In One Dishwashing Tablets 64 pack",
    "COL Price": 25,
    "COL ppu": "$0.39 per 1Ea",
    "COL Size": "64 pack"
  },
  {
    "Brand_Product_Size": "Coles Kitchen Caesar Salad Kit 265g",
    "COL Price": 5,
    "COL ppu": "$1.89 per 100G",
    "COL Size": "265g"
  },
  {
    "Brand_Product_Size": "White Wings Plain Flour Mix Gluten Free 750g",
    "COL Price": 6.3,
    "COL ppu": "$0.84 per 100G",
    "COL Size": "750g"
  },
  {
    "Brand_Product_Size": "Thins Potato Chips Peri Peri 150g",
    "COL Price": 3.5,
    "COL ppu": "$2.33 per 100G",
    "COL Size": "150g"
  },
  {
    "Brand_Product_Size": "Ardmona Classic Rich & Thick Tomatoes 410g",
    "COL Price": 1.8,
    "COL ppu": "$4.39 per 1Kg",
    "COL Size": "410g"
  },
  {
    "Brand_Product_Size": "Auricchio Pecorino Romano Cheese approx. 250g",
    "COL Price": 8.75,
    "COL ppu": "$35.00 per 1Kg",
    "COL Size": "approx. 250g"
  },
  {
    "Brand_Product_Size": "Swisse Ultivite Women's 50+ Multivitamin Tablets 60 pack",
    "COL Price": 36,
    "COL ppu": "$60.00 per 100Ea",
    "COL Size": "60 pack"
  },
  {
    "Brand_Product_Size": "Razzamatazz Elastane Opaque Tights Black 40 Denier Talls-X Tall 1 pack",
    "COL Price": 7,
    "COL ppu": "",
    "COL Size": "1 pack"
  },
  {
    "Brand_Product_Size": "Earth Choice Dish Wash Concentrate Liquid Lemongrass & Ginger 500mL",
    "COL Price": 3,
    "COL ppu": "$0.60 per 100mL",
    "COL Size": "500mL"
  },
  {
    "Brand_Product_Size": "Coles Custard Powder 350g",
    "COL Price": 1.25,
    "COL ppu": "$0.36 per 100G",
    "COL Size": "350g"
  },
  {
    "Brand_Product_Size": "Bondi Sands SPF 50 Sport 400mL",
    "COL Price": 23,
    "COL ppu": "$5.75 per 100mL",
    "COL Size": "400mL"
  },
  {
    "Brand_Product_Size": "Coles Deli Salad Tubs Large Quinoa Tabouleh Salad Large",
    "COL Price": 7,
    "COL ppu": "$7.00 per 1Ea",
    "COL Size": "Large"
  },
  {
    "Brand_Product_Size": "White King Lemon Bathroom Power Gel Cleaner 750mL",
    "COL Price": 3.5,
    "COL ppu": "$0.47 per 100mL",
    "COL Size": "750mL"
  },
  {
    "Brand_Product_Size": "Coles Bakery Vegan Salted Caramel Cookie 6 pack",
    "COL Price": 3,
    "COL ppu": "$0.50 per 1Ea",
    "COL Size": "6 pack"
  },
  {
    "Brand_Product_Size": "Aloe Vera of Australia Plain Natural Juice 1L",
    "COL Price": 12.4,
    "COL ppu": "$12.40 per 1L",
    "COL Size": "1L"
  },
  {
    "Brand_Product_Size": "Skittles Sours Lollies Medium Bag 190g",
    "COL Price": 3,
    "COL ppu": "$1.58 per 100G",
    "COL Size": "190g"
  },
  {
    "Brand_Product_Size": "My Dog Naturally Crafted With Australian Beef Capsicum And Green Beans Dog Food Tray 85g",
    "COL Price": 1.5,
    "COL ppu": "$1.76 per 100G",
    "COL Size": "85g"
  },
  {
    "Brand_Product_Size": "Abe's Bagels Sesame Seed Bagels 4 Pack 360g",
    "COL Price": 5,
    "COL ppu": "$1.39 per 100G",
    "COL Size": "360g"
  },
  {
    "Brand_Product_Size": "Smith's Poppables Cheddar Cheese 90g",
    "COL Price": 3.5,
    "COL ppu": "$3.89 per 100G",
    "COL Size": "90g"
  },
  {
    "Brand_Product_Size": "Coles Mint Fresh Mouthwash 500mL",
    "COL Price": 2.2,
    "COL ppu": "$0.44 per 100mL",
    "COL Size": "500mL"
  },
  {
    "Brand_Product_Size": "Passage Foods Passage To India Butter Chicken Simmer Sauce Pouch Extra Mild 375g",
    "COL Price": 2.35,
    "COL ppu": "$0.63 per 100G",
    "COL Size": "375g"
  },
  {
    "Brand_Product_Size": "Marion's Kitchen Vietnamese Style Tangy Dressing 240mL",
    "COL Price": 5,
    "COL ppu": "$2.08 per 100mL",
    "COL Size": "240mL"
  },
  {
    "Brand_Product_Size": "John West Smoked Tuna Slices 125g",
    "COL Price": 3.5,
    "COL ppu": "$28.00 per 1Kg",
    "COL Size": "125g"
  },
  {
    "Brand_Product_Size": "McCain Frozen Quick Chips 2 pack 200g",
    "COL Price": 1.25,
    "COL ppu": "$6.25 per 1Kg",
    "COL Size": "200g"
  },
  {
    "Brand_Product_Size": "Old El Paso Soft Taco Kit Mild 405g",
    "COL Price": 5,
    "COL ppu": "$1.23 per 100G",
    "COL Size": "405g"
  },
  {
    "Brand_Product_Size": "Green Pastures Full Cream Milk 2L",
    "COL Price": 4.8,
    "COL ppu": "$2.40 per 1L",
    "COL Size": "2L"
  },
  {
    "Brand_Product_Size": "L'Oreal Paris Magic Retouch Precision Dark Brown Concealer Brush 1 pack",
    "COL Price": 14.4,
    "COL ppu": "$14.40 per 1Ea",
    "COL Size": "1 pack"
  },
  {
    "Brand_Product_Size": "Coles Mini Hommus Dips 3 Pack 180g",
    "COL Price": 2,
    "COL ppu": "$1.11 per 100G",
    "COL Size": "180g"
  },
  {
    "Brand_Product_Size": "Rexona Women Advance Protection Bright Bouquet 100mL",
    "COL Price": 3.5,
    "COL ppu": "$3.50 per 100mL",
    "COL Size": "100mL"
  },
  {
    "Brand_Product_Size": "S-26 Gold Alula Formula Junior 900g",
    "COL Price": 20,
    "COL ppu": "$2.22 per 100G",
    "COL Size": "900g"
  },
  {
    "Brand_Product_Size": "Burger Rings Party bag 220g",
    "COL Price": 3,
    "COL ppu": "$1.36 per 100G",
    "COL Size": "220g"
  },
  {
    "Brand_Product_Size": "Coles Bananas approx. 180g each",
    "COL Price": 0.81,
    "COL ppu": "$4.50 per 1Kg",
    "COL Size": "approx. 180g each"
  },
  {
    "Brand_Product_Size": "Coles Irresistible Mini Almond Ice Cream 6pk 360mL",
    "COL Price": 4,
    "COL ppu": "$1.11 per 100mL",
    "COL Size": "360mL"
  },
  {
    "Brand_Product_Size": "Coles Frozen Australian Peas 1kg",
    "COL Price": 2.9,
    "COL ppu": "$2.90 per 1Kg",
    "COL Size": "1kg"
  },
  {
    "Brand_Product_Size": "L'Oreal Casting Creme Gloss 700 Dark Blonde Hair Colour 1 pack",
    "COL Price": 12.8,
    "COL ppu": "$12.80 per 1Ea",
    "COL Size": "1 pack"
  },
  {
    "Brand_Product_Size": "Schwarzkopf Extra Care Bio-Tech Repair 4 In1 Mask 250mL",
    "COL Price": 15,
    "COL ppu": "$6.00 per 100mL",
    "COL Size": "250mL"
  },
  {
    "Brand_Product_Size": "Glico Pocky Cookies & Cream Biscuit Sticks 40g",
    "COL Price": 1.8,
    "COL ppu": "$4.50 per 100G",
    "COL Size": "40g"
  },
  {
    "Brand_Product_Size": "McVitie's Thins Dark Chocolate Digestive Biscuits 150g",
    "COL Price": 3.5,
    "COL ppu": "$2.33 per 100G",
    "COL Size": "150g"
  },
  {
    "Brand_Product_Size": "I Love Cookies Caramelised White Choc Cookies 185g",
    "COL Price": 4,
    "COL ppu": "$2.16 per 100G",
    "COL Size": "185g"
  },
  {
    "Brand_Product_Size": "3M Command Picture Hanging Strips 4 pack",
    "COL Price": 7,
    "COL ppu": "$7.00 per 1ea",
    "COL Size": "4 pack"
  },
  {
    "Brand_Product_Size": "MasterFoods Taco Seasoning 143g",
    "COL Price": 5.25,
    "COL ppu": "$0.37 per 10G",
    "COL Size": "143g"
  },
  {
    "Brand_Product_Size": "BSC Cookies And Cream 5 Bar Multi Pack 200g",
    "COL Price": 15,
    "COL ppu": "$7.50 per 100G",
    "COL Size": "200g"
  },
  {
    "Brand_Product_Size": "Lea & Perrins Worcestershire Sauce 290mL",
    "COL Price": 2.75,
    "COL ppu": "$0.95 per 100mL",
    "COL Size": "290mL"
  },
  {
    "Brand_Product_Size": "Mother Energy Drink Epic Swell Can 500mL",
    "COL Price": 2.85,
    "COL ppu": "$5.70 per 1L",
    "COL Size": "500mL"
  },
  {
    "Brand_Product_Size": "Quick Eze Peppermint Chewy Tablets 8 Pack 40g",
    "COL Price": 2.3,
    "COL ppu": "$5.75 per 100G",
    "COL Size": "40g"
  },
  {
    "Brand_Product_Size": "Black Swan Classic Multipack Skinny Tzatziki & Skinny Hommus Dip 4 Pack 240g",
    "COL Price": 4,
    "COL ppu": "$1.67 per 100G",
    "COL Size": "240g"
  },
  {
    "Brand_Product_Size": "Praise Traditional 99% Fat Free Mayo 410g",
    "COL Price": 1.7,
    "COL ppu": "$0.41 per 100G",
    "COL Size": "410g"
  },
  {
    "Brand_Product_Size": "I&J Original Crumb Fish Fillets 1kg",
    "COL Price": 11,
    "COL ppu": "$11.00 per 1Kg",
    "COL Size": "1kg"
  },
  {
    "Brand_Product_Size": "Real Foods Multigrain Corn Thins 150g",
    "COL Price": 2,
    "COL ppu": "$1.33 per 100G",
    "COL Size": "150g"
  },
  {
    "Brand_Product_Size": "Coles Wheat Biscuits 1.12 kg",
    "COL Price": 3.2,
    "COL ppu": "$2.86 per 1Kg",
    "COL Size": "1.12 kg"
  },
  {
    "Brand_Product_Size": "Mount Franklin Pure Spring Water 1.5L",
    "COL Price": 3,
    "COL ppu": "$2.00 per 1L",
    "COL Size": "1.5L"
  },
  {
    "Brand_Product_Size": "Chobani Mango Greek Yogurt 907g",
    "COL Price": 5.5,
    "COL ppu": "$0.61 per 100G",
    "COL Size": "907g"
  },
  {
    "Brand_Product_Size": "Breeders Choice Cat Litter Paper 15L",
    "COL Price": 16.5,
    "COL ppu": "$1.10 per 1L",
    "COL Size": "15L"
  },
  {
    "Brand_Product_Size": "Saxa Cooking Salt 1kg",
    "COL Price": 1.85,
    "COL ppu": "$1.85 per 1Kg",
    "COL Size": "1kg"
  },
  {
    "Brand_Product_Size": "Coles Kitchen Pumpkin Risotto 350g",
    "COL Price": 7.5,
    "COL ppu": "$2.14 per 100G",
    "COL Size": "350g"
  },
  {
    "Brand_Product_Size": "Creative Gourmet Frozen Blueberries 300g",
    "COL Price": 5.65,
    "COL ppu": "$18.83 per 1Kg",
    "COL Size": "300g"
  },
  {
    "Brand_Product_Size": "Bean Ground & Drunk Organic Classic Medium Roast Fairtrade Coffee 250g",
    "COL Price": 8.8,
    "COL ppu": "$3.52 per 100G",
    "COL Size": "250g"
  },
  {
    "Brand_Product_Size": "Bodie'z Protein Water Citrus Punch 500mL",
    "COL Price": 5.5,
    "COL ppu": "$1.10 per 100mL",
    "COL Size": "500mL"
  },
  {
    "Brand_Product_Size": "Coca-Cola No Sugar Coke Multipack 300mL 12 pack",
    "COL Price": 10,
    "COL ppu": "$2.78 per 1L",
    "COL Size": "12 pack"
  },
  {
    "Brand_Product_Size": "Cenovis Mega C 1000mg Tablets 60 pack",
    "COL Price": 10,
    "COL ppu": "$0.17 per 1Ea",
    "COL Size": "60 pack"
  },
  {
    "Brand_Product_Size": "Nescafe Blend 43 Instant Coffee 500g",
    "COL Price": 20,
    "COL ppu": "$4.00 per 100G",
    "COL Size": "500g"
  },
  {
    "Brand_Product_Size": "Nestle Milo Dipped With White Chocolate Snack Bars 6 Pack 160g",
    "COL Price": 3,
    "COL ppu": "$1.88 per 100G",
    "COL Size": "160g"
  },
  {
    "Brand_Product_Size": "Le Tan Application Mitt each",
    "COL Price": 10,
    "COL ppu": "$10.00 per 1Ea",
    "COL Size": "each"
  },
  {
    "Brand_Product_Size": "Purr Grainfree Chicken & Beef Adult Dry Cat Food 1kg",
    "COL Price": 7.5,
    "COL ppu": "$7.50 per 1Kg",
    "COL Size": "1kg"
  },
  {
    "Brand_Product_Size": "Coles Roasted & Salted Pistachios Prepacked 400g",
    "COL Price": 9.99,
    "COL ppu": "$2.50 per 100G",
    "COL Size": "400g"
  },
  {
    "Brand_Product_Size": "Coles Bakery Stone Baked By Laurent Pane Di Casa each",
    "COL Price": 4,
    "COL ppu": "$4.00 per 1Ea",
    "COL Size": "each"
  },
  {
    "Brand_Product_Size": "Coles Sunflower Oil 750mL",
    "COL Price": 2.5,
    "COL ppu": "$0.33 per 100mL",
    "COL Size": "750mL"
  },
  {
    "Brand_Product_Size": "King Island Dairy Surprise Bay Cheddar Cheese Block approx.100g",
    "COL Price": 4,
    "COL ppu": "$40.00 per 1Kg",
    "COL Size": "approx.100g"
  },
  {
    "Brand_Product_Size": "Golden Circle Golden Pash Fruit Drink 24x250mL 6L",
    "COL Price": 13,
    "COL ppu": "$2.17 per 1L",
    "COL Size": "6L"
  },
  {
    "Brand_Product_Size": "Bertocchi Brothers Extra Hot Chilli Sopressa approx.125g",
    "COL Price": 3.25,
    "COL ppu": "$26.00 per 1Kg",
    "COL Size": "approx.125g"
  },
  {
    "Brand_Product_Size": "McCain Rosemary Garlic Delish Roasts 600g",
    "COL Price": 4.3,
    "COL ppu": "$7.17 per 1Kg",
    "COL Size": "600g"
  },
  {
    "Brand_Product_Size": "Coles Microwave Popcorn Butter 100g",
    "COL Price": 0.95,
    "COL ppu": "$0.95 per 100G",
    "COL Size": "100g"
  },
  {
    "Brand_Product_Size": "Air Wick Mini Scents Frangipani Air Freshener Refill Pack 120g",
    "COL Price": 4,
    "COL ppu": "$3.33 per 100G",
    "COL Size": "120g"
  },
  {
    "Brand_Product_Size": "Coles Turkish Dried Apricots 500g",
    "COL Price": 4.6,
    "COL ppu": "$9.20 per 1Kg",
    "COL Size": "500g"
  },
  {
    "Brand_Product_Size": "My Dog Naturally Crafted Pasture Raised Lamb  Carrots & Green Beans Wet Dog Food Tray 400g",
    "COL Price": 2,
    "COL ppu": "$0.50 per 100G",
    "COL Size": "400g"
  },
  {
    "Brand_Product_Size": "Baby U Disposable Change 10 Mats 1 pack",
    "COL Price": 5.5,
    "COL ppu": "$5.50 per 1Ea",
    "COL Size": "1 pack"
  },
  {
    "Brand_Product_Size": "Helga's Raisin Toast 600g",
    "COL Price": 3,
    "COL ppu": "$0.50 per 100G",
    "COL Size": "600g"
  },
  {
    "Brand_Product_Size": "Rimmel Oh My Gloss! Snog 330 Lip Gloss 6.5mL",
    "COL Price": 8.4,
    "COL ppu": "$12.92 per 10mL",
    "COL Size": "6.5mL"
  },
  {
    "Brand_Product_Size": "Optimum Kitten 2-12 Months Chunks In Jelly With Salmon Cat Food Pouch 85g",
    "COL Price": 1.9,
    "COL ppu": "$2.24 per 100G",
    "COL Size": "85g"
  },
  {
    "Brand_Product_Size": "Lady Jayne Detangling Brush Large each",
    "COL Price": 15,
    "COL ppu": "$15.00 per 1Ea",
    "COL Size": "each"
  },
  {
    "Brand_Product_Size": "Tuscanini Tomato Juice 1L",
    "COL Price": 4.8,
    "COL ppu": "$0.48 per 100mL",
    "COL Size": "1L"
  },
  {
    "Brand_Product_Size": "Nature's Way Adult Vita Gummies Calcium + Vitamin D Tablets 65 pack",
    "COL Price": 20,
    "COL ppu": "$0.31 per 1Ea",
    "COL Size": "65 pack"
  },
  {
    "Brand_Product_Size": "Rimmel Lasting Finish Liquid True Ivory Foundation 30mL",
    "COL Price": 11.4,
    "COL ppu": "$3.80 per 10mL",
    "COL Size": "30mL"
  },
  {
    "Brand_Product_Size": "Tragano Fire Roasted Red Peppers 480g",
    "COL Price": 4.5,
    "COL ppu": "$9.38 per 1Kg",
    "COL Size": "480g"
  },
  {
    "Brand_Product_Size": "The Honey Collective Co Pure Honey Twist & Squeeze 375g",
    "COL Price": 4.4,
    "COL ppu": "$1.17 per 100G",
    "COL Size": "375g"
  },
  {
    "Brand_Product_Size": "Cocobella Chocolate Flavoured Coconut Water 1L",
    "COL Price": 2.5,
    "COL ppu": "$2.50 per 1L",
    "COL Size": "1L"
  },
  {
    "Brand_Product_Size": "MasterFoods Smokey BBQ Sauce 500mL",
    "COL Price": 3.15,
    "COL ppu": "$0.63 per 100mL",
    "COL Size": "500mL"
  },
  {
    "Brand_Product_Size": "Sun Harvest Pickled Vegetables Gherkins 1kg",
    "COL Price": 4,
    "COL ppu": "$4.00 per 1Kg",
    "COL Size": "1kg"
  },
  {
    "Brand_Product_Size": "Cottons Overnight Pads 10 pack",
    "COL Price": 5.2,
    "COL ppu": "$0.52 per 1Ea",
    "COL Size": "10 pack"
  },
  {
    "Brand_Product_Size": "FAB Essential Oils Sensually Fresh 1.8L",
    "COL Price": 8,
    "COL ppu": "$4.44 per 1L",
    "COL Size": "1.8L"
  },
  {
    "Brand_Product_Size": "Cornwell's Lancashire Relish 500mL",
    "COL Price": 5,
    "COL ppu": "$1.00 per 100mL",
    "COL Size": "500mL"
  },
  {
    "Brand_Product_Size": "BX Earth Dog All Natural Shampoo Cleansing Aloe Vera Oatmeal & Shea Butter 500mL",
    "COL Price": 12,
    "COL ppu": "$2.40 per 100mL",
    "COL Size": "500mL"
  },
  {
    "Brand_Product_Size": "Coles Belgian Chocolate Cheesecake Slice 2 pack 220g",
    "COL Price": 5,
    "COL ppu": "$2.27 per 100G",
    "COL Size": "220g"
  },
  {
    "Brand_Product_Size": "Mckenzie's Gluten Free Baking Powder 300g",
    "COL Price": 5,
    "COL ppu": "$1.67 per 100G",
    "COL Size": "300g"
  },
  {
    "Brand_Product_Size": "Aerogard Fabric Insect Repellent Odourless 150g",
    "COL Price": 11.5,
    "COL ppu": "$7.67 per 100G",
    "COL Size": "150g"
  },
  {
    "Brand_Product_Size": "Coles Peas & Carrots 420g",
    "COL Price": 1.35,
    "COL ppu": "$3.21 per 1Kg",
    "COL Size": "420g"
  },
  {
    "Brand_Product_Size": "Twinings Herbal Infusions Live Well Focus 18 pack",
    "COL Price": 6.5,
    "COL ppu": "$0.36 per 1Ea",
    "COL Size": "18 pack"
  },
  {
    "Brand_Product_Size": "SPC Aussie Diced Pears in Juice 120g 4 pack",
    "COL Price": 3,
    "COL ppu": "$6.25 per 1Kg",
    "COL Size": "4 pack"
  },
  {
    "Brand_Product_Size": "Coles Pineapple Pieces 200g",
    "COL Price": 2.5,
    "COL ppu": "$1.25 per 100G",
    "COL Size": "200g"
  },
  {
    "Brand_Product_Size": "Air Wick Essential Oils Vanilla & Soft Cashmere Freshmatic Refill 174g",
    "COL Price": 8,
    "COL ppu": "$4.60 per 100G",
    "COL Size": "174g"
  },
  {
    "Brand_Product_Size": "Cuddly Classic Fresh Fabric Softener Sachet 300mL",
    "COL Price": 2.7,
    "COL ppu": "$9.00 per 1L",
    "COL Size": "300mL"
  },
  {
    "Brand_Product_Size": "Connoisseur Caramel Honey Macadamia Gourmet Ice Cream Tub 1L",
    "COL Price": 7.5,
    "COL ppu": "$0.75 per 100mL",
    "COL Size": "1L"
  },
  {
    "Brand_Product_Size": "Coles Frozen Organic Mixed Berries 450g",
    "COL Price": 7.5,
    "COL ppu": "$1.67 per 100G",
    "COL Size": "450g"
  },
  {
    "Brand_Product_Size": "Coles Deli Small BBQ Pasta Salad each",
    "COL Price": 5,
    "COL ppu": "$5.00 per 1Ea",
    "COL Size": "each"
  },
  {
    "Brand_Product_Size": "Maybelline Instant Age Rewind Eraser Dark Circles Medium 6mL",
    "COL Price": 10,
    "COL ppu": "$16.67 per 10mL",
    "COL Size": "6mL"
  },
  {
    "Brand_Product_Size": "Soothers Medicated Lemon & Lime Liquid Centres Throat Lozenges 1 pack",
    "COL Price": 2.2,
    "COL ppu": "$4.40 per 100G",
    "COL Size": "1 pack"
  },
  {
    "Brand_Product_Size": "Celestial Seasonings Bengal Spice Tea Bags 20 pack 47g",
    "COL Price": 4.2,
    "COL ppu": "$0.21 per 1Ea",
    "COL Size": "47g"
  },
  {
    "Brand_Product_Size": "Helga's Turkish Loaf 450g",
    "COL Price": 4,
    "COL ppu": "$0.89 per 100G",
    "COL Size": "450g"
  },
  {
    "Brand_Product_Size": "Freedom Foods Barley+ Muesli Apple & Sultana 500g",
    "COL Price": 6,
    "COL ppu": "$1.20 per 100G",
    "COL Size": "500g"
  },
  {
    "Brand_Product_Size": "Health Lab Kids Bliss Bites Choc 150g",
    "COL Price": 6.5,
    "COL ppu": "$4.33 per 100G",
    "COL Size": "150g"
  },
  {
    "Brand_Product_Size": "Robert Timms Cafe Series Freeze Dried Dark Roast 90g",
    "COL Price": 3.97,
    "COL ppu": "$4.41 per 100G",
    "COL Size": "90g"
  },
  {
    "Brand_Product_Size": "Darrell Lea Batch 37 Fresh Liquorice 260g",
    "COL Price": 4.4,
    "COL ppu": "$1.69 per 100G",
    "COL Size": "260g"
  },
  {
    "Brand_Product_Size": "Palmolive Luminous Oils Liquid Hand Wash Coconut 500mL",
    "COL Price": 5,
    "COL ppu": "$1.00 per 100mL",
    "COL Size": "500mL"
  },
  {
    "Brand_Product_Size": "Coles Bakery Chocolate Chip Cookies 12 pack",
    "COL Price": 2,
    "COL ppu": "$0.17 per 1Ea",
    "COL Size": "12 pack"
  },
  {
    "Brand_Product_Size": "Coles Deli Small Greek Salad each",
    "COL Price": 5,
    "COL ppu": "$5.00 per 1Ea",
    "COL Size": "each"
  },
  {
    "Brand_Product_Size": "Easiyo Strawberry Yoghurt 230g",
    "COL Price": 4.5,
    "COL ppu": "$1.96 per 100G",
    "COL Size": "230g"
  },
  {
    "Brand_Product_Size": "Clairol Root Touch Up Colour Blending Gel Blonde 45mL",
    "COL Price": 12.6,
    "COL ppu": "$2.80 per 10mL",
    "COL Size": "45mL"
  },
  {
    "Brand_Product_Size": "Crankt Protein Shake Chocolate 375mL",
    "COL Price": 4.15,
    "COL ppu": "$11.07 per 1L",
    "COL Size": "375mL"
  },
  {
    "Brand_Product_Size": "Coles RSPCA Approved Medium Whole Chicken approx. 1.65kg",
    "COL Price": 6.435,
    "COL ppu": "$3.90 per 1Kg",
    "COL Size": "approx. 1.65kg"
  },
  {
    "Brand_Product_Size": "Mr Chen's Vietnamese Beef Pho Kit 500g",
    "COL Price": 7.5,
    "COL ppu": "$1.50 per 100G",
    "COL Size": "500g"
  },
  {
    "Brand_Product_Size": "Coles Finest Angus Beef Porterhouse Steak approx. 320g each",
    "COL Price": 15.36,
    "COL ppu": "$48.00 per 1Kg",
    "COL Size": "approx. 320g each"
  },
  {
    "Brand_Product_Size": "Bic Hybrid Comfort 3 Disposable Razor 6 pack",
    "COL Price": 8.5,
    "COL ppu": "$8.50 per 1Ea",
    "COL Size": "6 pack"
  },
  {
    "Brand_Product_Size": "Rafferty's Garden 4M+ My First Pear 120g",
    "COL Price": 1.5,
    "COL ppu": "$1.25 per 100G",
    "COL Size": "120g"
  },
  {
    "Brand_Product_Size": "Seacrown Sardines In Tomato Sauce 125g",
    "COL Price": 0.75,
    "COL ppu": "$6.00 per 1Kg",
    "COL Size": "125g"
  },
  {
    "Brand_Product_Size": "Betadine Anaesthetic Lozenges Honey & Lemon Flavour 16 pack",
    "COL Price": 8,
    "COL ppu": "$0.50 per 1Ea",
    "COL Size": "16 pack"
  },
  {
    "Brand_Product_Size": "Musashi P30 High Protein Vanilla 900g",
    "COL Price": 27,
    "COL ppu": "$3.00 per 100G",
    "COL Size": "900g"
  },
  {
    "Brand_Product_Size": "Black Swan Spring Onion Dip 200g",
    "COL Price": 3.5,
    "COL ppu": "$1.75 per 100G",
    "COL Size": "200g"
  },
  {
    "Brand_Product_Size": "Coles Gourmandine Potatoes Prepacked 2kg",
    "COL Price": 4,
    "COL ppu": "$2.00 per 1Kg",
    "COL Size": "2kg"
  },
  {
    "Brand_Product_Size": "Kewpie Mayonnaise Sriracha 300g",
    "COL Price": 4.7,
    "COL ppu": "$1.57 per 100G",
    "COL Size": "300g"
  },
  {
    "Brand_Product_Size": "Coles Diced Tomatoes Mexican Style 400g",
    "COL Price": 1.1,
    "COL ppu": "$2.75 per 1Kg",
    "COL Size": "400g"
  },
  {
    "Brand_Product_Size": "Smith's Original Potato Crinkle Chips 380g",
    "COL Price": 7,
    "COL ppu": "$1.84 per 100G",
    "COL Size": "380g"
  },
  {
    "Brand_Product_Size": "L'Oreal Paris Elnett Flexible Hold Hairspray 75mL",
    "COL Price": 2.5,
    "COL ppu": "$3.33 per 100mL",
    "COL Size": "75mL"
  },
  {
    "Brand_Product_Size": "Nestle Plaistowe Cooking Chocolate Block White 180g",
    "COL Price": 4,
    "COL ppu": "$2.22 per 100G",
    "COL Size": "180g"
  },
  {
    "Brand_Product_Size": "Jiinju Gold Foil Sheet Mask 30mL",
    "COL Price": 6,
    "COL ppu": "$2.00 per 10mL",
    "COL Size": "30mL"
  },
  {
    "Brand_Product_Size": "Coles Salt & Vinegar Crinkle Cut Potato Chips 175g",
    "COL Price": 1.8,
    "COL ppu": "$1.03 per 100G",
    "COL Size": "175g"
  },
  {
    "Brand_Product_Size": "Drava Liver Paste 95g",
    "COL Price": 2.1,
    "COL ppu": "$2.21 per 100G",
    "COL Size": "95g"
  },
  {
    "Brand_Product_Size": "Coles Multi Purpose Cellulose Sponges 5 pack",
    "COL Price": 1.6,
    "COL ppu": "$0.32 per 1Ea",
    "COL Size": "5 pack"
  },
  {
    "Brand_Product_Size": "Coles Thawed Seafood Peeled Chilli Prawns approx. 250g",
    "COL Price": 6.25,
    "COL ppu": "$25.00 per 1Kg",
    "COL Size": "approx. 250g"
  },
  {
    "Brand_Product_Size": "Vittoria Organic Espresso Coffee Beans 1kg",
    "COL Price": 36.5,
    "COL ppu": "$3.65 per 100G",
    "COL Size": "1kg"
  },
  {
    "Brand_Product_Size": "Schweppes Lemonade Multipack Mini Cans 200mL 6 pack",
    "COL Price": 6.2,
    "COL ppu": "$5.17 per 1L",
    "COL Size": "6 pack"
  },
  {
    "Brand_Product_Size": "Gentle Touch Nail Care Set 1 pack",
    "COL Price": 8.5,
    "COL ppu": "$8.50 per 1Ea",
    "COL Size": "1 pack"
  },
  {
    "Brand_Product_Size": "Buderim Ginger Ginger Refresher Cordial 750mL",
    "COL Price": 4,
    "COL ppu": "$5.33 per 1L",
    "COL Size": "750mL"
  },
  {
    "Brand_Product_Size": "Jarlsberg Original Cheese Slices 150g",
    "COL Price": 6.95,
    "COL ppu": "$46.34 per 1Kg",
    "COL Size": "150g"
  },
  {
    "Brand_Product_Size": "Liddells Tasty Cheese Slices 250g",
    "COL Price": 6.5,
    "COL ppu": "$26.00 per 1Kg",
    "COL Size": "250g"
  },
  {
    "Brand_Product_Size": "Coles Assure Liners 26 pack",
    "COL Price": 3,
    "COL ppu": "$0.12 per 1Ea",
    "COL Size": "26 pack"
  },
  {
    "Brand_Product_Size": "Coles Light Sour Cream 300g",
    "COL Price": 2.1,
    "COL ppu": "$0.70 per 100G",
    "COL Size": "300g"
  },
  {
    "Brand_Product_Size": "Nivea Sun Shine Control Face Sunscreen Lotion SPF50 50mL",
    "COL Price": 13,
    "COL ppu": "$26.00 per 100mL",
    "COL Size": "50mL"
  },
  {
    "Brand_Product_Size": "Dk Turkish Delight Rose 250g",
    "COL Price": 3.5,
    "COL ppu": "$1.40 per 100G",
    "COL Size": "250g"
  },
  {
    "Brand_Product_Size": "Coles Strawberry Fruit Spread 500g",
    "COL Price": 1.3,
    "COL ppu": "$0.28 per 100G",
    "COL Size": "500g"
  },
  {
    "Brand_Product_Size": "Aeroplane Port Wine Jelly Crystals 85g",
    "COL Price": 1.15,
    "COL ppu": "$1.35 per 100G",
    "COL Size": "85g"
  },
  {
    "Brand_Product_Size": "MasterFoods Regular Oregano Leaves 5g",
    "COL Price": 2.3,
    "COL ppu": "$4.60 per 10G",
    "COL Size": "5g"
  },
  {
    "Brand_Product_Size": "Lindt Lindor Pistachio 123g",
    "COL Price": 6,
    "COL ppu": "$4.88 per 100G",
    "COL Size": "123g"
  },
  {
    "Brand_Product_Size": "Oak Plus NSA Vanilla Flavoured Milk 500mL",
    "COL Price": 3.45,
    "COL ppu": "$6.90 per 1L",
    "COL Size": "500mL"
  },
  {
    "Brand_Product_Size": "Coles Deli Salads Tub Medium Classic Coleslaw medium",
    "COL Price": 5,
    "COL ppu": "$5.00 per 1Ea",
    "COL Size": "medium"
  },
  {
    "Brand_Product_Size": "Head & Shoulders Ultra Men 2 in 1 Sport Fresh Shampoo 550mL",
    "COL Price": 9.5,
    "COL ppu": "$1.73 per 100mL",
    "COL Size": "550mL"
  },
  {
    "Brand_Product_Size": "La Espanola Olive Oil 3.78L",
    "COL Price": 22,
    "COL ppu": "$0.58 per 100mL",
    "COL Size": "3.78L"
  },
  {
    "Brand_Product_Size": "Nature's Own Super B Complex Tablets 75 pack",
    "COL Price": 27,
    "COL ppu": "$0.36 per 1Ea",
    "COL Size": "75 pack"
  },
  {
    "Brand_Product_Size": "Serious Organic Frozen Blueberries 250g",
    "COL Price": 6,
    "COL ppu": "$2.40 per 100G",
    "COL Size": "250g"
  },
  {
    "Brand_Product_Size": "Schweppes Orange Mango Mineral Water 1.1L",
    "COL Price": 2.15,
    "COL ppu": "$1.95 per 1L",
    "COL Size": "1.1L"
  },
  {
    "Brand_Product_Size": "Scott Cornwall Decolour Hair Colour Remover 1 pack",
    "COL Price": 25,
    "COL ppu": "$25.00 per 1Ea",
    "COL Size": "1 pack"
  },
  {
    "Brand_Product_Size": "Only Organic Mango Rice Pudding Baby Food Pouch 8+ Months 120g",
    "COL Price": 2,
    "COL ppu": "$1.67 per 100G",
    "COL Size": "120g"
  },
  {
    "Brand_Product_Size": "Vitasoy Oat Long Life Milk 1L",
    "COL Price": 2.9,
    "COL ppu": "$2.90 per 1L",
    "COL Size": "1L"
  },
  {
    "Brand_Product_Size": "Coles Pork Leg Roast Boneless approx. 2.1kg each",
    "COL Price": 17.85,
    "COL ppu": "$8.50 per 1Kg",
    "COL Size": "approx. 2.1kg each"
  },
  {
    "Brand_Product_Size": "Coles Coriander Sleeved 1 bunch",
    "COL Price": 2.98,
    "COL ppu": "$2.98 per 1Ea",
    "COL Size": "1 bunch"
  },
  {
    "Brand_Product_Size": "L'Oreal Revitalift Laser Renew Serum 30mL",
    "COL Price": 35,
    "COL ppu": "$116.67 per 100mL",
    "COL Size": "30mL"
  },
  {
    "Brand_Product_Size": "Lavazza Espresso Barista Perfetto Beans 1kg",
    "COL Price": 22,
    "COL ppu": "$2.20 per 100G",
    "COL Size": "1kg"
  },
  {
    "Brand_Product_Size": "Dare Mocha Flavoured Milk 750mL",
    "COL Price": 4.1,
    "COL ppu": "$5.47 per 1L",
    "COL Size": "750mL"
  },
  {
    "Brand_Product_Size": "Old El Paso Mexe Beans Mild 425g",
    "COL Price": 2.4,
    "COL ppu": "$0.56 per 100G",
    "COL Size": "425g"
  },
  {
    "Brand_Product_Size": "Pepsi Max Multipack Mini Cans 200mL 6 pack",
    "COL Price": 6.2,
    "COL ppu": "$5.17 per 1L",
    "COL Size": "6 pack"
  },
  {
    "Brand_Product_Size": "Always Fresh Stuffed Kalamata Jalapenos Stuffed Olives 220g",
    "COL Price": 5.4,
    "COL ppu": "$2.45 per 100G",
    "COL Size": "220g"
  },
  {
    "Brand_Product_Size": "Yates Blitzem Snail & Slug Pellets 500g",
    "COL Price": 3.08,
    "COL ppu": "$3.08 per 1ea",
    "COL Size": "500g"
  },
  {
    "Brand_Product_Size": "Kiwi Express Instant Shine Show Polish Sponge Neutral 7mL",
    "COL Price": 6.5,
    "COL ppu": "$92.86 per 100mL",
    "COL Size": "7mL"
  },
  {
    "Brand_Product_Size": "Black Swan Spicy Capsicum Dip 200g",
    "COL Price": 3.5,
    "COL ppu": "$1.75 per 100G",
    "COL Size": "200g"
  },
  {
    "Brand_Product_Size": "Peckish Brown Rice Black Sesame Crackers 90g",
    "COL Price": 2.5,
    "COL ppu": "$2.78 per 100G",
    "COL Size": "90g"
  },
  {
    "Brand_Product_Size": "Absolutely Cracked Pepper Crackers 125g",
    "COL Price": 11.8,
    "COL ppu": "$9.44 per 100G",
    "COL Size": "125g"
  },
  {
    "Brand_Product_Size": "Coles Bakery Jumbo Cookie Triple Choc each",
    "COL Price": 2,
    "COL ppu": "$2.00 per 1Ea",
    "COL Size": "each"
  },
  {
    "Brand_Product_Size": "Arnott's Crackers Original Pizza Shapes 8 Pack 200g",
    "COL Price": 3,
    "COL ppu": "$1.50 per 100G",
    "COL Size": "200g"
  },
  {
    "Brand_Product_Size": "Coles Orange Fruit Drink 2L",
    "COL Price": 2.35,
    "COL ppu": "$1.18 per 1L",
    "COL Size": "2L"
  },
  {
    "Brand_Product_Size": "Mission Tortillas Corn & Wheat 384g",
    "COL Price": 3.8,
    "COL ppu": "$0.99 per 100G",
    "COL Size": "384g"
  },
  {
    "Brand_Product_Size": "Coles Deli Salad Tubs Snack Quinoa Tabouleah Salad each",
    "COL Price": 3,
    "COL ppu": "$3.00 per 1Ea",
    "COL Size": "each"
  },
  {
    "Brand_Product_Size": "Bulla Murray St Blackberry Swirl & Brown Ice Cream 460mL",
    "COL Price": 6,
    "COL ppu": "$1.30 per 100mL",
    "COL Size": "460mL"
  },
  {
    "Brand_Product_Size": "Coles Green Capsicum Loose approx. 250g each",
    "COL Price": 1.725,
    "COL ppu": "$6.90 per 1Kg",
    "COL Size": "approx. 250g each"
  },
  {
    "Brand_Product_Size": "Coles Sweet Pastry Flan 160g",
    "COL Price": 3.5,
    "COL ppu": "$2.19 per 100G",
    "COL Size": "160g"
  },
  {
    "Brand_Product_Size": "Cub Potty 1 each",
    "COL Price": 6,
    "COL ppu": "",
    "COL Size": "1 each"
  },
  {
    "Brand_Product_Size": "Neutrogena Beach Defence Sunscreen Lotion SPF 50+ 198mL",
    "COL Price": 17.3,
    "COL ppu": "$8.74 per 100mL",
    "COL Size": "198mL"
  },
  {
    "Brand_Product_Size": "K-Roo Gourmet Kangaroo Meatballs 420g",
    "COL Price": 6.5,
    "COL ppu": "$15.48 per 1Kg",
    "COL Size": "420g"
  },
  {
    "Brand_Product_Size": "Coles Kitchen Broccoli Cauliflower & Parmesan Soup 300g",
    "COL Price": 3,
    "COL ppu": "$1.00 per 100G",
    "COL Size": "300g"
  },
  {
    "Brand_Product_Size": "Super Nature Sweet Potato Cottage Pie Meal 350g",
    "COL Price": 6.3,
    "COL ppu": "$1.80 per 100G",
    "COL Size": "350g"
  },
  {
    "Brand_Product_Size": "Pattu Chick Peas Kabuli 9mm 1kg",
    "COL Price": 4.5,
    "COL ppu": "$4.50 per 1Kg",
    "COL Size": "1kg"
  },
  {
    "Brand_Product_Size": "Coles Grape Perino Tomatoes Prepacked 200g",
    "COL Price": 4.5,
    "COL ppu": "$22.50 per 1Kg",
    "COL Size": "200g"
  },
  {
    "Brand_Product_Size": "Sole Mare Wild Brisling Sardines With Wood Smoked 120g",
    "COL Price": 3.5,
    "COL ppu": "$29.17 per 1Kg",
    "COL Size": "120g"
  },
  {
    "Brand_Product_Size": "Coles Deli Fresh Whole Salmon approx. 3kg each",
    "COL Price": 72,
    "COL ppu": "$24.00 per 1Kg",
    "COL Size": "approx. 3kg each"
  },
  {
    "Brand_Product_Size": "Cottee's Apple, Lime & Kiwi  Flavour Cordial 1L",
    "COL Price": 4.2,
    "COL ppu": "$4.20 per 1L",
    "COL Size": "1L"
  },
  {
    "Brand_Product_Size": "Siena Gnocchi 500g",
    "COL Price": 2.2,
    "COL ppu": "$0.44 per 100G",
    "COL Size": "500g"
  },
  {
    "Brand_Product_Size": "Difflam Plus Anaesthetic Lozenges Honey & Lemon Flavour 16 pack",
    "COL Price": 10,
    "COL ppu": "$0.63 per 1Ea",
    "COL Size": "16 pack"
  },
  {
    "Brand_Product_Size": "Presstik Glitter Book Covering each",
    "COL Price": 4,
    "COL ppu": "$4.00 per 1Ea",
    "COL Size": "each"
  },
  {
    "Brand_Product_Size": "Nood Wild Caught Tuna & Salmon Recipe In Gravy Cat Food 80g 12 pack",
    "COL Price": 13,
    "COL ppu": "$1.35 per 100G",
    "COL Size": "12 pack"
  },
  {
    "Brand_Product_Size": "Royal Fields Dark Red Kidney Beans 1kg",
    "COL Price": 5.9,
    "COL ppu": "$5.90 per 1Kg",
    "COL Size": "1kg"
  },
  {
    "Brand_Product_Size": "Nature Valley Crunchy Variety 12 Twin Bars 504g",
    "COL Price": 8,
    "COL ppu": "$1.59 per 100G",
    "COL Size": "504g"
  },
  {
    "Brand_Product_Size": "L'OR Espresso Origins Variety Pack Capsules 40 pack",
    "COL Price": 18,
    "COL ppu": "$0.45 per 1Ea",
    "COL Size": "40 pack"
  },
  {
    "Brand_Product_Size": "Moro Organico Extra Virgin Olive Oil 500mL",
    "COL Price": 10,
    "COL ppu": "$2.00 per 100mL",
    "COL Size": "500mL"
  },
  {
    "Brand_Product_Size": "Ayam Sweet Chilli Sauce 435mL",
    "COL Price": 3.3,
    "COL ppu": "$0.76 per 100mL",
    "COL Size": "435mL"
  },
  {
    "Brand_Product_Size": "Tonik Plant Based Protein Shake RTD Salted Caramel 330mL",
    "COL Price": 4,
    "COL ppu": "$1.21 per 100mL",
    "COL Size": "330mL"
  },
  {
    "Brand_Product_Size": "Air Wick Essential Mist Refill Peony & Jasmine 20mL",
    "COL Price": 8,
    "COL ppu": "$4.00 per 10mL",
    "COL Size": "20mL"
  },
  {
    "Brand_Product_Size": "Cadbury Flake Chocolate Multipack 12 Treats 168g",
    "COL Price": 2.5,
    "COL ppu": "$1.49 per 100G",
    "COL Size": "168g"
  },
  {
    "Brand_Product_Size": "Conair Transparent Toiletry Travel Bag 1 pack",
    "COL Price": 10,
    "COL ppu": "$10.00 per 1Ea",
    "COL Size": "1 pack"
  },
  {
    "Brand_Product_Size": "Coles Snap Frozen Peas & Corn 500g",
    "COL Price": 2.35,
    "COL ppu": "$4.70 per 1Kg",
    "COL Size": "500g"
  },
  {
    "Brand_Product_Size": "Leggo's Tomato Paste Sachet 4 Pack 50g",
    "COL Price": 2.3,
    "COL ppu": "$1.15 per 100G",
    "COL Size": "50g"
  },
  {
    "Brand_Product_Size": "M&M's Cookies 8 pack 200g",
    "COL Price": 3,
    "COL ppu": "$1.50 per 100G",
    "COL Size": "200g"
  },
  {
    "Brand_Product_Size": "Premier Selection Gruyere Cheese approx. 100g",
    "COL Price": 6.5,
    "COL ppu": "$65.00 per 1Kg",
    "COL Size": "approx. 100g"
  },
  {
    "Brand_Product_Size": "Cook & Dine Roasting Pan with Rack each",
    "COL Price": 15,
    "COL ppu": "$15.00 per 1Ea",
    "COL Size": "each"
  },
  {
    "Brand_Product_Size": "Purina Felix As Good As It Looks Favourite Selection Cat Food 12 pack",
    "COL Price": 11.5,
    "COL ppu": "$1.13 per 100G",
    "COL Size": "12 pack"
  },
  {
    "Brand_Product_Size": "Coles Pineapple Drink 1.25L",
    "COL Price": 1,
    "COL ppu": "$0.80 per 1L",
    "COL Size": "1.25L"
  },
  {
    "Brand_Product_Size": "Paper Mate Liquid Paper Dryline Grip Correction Tape each",
    "COL Price": 5.5,
    "COL ppu": "$5.50 per 1Ea",
    "COL Size": "each"
  },
  {
    "Brand_Product_Size": "Coles Modelling Paste 250g",
    "COL Price": 4.5,
    "COL ppu": "$1.80 per 100G",
    "COL Size": "250g"
  },
  {
    "Brand_Product_Size": "Cook & Dine Porcelain Oval Baker each",
    "COL Price": 10,
    "COL ppu": "$10.00 per 1Ea",
    "COL Size": "each"
  },
  {
    "Brand_Product_Size": "Voost Magnesium 200mg Natural Citrus 20 Effervescent Tablets 1 pack",
    "COL Price": 6.5,
    "COL ppu": "$6.50 per 1Ea",
    "COL Size": "1 pack"
  },
  {
    "Brand_Product_Size": "Darrell Lea Dark Chocolate Block 170g",
    "COL Price": 3,
    "COL ppu": "$1.76 per 100G",
    "COL Size": "170g"
  },
  {
    "Brand_Product_Size": "Ben & Jerry's Non Dairy Choc Chip Cookie Dough 458mL",
    "COL Price": 8,
    "COL ppu": "$1.75 per 100mL",
    "COL Size": "458mL"
  },
  {
    "Brand_Product_Size": "Chicken Tonight Golden Honey Mustard with Carrot & Onions Simmer Sauce 485g",
    "COL Price": 2.5,
    "COL ppu": "$0.52 per 100G",
    "COL Size": "485g"
  },
  {
    "Brand_Product_Size": "NRG Super Alkaline AAA Batteries 4 pack",
    "COL Price": 4.5,
    "COL ppu": "$1.13 per 1Ea",
    "COL Size": "4 pack"
  },
  {
    "Brand_Product_Size": "Coles Original Flavour Stacked Chips 160g",
    "COL Price": 1.75,
    "COL ppu": "$1.09 per 100G",
    "COL Size": "160g"
  },
  {
    "Brand_Product_Size": "Devondale Moo Chocolate Flavoured Multipack Milk 200mL 6 pack",
    "COL Price": 4.35,
    "COL ppu": "$3.63 per 1L",
    "COL Size": "6 pack"
  },
  {
    "Brand_Product_Size": "Grapetiser Sparkling Red Grape Juice Bottle 750mL",
    "COL Price": 3.15,
    "COL ppu": "$4.20 per 1L",
    "COL Size": "750mL"
  },
  {
    "Brand_Product_Size": "Eskal Cucumber Dill Pickles 540g",
    "COL Price": 3.4,
    "COL ppu": "$0.63 per 100G",
    "COL Size": "540g"
  },
  {
    "Brand_Product_Size": "L'Oreal Colour Riche Lipstick Blush Plum 255 3.3g",
    "COL Price": 15.4,
    "COL ppu": "$46.67 per 10G",
    "COL Size": "3.3g"
  },
  {
    "Brand_Product_Size": "Coles Deli Peri Peri Shredded Chicken approx. 125g",
    "COL Price": 3.3125,
    "COL ppu": "$26.50 per 1Kg",
    "COL Size": "approx. 125g"
  },
  {
    "Brand_Product_Size": "Coles Finest Chicken Tikka Masala 400g",
    "COL Price": 8.5,
    "COL ppu": "$2.13 per 100G",
    "COL Size": "400g"
  },
  {
    "Brand_Product_Size": "Coles Vanilla Ice Cream Cup Cones 24 pack",
    "COL Price": 2.5,
    "COL ppu": "$0.10 per 1Ea",
    "COL Size": "24 pack"
  },
  {
    "Brand_Product_Size": "Cook & Dine Roasting Pan Small each",
    "COL Price": 7,
    "COL ppu": "$7.00 per 1Ea",
    "COL Size": "each"
  },
  {
    "Brand_Product_Size": "Ubu Eyelash Curler 1 pack",
    "COL Price": 10,
    "COL ppu": "$10.00 per 1Ea",
    "COL Size": "1 pack"
  },
  {
    "Brand_Product_Size": "Bushells Blue LabelBlack Tea Bags 100 pack",
    "COL Price": 3.5,
    "COL ppu": "$0.04 per 1Ea",
    "COL Size": "100 pack"
  },
  {
    "Brand_Product_Size": "U By Kotex Designer Series Protect Liners 30 pack",
    "COL Price": 3.5,
    "COL ppu": "$0.12 per 1Ea",
    "COL Size": "30 pack"
  },
  {
    "Brand_Product_Size": "Dove Nourishing Secrets Lavender & Rose Roll On 50mL",
    "COL Price": 3.9,
    "COL ppu": "$7.80 per 100mL",
    "COL Size": "50mL"
  },
  {
    "Brand_Product_Size": "Sharwood's Tikka Masala Simmer Sauce 420g",
    "COL Price": 3,
    "COL ppu": "$0.71 per 100G",
    "COL Size": "420g"
  },
  {
    "Brand_Product_Size": "Primo Chorizos each",
    "COL Price": 3.3,
    "COL ppu": "$3.30 per 1Ea",
    "COL Size": "each"
  },
  {
    "Brand_Product_Size": "Pauls Kids Yoghurt Strawberry Red 70g",
    "COL Price": 1.4,
    "COL ppu": "$2.00 per 100G",
    "COL Size": "70g"
  },
  {
    "Brand_Product_Size": "Heinz Beanz No Added Sugar Baked Beans 220g",
    "COL Price": 1.65,
    "COL ppu": "$0.75 per 100G",
    "COL Size": "220g"
  },
  {
    "Brand_Product_Size": "Coles Deli Jarlsberg Lite Cheese Slices approx. 100g",
    "COL Price": 2.275,
    "COL ppu": "$22.75 per 1Kg",
    "COL Size": "approx. 100g"
  },
  {
    "Brand_Product_Size": "Coles Gluten Free Rustic Half Baguettes 2 pack 260g",
    "COL Price": 5,
    "COL ppu": "$1.92 per 100G",
    "COL Size": "260g"
  },
  {
    "Brand_Product_Size": "Bega Cream Cheese Spread Original 500g",
    "COL Price": 6.5,
    "COL ppu": "$13.00 per 1Kg",
    "COL Size": "500g"
  },
  {
    "Brand_Product_Size": "Coles Dairy Strawberry Yoghurt 1kg",
    "COL Price": 3.45,
    "COL ppu": "$3.45 per 1Kg",
    "COL Size": "1kg"
  },
  {
    "Brand_Product_Size": "Fantastic Instant Noodles 700g",
    "COL Price": 3,
    "COL ppu": "$0.43 per 100G",
    "COL Size": "700g"
  },
  {
    "Brand_Product_Size": "Birds Eye Frozen Steam Fresh Plus Pearl CousCous With Chick Peas 2 pack 400g",
    "COL Price": 5,
    "COL ppu": "$12.50 per 1Kg",
    "COL Size": "400g"
  },
  {
    "Brand_Product_Size": "Coles So Soft & Strong 4 Ply Toilet Tissue 8 pack",
    "COL Price": 4.4,
    "COL ppu": "$0.55 per 1Ea",
    "COL Size": "8 pack"
  },
  {
    "Brand_Product_Size": "Maggi 2 Minute Noodles Beef Wholegrain 5 Pack 335g",
    "COL Price": 3.95,
    "COL ppu": "$1.18 per 100G",
    "COL Size": "335g"
  },
  {
    "Brand_Product_Size": "Ready Chef Beef Lasagne 2kg",
    "COL Price": 15,
    "COL ppu": "$0.75 per 100G",
    "COL Size": "2kg"
  },
  {
    "Brand_Product_Size": "Arnott's Original BBQ Shapes 175g",
    "COL Price": 3.2,
    "COL ppu": "$1.83 per 100G",
    "COL Size": "175g"
  },
  {
    "Brand_Product_Size": "Two Good Yoghurt Strawberry 700g",
    "COL Price": 7,
    "COL ppu": "$1.00 per 100G",
    "COL Size": "700g"
  },
  {
    "Brand_Product_Size": "Heinz Baked Beans in Ham Sauce 300g",
    "COL Price": 1,
    "COL ppu": "$0.33 per 100G",
    "COL Size": "300g"
  },
  {
    "Brand_Product_Size": "Coles Deli Pansize Bacon approx. 250g each",
    "COL Price": 4,
    "COL ppu": "$16.00 per 1Kg",
    "COL Size": "approx. 250g each"
  },
  {
    "Brand_Product_Size": "McCain Frozen Meat Lovers Pizza Slices 6 pack 600g",
    "COL Price": 7.5,
    "COL ppu": "$1.25 per 100G",
    "COL Size": "600g"
  },
  {
    "Brand_Product_Size": "Always Fresh Pasticcini Hazelnut Biscuits 110g",
    "COL Price": 3.5,
    "COL ppu": "$3.18 per 100G",
    "COL Size": "110g"
  },
  {
    "Brand_Product_Size": "Next Plant Based Bacon Strips 200g",
    "COL Price": 9,
    "COL ppu": "$4.50 per 100G",
    "COL Size": "200g"
  },
  {
    "Brand_Product_Size": "Bega Simply Nuts The Crunchiest Peanut Butter 325g",
    "COL Price": 4,
    "COL ppu": "$1.23 per 100G",
    "COL Size": "325g"
  },
  {
    "Brand_Product_Size": "Coles Tuna Chunks in Springwater 95g",
    "COL Price": 0.9,
    "COL ppu": "$9.47 per 1Kg",
    "COL Size": "95g"
  },
  {
    "Brand_Product_Size": "Osem Bamba With Hazelnut Filling Snacks 60g",
    "COL Price": 1.9,
    "COL ppu": "$3.17 per 100G",
    "COL Size": "60g"
  },
  {
    "Brand_Product_Size": "San Remo Creamy Cheese Flavour Pasta & Sauce Single Snack 80g",
    "COL Price": 1,
    "COL ppu": "$1.25 per 100G",
    "COL Size": "80g"
  },
  {
    "Brand_Product_Size": "Lighthouse Cake, Sponge & Steamed Bun Self Raising Flour 1kg",
    "COL Price": 3.75,
    "COL ppu": "$3.75 per 1Kg",
    "COL Size": "1kg"
  },
  {
    "Brand_Product_Size": "Healthy Baker Flour Self Raising 1kg",
    "COL Price": 3,
    "COL ppu": "$3.00 per 1Kg",
    "COL Size": "1kg"
  },
  {
    "Brand_Product_Size": "Fountain Thick Mint Sauce 250mL",
    "COL Price": 2.5,
    "COL ppu": "$1.00 per 100mL",
    "COL Size": "250mL"
  },
  {
    "Brand_Product_Size": "McCain Man Size Butter Chicken 480g",
    "COL Price": 6,
    "COL ppu": "$1.25 per 100G",
    "COL Size": "480g"
  },
  {
    "Brand_Product_Size": "Uncle Ben's Microwave Tomato Basil Rice 250g",
    "COL Price": 2.5,
    "COL ppu": "$1.00 per 100G",
    "COL Size": "250g"
  },
  {
    "Brand_Product_Size": "Infuzions Veggie Straws Sour Cream & Herb Flavour 100g",
    "COL Price": 3.5,
    "COL ppu": "$3.50 per 100G",
    "COL Size": "100g"
  },
  {
    "Brand_Product_Size": "Coles Double Adaptor Flat Right Hand 2400W 1 pack",
    "COL Price": 2.25,
    "COL ppu": "$2.25 per 1Ea",
    "COL Size": "1 pack"
  },
  {
    "Brand_Product_Size": "Sunrice Organic Brown Rice 250g",
    "COL Price": 2.8,
    "COL ppu": "$1.12 per 100G",
    "COL Size": "250g"
  },
  {
    "Brand_Product_Size": "Bertocchi Mortadella Olive approx. 125g",
    "COL Price": 1.25,
    "COL ppu": "$10.00 per 1Kg",
    "COL Size": "approx. 125g"
  },
  {
    "Brand_Product_Size": "Coles I'M Free From Beef Pies 340g",
    "COL Price": 8,
    "COL ppu": "$2.35 per 100G",
    "COL Size": "340g"
  },
  {
    "Brand_Product_Size": "Babylove Unisex Stretchy Walker Nappy Pants 12-17 Kg Size 5 50 pack",
    "COL Price": 27,
    "COL ppu": "$0.54 per 1Ea",
    "COL Size": "50 pack"
  },
  {
    "Brand_Product_Size": "OC Naturals 2 In 1 Ani-Dandruff Conditioning Shampoo 400mL",
    "COL Price": 3.5,
    "COL ppu": "$0.88 per 100mL",
    "COL Size": "400mL"
  },
  {
    "Brand_Product_Size": "Senza Gluten Free Pizza Base 220g",
    "COL Price": 5,
    "COL ppu": "$2.27 per 100G",
    "COL Size": "220g"
  },
  {
    "Brand_Product_Size": "Coles Diced Peaches in Syrup 4 pack 480g",
    "COL Price": 2,
    "COL ppu": "$4.17 per 1Kg",
    "COL Size": "480g"
  },
  {
    "Brand_Product_Size": "Cottee's Apple & Raspberry Cordial 1L",
    "COL Price": 4.2,
    "COL ppu": "$4.20 per 1L",
    "COL Size": "1L"
  },
  {
    "Brand_Product_Size": "David's Kosher Salt 453g",
    "COL Price": 4.4,
    "COL ppu": "$0.97 per 100G",
    "COL Size": "453g"
  },
  {
    "Brand_Product_Size": "Coles Organic Raw Sugar 1kg",
    "COL Price": 2.85,
    "COL ppu": "$2.85 per 1Kg",
    "COL Size": "1kg"
  },
  {
    "Brand_Product_Size": "Rafferty's Garden Pureed Pear & Apricot 4+ Months 120g",
    "COL Price": 1.5,
    "COL ppu": "$1.25 per 100G",
    "COL Size": "120g"
  },
  {
    "Brand_Product_Size": "Coles Natures Kitchen Plain Tempeh 300g",
    "COL Price": 5,
    "COL ppu": "$1.67 per 100G",
    "COL Size": "300g"
  },
  {
    "Brand_Product_Size": "Coles Premium Apricot Jam 345g",
    "COL Price": 2.35,
    "COL ppu": "$0.68 per 100G",
    "COL Size": "345g"
  },
  {
    "Brand_Product_Size": "South Cape Danish Style Fetta 200g",
    "COL Price": 5,
    "COL ppu": "$25.00 per 1Kg",
    "COL Size": "200g"
  },
  {
    "Brand_Product_Size": "Dove Men+Care Antiperspirant Roll On Deodorant Cool Fresh 50mL",
    "COL Price": 3.9,
    "COL ppu": "$7.80 per 100mL",
    "COL Size": "50mL"
  },
  {
    "Brand_Product_Size": "Bega Tasty Cheese Block 500g",
    "COL Price": 8,
    "COL ppu": "$16.00 per 1Kg",
    "COL Size": "500g"
  },
  {
    "Brand_Product_Size": "Magazine Pink each",
    "COL Price": 9.99,
    "COL ppu": "",
    "COL Size": "each"
  },
  {
    "Brand_Product_Size": "Cadbury Crunchie Ice Cream Tub 1.2L",
    "COL Price": 9,
    "COL ppu": "$0.75 per 100mL",
    "COL Size": "1.2L"
  },
  {
    "Brand_Product_Size": "Aveeno Baby Daily Lotion 532mL",
    "COL Price": 18,
    "COL ppu": "$3.38 per 100mL",
    "COL Size": "532mL"
  },
  {
    "Brand_Product_Size": "Bonne Maman Fruit of the Forest Jam 370g",
    "COL Price": 5.2,
    "COL ppu": "$1.41 per 100G",
    "COL Size": "370g"
  },
  {
    "Brand_Product_Size": "Coles Beef T-Bone Steak approx. 380g",
    "COL Price": 10.26,
    "COL ppu": "$27.00 per 1Kg",
    "COL Size": "approx. 380g"
  },
  {
    "Brand_Product_Size": "Coles Pork Loin Chops approx. 496g",
    "COL Price": 8.432,
    "COL ppu": "$17.00 per 1Kg",
    "COL Size": "approx. 496g"
  },
  {
    "Brand_Product_Size": "St Tropez Self Tan Express Mini Mousse 100mL",
    "COL Price": 35,
    "COL ppu": "$35.00 per 100mL",
    "COL Size": "100mL"
  },
  {
    "Brand_Product_Size": "Temptation Frozen Petite Quiches Variety 30 Pack 500g",
    "COL Price": 9,
    "COL ppu": "$1.80 per 100G",
    "COL Size": "500g"
  },
  {
    "Brand_Product_Size": "Oki Fried Chicken Coating Hot Spicy 120g",
    "COL Price": 1.7,
    "COL ppu": "$1.42 per 100G",
    "COL Size": "120g"
  },
  {
    "Brand_Product_Size": "Harry Ramsden Chip Shop Curry Sauce 48g",
    "COL Price": 1.8,
    "COL ppu": "$3.75 per 100G",
    "COL Size": "48g"
  },
  {
    "Brand_Product_Size": "Coles Cinnamon Swirl 2 pack",
    "COL Price": 3,
    "COL ppu": "$1.50 per 1Ea",
    "COL Size": "2 pack"
  },
  {
    "Brand_Product_Size": "Panadol Extra with Optizorb Paracetamol Pain Relief Caplets 10 pack",
    "COL Price": 5,
    "COL ppu": "$0.50 per 1Ea",
    "COL Size": "10 pack"
  },
  {
    "Brand_Product_Size": "Coles Kids Birthday Badge each",
    "COL Price": 2.5,
    "COL ppu": "$2.50 per 1Ea",
    "COL Size": "each"
  },
  {
    "Brand_Product_Size": "Ogx Hevenly Hydration Cherry Blossom Conditioner 385mL",
    "COL Price": 20,
    "COL ppu": "$5.19 per 100mL",
    "COL Size": "385mL"
  },
  {
    "Brand_Product_Size": "Continental Curried Sausages Recipe Base Serves 4 35g",
    "COL Price": 1.6,
    "COL ppu": "$4.57 per 100G",
    "COL Size": "35g"
  },
  {
    "Brand_Product_Size": "Twinings Lemon Green Tea Bags 50 pack 100g",
    "COL Price": 7,
    "COL ppu": "$7.00 per 100G",
    "COL Size": "100g"
  },
  {
    "Brand_Product_Size": "The Cheesecake Shop Cheesecake Cup Passionfruit 100g",
    "COL Price": 3,
    "COL ppu": "$3.00 per 100G",
    "COL Size": "100g"
  },
  {
    "Brand_Product_Size": "Arnott's Tee Vee Snacks Value Pack Biscuits Malt Sticks 315g",
    "COL Price": 5.5,
    "COL ppu": "$1.75 per 100G",
    "COL Size": "315g"
  },
  {
    "Brand_Product_Size": "Babylove Unisex Cosifit Walker Jumbo Nappy 12-17 Kg Size 5 62 pack",
    "COL Price": 25,
    "COL ppu": "$0.40 per 1Ea",
    "COL Size": "62 pack"
  },
  {
    "Brand_Product_Size": "Bonvit Psyllium Husks 500g",
    "COL Price": 13.4,
    "COL ppu": "$2.68 per 100G",
    "COL Size": "500g"
  },
  {
    "Brand_Product_Size": "Tasmanian Heritage Camembert 125g",
    "COL Price": 5.25,
    "COL ppu": "$42.00 per 1Kg",
    "COL Size": "125g"
  },
  {
    "Brand_Product_Size": "Post-it Super Sticky Notes Miami 3 pack",
    "COL Price": 5.3,
    "COL ppu": "$1.77 per 1Ea",
    "COL Size": "3 pack"
  },
  {
    "Brand_Product_Size": "Maybelline Super Stay Forever Chestnut 115 Lipstick 1.8mL",
    "COL Price": 12,
    "COL ppu": "$66.67 per 10mL",
    "COL Size": "1.8mL"
  },
  {
    "Brand_Product_Size": "Wellness Road Almond Spread 250g",
    "COL Price": 8,
    "COL ppu": "$3.20 per 100G",
    "COL Size": "250g"
  },
  {
    "Brand_Product_Size": "Patak's Cashew & Coconut Simmer Sauce Mild 450g",
    "COL Price": 3.5,
    "COL ppu": "$0.78 per 100G",
    "COL Size": "450g"
  },
  {
    "Brand_Product_Size": "Liquid Ears Tws Bud Black 1 pack",
    "COL Price": 39,
    "COL ppu": "$39.00 per 1Ea",
    "COL Size": "1 pack"
  },
  {
    "Brand_Product_Size": "Magazine That's Life Mega Monthly each",
    "COL Price": 4.99,
    "COL ppu": "$4.99 per 1Ea",
    "COL Size": "each"
  },
  {
    "Brand_Product_Size": "Moccona Classic Dark Roast Instant Coffee 400g",
    "COL Price": 16,
    "COL ppu": "$4.00 per 100G",
    "COL Size": "400g"
  },
  {
    "Brand_Product_Size": "McCain Frozen Ultra Thin Crust Pepperoni Pizza 310g",
    "COL Price": 5.5,
    "COL ppu": "$1.77 per 100G",
    "COL Size": "310g"
  },
  {
    "Brand_Product_Size": "Whiskas Adult Dry Cat Food With Chicken And Rabbit 3kg",
    "COL Price": 14,
    "COL ppu": "$0.47 per 100G",
    "COL Size": "3kg"
  },
  {
    "Brand_Product_Size": "Nivea Stress Protect Aerosol Antiperspirant Deodorant 250mL",
    "COL Price": 6.5,
    "COL ppu": "$2.60 per 100mL",
    "COL Size": "250mL"
  },
  {
    "Brand_Product_Size": "Parker's Original Pretzels 6 pack 150g",
    "COL Price": 3.1,
    "COL ppu": "$2.07 per 100G",
    "COL Size": "150g"
  },
  {
    "Brand_Product_Size": "Farmers Market Hickory Beef & Herbs In Gravy Dog Food 100g",
    "COL Price": 1.5,
    "COL ppu": "$1.50 per 100G",
    "COL Size": "100g"
  },
  {
    "Brand_Product_Size": "Barilla Gluten Free Spaghetti Pasta 340g",
    "COL Price": 3.8,
    "COL ppu": "$1.12 per 100G",
    "COL Size": "340g"
  },
  {
    "Brand_Product_Size": "Perfect Italiano Extra Sharp Parmesan Cheese 200g",
    "COL Price": 5,
    "COL ppu": "$25.00 per 1Kg",
    "COL Size": "200g"
  },
  {
    "Brand_Product_Size": "Fantastic Beef Noodles Bowl 85g",
    "COL Price": 1.6,
    "COL ppu": "$1.88 per 100G",
    "COL Size": "85g"
  },
  {
    "Brand_Product_Size": "Casalingo New York Style Brisket Pastrami approx. 2kg each",
    "COL Price": 70,
    "COL ppu": "$35.00 per 1Kg",
    "COL Size": "approx. 2kg each"
  },
  {
    "Brand_Product_Size": "Primo Shredded Ham Twin Pack 300g",
    "COL Price": 4.6,
    "COL ppu": "$15.33 per 1Kg",
    "COL Size": "300g"
  },
  {
    "Brand_Product_Size": "Taste Traders Fig- Pepper & Honey Gourmet Crackers 100g",
    "COL Price": 3,
    "COL ppu": "$3.00 per 100G",
    "COL Size": "100g"
  },
  {
    "Brand_Product_Size": "Eskal Schmalz Herring 375g",
    "COL Price": 6.7,
    "COL ppu": "$17.87 per 1Kg",
    "COL Size": "375g"
  },
  {
    "Brand_Product_Size": "Uncle Tobys Oats Delicious Blends Roasted Almond Currant & Maple 320g",
    "COL Price": 2.75,
    "COL ppu": "$0.86 per 100G",
    "COL Size": "320g"
  },
  {
    "Brand_Product_Size": "Carman's Bar Nut Almond Cashew & Cranberry 45g",
    "COL Price": 3,
    "COL ppu": "$0.67 per 100G",
    "COL Size": "45g"
  },
  {
    "Brand_Product_Size": "Mildura Orange & Passionfruit Drink Chilled 3L",
    "COL Price": 4.91,
    "COL ppu": "$1.64 per 1L",
    "COL Size": "3L"
  },
  {
    "Brand_Product_Size": "Coles Meat Pie Single 150g",
    "COL Price": 0.75,
    "COL ppu": "$0.50 per 100G",
    "COL Size": "150g"
  },
  {
    "Brand_Product_Size": "Coles Figs Loose each",
    "COL Price": 1.7,
    "COL ppu": "$1.70 per 1Ea",
    "COL Size": "each"
  },
  {
    "Brand_Product_Size": "Olay Regenerist Advanced Anti-Ageing Revitalising Hydration Face Cream 50mL",
    "COL Price": 32.5,
    "COL ppu": "$65.00 per 100mL",
    "COL Size": "50mL"
  },
  {
    "Brand_Product_Size": "Cook & Dine Cutting Mats 4 pack",
    "COL Price": 5,
    "COL ppu": "$1.25 per 1Ea",
    "COL Size": "4 pack"
  },
  {
    "Brand_Product_Size": "Farmers Union Greek Style Natural Yoghurt 200g",
    "COL Price": 2.3,
    "COL ppu": "$1.15 per 100G",
    "COL Size": "200g"
  },
  {
    "Brand_Product_Size": "Captain's Table Classic Water Crackers 125g",
    "COL Price": 1.8,
    "COL ppu": "$1.44 per 100G",
    "COL Size": "125g"
  },
  {
    "Brand_Product_Size": "Always Fresh Grissini Breadsticks Three Seed 125g",
    "COL Price": 3.7,
    "COL ppu": "$2.96 per 100G",
    "COL Size": "125g"
  },
  {
    "Brand_Product_Size": "TCC Light Coconut Milk 400mL",
    "COL Price": 1.5,
    "COL ppu": "$0.38 per 100mL",
    "COL Size": "400mL"
  },
  {
    "Brand_Product_Size": "Praise Traditional Mayonnaise 470g",
    "COL Price": 4.2,
    "COL ppu": "$0.89 per 100G",
    "COL Size": "470g"
  },
  {
    "Brand_Product_Size": "Thursday Plantation Peppermint Oil 25mL",
    "COL Price": 11.37,
    "COL ppu": "$45.48 per 100mL",
    "COL Size": "25mL"
  },
  {
    "Brand_Product_Size": "Schmackos Stix With Beef Dog Treat 200g",
    "COL Price": 6,
    "COL ppu": "$3.00 per 100G",
    "COL Size": "200g"
  },
  {
    "Brand_Product_Size": "I&J The Finest Frozen Squid Tubes 1kg",
    "COL Price": 9.5,
    "COL ppu": "$9.50 per 1Kg",
    "COL Size": "1kg"
  },
  {
    "Brand_Product_Size": "Twinings Australian Afternoon Tea Bags 10 pack 20g",
    "COL Price": 2.9,
    "COL ppu": "$0.29 per 1Ea",
    "COL Size": "20g"
  },
  {
    "Brand_Product_Size": "Nudie Nothing But Juice Orange 3L",
    "COL Price": 9,
    "COL ppu": "$3.00 per 1L",
    "COL Size": "3L"
  },
  {
    "Brand_Product_Size": "Bonds Mens Logo Light No Show SYTK4G Size 11-14 4 pack",
    "COL Price": 15,
    "COL ppu": "",
    "COL Size": "4 pack"
  },
  {
    "Brand_Product_Size": "Passage Foods Passage To India Butter Chicken Simmer Sauce Pouch Extra Mild 375g",
    "COL Price": 2.35,
    "COL ppu": "$0.63 per 100G",
    "COL Size": "375g"
  },
  {
    "Brand_Product_Size": "Coles Tortoiseshell Claw Grips Black 2 pack",
    "COL Price": 5.6,
    "COL ppu": "$2.80 per 1Ea",
    "COL Size": "2 pack"
  },
  {
    "Brand_Product_Size": "Nescafe Farmers Origins Africa Ristretto Capsules 10 pack",
    "COL Price": 6.2,
    "COL ppu": "$0.62 per 1Ea",
    "COL Size": "10 pack"
  },
  {
    "Brand_Product_Size": "Crest Compact Hub 2 Sockets 2 USB 1.2M each",
    "COL Price": 30,
    "COL ppu": "$30.00 per 1KGM",
    "COL Size": "each"
  },
  {
    "Brand_Product_Size": "Arnott's Shapes Mini Bites Crackers Supreme Cheese 150g",
    "COL Price": 3.2,
    "COL ppu": "$2.13 per 100G",
    "COL Size": "150g"
  },
  {
    "Brand_Product_Size": "Coles Convenience Meal Frozen Shepherd's Pie 375g",
    "COL Price": 3,
    "COL ppu": "$0.80 per 100G",
    "COL Size": "375g"
  },
  {
    "Brand_Product_Size": "Val Verde Rustica Passata 680g",
    "COL Price": 2.8,
    "COL ppu": "$0.41 per 100G",
    "COL Size": "680g"
  },
  {
    "Brand_Product_Size": "Nescafe Blend 43 Coffee Espresso 500g",
    "COL Price": 20,
    "COL ppu": "$4.00 per 100G",
    "COL Size": "500g"
  },
  {
    "Brand_Product_Size": "Table Of Plenty Veggie Golden Moroccan 25g",
    "COL Price": 3,
    "COL ppu": "$1.20 per 10G",
    "COL Size": "25g"
  },
  {
    "Brand_Product_Size": "Coles Soft White Toast bread Loaf 700g",
    "COL Price": 1.75,
    "COL ppu": "$0.25 per 100G",
    "COL Size": "700g"
  },
  {
    "Brand_Product_Size": "UW Mens Sport Crew Assorted 7-10 4 pack",
    "COL Price": 10,
    "COL ppu": "$2.50 per 1Ea",
    "COL Size": "4 pack"
  },
  {
    "Brand_Product_Size": "Simple Pure Roll On Deodorant 50mL",
    "COL Price": 4.5,
    "COL ppu": "$9.00 per 100mL",
    "COL Size": "50mL"
  },
  {
    "Brand_Product_Size": "Old El Paso Taco Shells Family Pack 18 pack",
    "COL Price": 4.5,
    "COL ppu": "$0.25 per 1Ea",
    "COL Size": "18 pack"
  },
  {
    "Brand_Product_Size": "Sistema To Go Lunch Cube Max 2 Litre each",
    "COL Price": 10,
    "COL ppu": "$10.00 per 1Ea",
    "COL Size": "each"
  },
  {
    "Brand_Product_Size": "Golden Crumpet Square 6 pack 425g",
    "COL Price": 2.5,
    "COL ppu": "$0.42 per 1Ea",
    "COL Size": "425g"
  },
  {
    "Brand_Product_Size": "Coles Diced Pears in Syrup Fruit Cups 4 Pack 480g",
    "COL Price": 2,
    "COL ppu": "$0.42 per 100G",
    "COL Size": "480g"
  },
  {
    "Brand_Product_Size": "Coles Premium Cherry Jam 345g",
    "COL Price": 2.35,
    "COL ppu": "$0.68 per 100G",
    "COL Size": "345g"
  },
  {
    "Brand_Product_Size": "Old Town 3 In 1 Classic White Coffee 570g",
    "COL Price": 7,
    "COL ppu": "$1.23 per 100G",
    "COL Size": "570g"
  },
  {
    "Brand_Product_Size": "Coles Sweet Chilli Sauce 500mL",
    "COL Price": 1.79,
    "COL ppu": "$0.36 per 100mL",
    "COL Size": "500mL"
  },
  {
    "Brand_Product_Size": "On The Menu Beef Meatloaf 320g",
    "COL Price": 4.8,
    "COL ppu": "$1.50 per 100G",
    "COL Size": "320g"
  },
  {
    "Brand_Product_Size": "Olay Magnemasks Anti Aging Refill 50g",
    "COL Price": 49,
    "COL ppu": "$98.00 per 100G",
    "COL Size": "50g"
  },
  {
    "Brand_Product_Size": "Country Life Gluten Free Multigrain Bread 400g",
    "COL Price": 6,
    "COL ppu": "$1.50 per 100G",
    "COL Size": "400g"
  },
  {
    "Brand_Product_Size": "Optimum Grain Free Lamb & Green Beans Wet Dog Food Trays 85g",
    "COL Price": 1.5,
    "COL ppu": "$1.76 per 100G",
    "COL Size": "85g"
  },
  {
    "Brand_Product_Size": "Coles 4 Leaf Salad Mix Prepacked 200g",
    "COL Price": 3,
    "COL ppu": "$15.00 per 1Kg",
    "COL Size": "200g"
  },
  {
    "Brand_Product_Size": "LifeStyles Silky Smooth Lubricant 100g",
    "COL Price": 7,
    "COL ppu": "$7.00 per 100G",
    "COL Size": "100g"
  },
  {
    "Brand_Product_Size": "Temptations Seafood Medley Flavour Cat Treats 85g",
    "COL Price": 4.3,
    "COL ppu": "$5.06 per 100G",
    "COL Size": "85g"
  },
  {
    "Brand_Product_Size": "Coles Deli Peri Peri Shredded Chicken approx. 125g",
    "COL Price": 3.3125,
    "COL ppu": "$26.50 per 1Kg",
    "COL Size": "approx. 125g"
  },
  {
    "Brand_Product_Size": "Lee Kum Kee Lemon Chicken Sauce Pouch 145g",
    "COL Price": 2.2,
    "COL ppu": "$1.52 per 100G",
    "COL Size": "145g"
  },
  {
    "Brand_Product_Size": "Coles Thawed Seafood Cooked XL Black Tiger Prawn 3kg",
    "COL Price": 87,
    "COL ppu": "$29.00 per 1Kg",
    "COL Size": "3kg"
  },
  {
    "Brand_Product_Size": "Coles Free Range RSPCA Approved Chicken Thigh Cutlets approx. 1.05kg",
    "COL Price": 11.025,
    "COL ppu": "$10.50 per 1Kg",
    "COL Size": "approx. 1.05kg"
  },
  {
    "Brand_Product_Size": "British Sausage Co Smoked Back Bacon 200g",
    "COL Price": 7,
    "COL ppu": "$35.00 per 1Kg",
    "COL Size": "200g"
  },
  {
    "Brand_Product_Size": "Nescafe Blend 43 Espresso Instant Coffee 150g",
    "COL Price": 9.4,
    "COL ppu": "$6.27 per 100G",
    "COL Size": "150g"
  },
  {
    "Brand_Product_Size": "Loumidis Papagalos Greek Coffee 490g",
    "COL Price": 10,
    "COL ppu": "$2.04 per 100G",
    "COL Size": "490g"
  },
  {
    "Brand_Product_Size": "Red Kellys Gluten Free Traditional Dressing 250mL",
    "COL Price": 4,
    "COL ppu": "$1.60 per 100mL",
    "COL Size": "250mL"
  },
  {
    "Brand_Product_Size": "Elanco Comfortis Fleas Small Dog Treatment 1 pack",
    "COL Price": 22,
    "COL ppu": "$22.00 per 1Ea",
    "COL Size": "1 pack"
  },
  {
    "Brand_Product_Size": "The Dutch Company Licorice Coins 100g",
    "COL Price": 2.5,
    "COL ppu": "$2.50 per 100G",
    "COL Size": "100g"
  },
  {
    "Brand_Product_Size": "Gippsland Dairy Watermelon & Strawberry Twist Yoghurt 160g",
    "COL Price": 2.5,
    "COL ppu": "$1.56 per 100G",
    "COL Size": "160g"
  },
  {
    "Brand_Product_Size": "Cadbury Picnic Chocolate Multipack 12 Treats 180g",
    "COL Price": 2.5,
    "COL ppu": "$1.39 per 100G",
    "COL Size": "180g"
  },
  {
    "Brand_Product_Size": "Monday Volume Shampoo 350mL",
    "COL Price": 7,
    "COL ppu": "$2.00 per 100mL",
    "COL Size": "350mL"
  },
  {
    "Brand_Product_Size": "Barilla Pesto Rocket 190g",
    "COL Price": 4,
    "COL ppu": "$2.11 per 100G",
    "COL Size": "190g"
  },
  {
    "Brand_Product_Size": "Coles Instant Coffee Powder 500g",
    "COL Price": 7,
    "COL ppu": "$1.40 per 100G",
    "COL Size": "500g"
  },
  {
    "Brand_Product_Size": "Yumi's Smoked Trout 150g",
    "COL Price": 10,
    "COL ppu": "$66.67 per 1Kg",
    "COL Size": "150g"
  },
  {
    "Brand_Product_Size": "Oates Brush Scrub each",
    "COL Price": 4.95,
    "COL ppu": "$4.95 per 1Ea",
    "COL Size": "each"
  },
  {
    "Brand_Product_Size": "Toni & Guy Strengthplex Bond Repair Conditioner 250mL",
    "COL Price": 16,
    "COL ppu": "$6.40 per 100mL",
    "COL Size": "250mL"
  },
  {
    "Brand_Product_Size": "Eylure Lengthening Starter Kit Lashes each",
    "COL Price": 14,
    "COL ppu": "$14.00 per 1Ea",
    "COL Size": "each"
  },
  {
    "Brand_Product_Size": "Thankyou Botanical Lemon Myrtle & Goat's Milk Body Wash 1L",
    "COL Price": 9.1,
    "COL ppu": "$9.10 per 1L",
    "COL Size": "1L"
  },
  {
    "Brand_Product_Size": "Coles Rainbow Scene Setter each",
    "COL Price": 4,
    "COL ppu": "$4.00 per 1Ea",
    "COL Size": "each"
  },
  {
    "Brand_Product_Size": "John West Smoked Oysters In BBQ Sauce 85g",
    "COL Price": 2.75,
    "COL ppu": "$32.35 per 1Kg",
    "COL Size": "85g"
  },
  {
    "Brand_Product_Size": "Scholl Work Men Activ Gel each",
    "COL Price": 28,
    "COL ppu": "$28.00 per 1Ea",
    "COL Size": "each"
  },
  {
    "Brand_Product_Size": "Gillette Venus Satin Care with a Touch of Olay Violet Swirl Shaving Gel 195g",
    "COL Price": 8,
    "COL ppu": "$4.10 per 100G",
    "COL Size": "195g"
  },
  {
    "Brand_Product_Size": "Pitango Mexican Chicken Burrito Bowl 350g",
    "COL Price": 9.95,
    "COL ppu": "$2.84 per 100G",
    "COL Size": "350g"
  },
  {
    "Brand_Product_Size": "McVitie's Penguin Biscuits 6 Pack 147g",
    "COL Price": 2.8,
    "COL ppu": "$1.90 per 100G",
    "COL Size": "147g"
  },
  {
    "Brand_Product_Size": "Queen Salted Caramel Flavour 50mL",
    "COL Price": 1.8,
    "COL ppu": "$0.36 per 10mL",
    "COL Size": "50mL"
  },
  {
    "Brand_Product_Size": "Coles Deli Sweberg Cheese approx. 100g",
    "COL Price": 1.8,
    "COL ppu": "$18.00 per 1Kg",
    "COL Size": "approx. 100g"
  },
  {
    "Brand_Product_Size": "Optimum Chicken & Rice Puppy Wet Dog Food Can 700g",
    "COL Price": 3,
    "COL ppu": "$0.43 per 100G",
    "COL Size": "700g"
  },
  {
    "Brand_Product_Size": "Coles Butter Croissants 4 pack 168g",
    "COL Price": 2.5,
    "COL ppu": "$1.49 per 100G",
    "COL Size": "168g"
  },
  {
    "Brand_Product_Size": "Freedom Foods Messy Monkeys A2 Protein Chocolate Flavoured Multipack Dairy Milk 200mL 6 pack",
    "COL Price": 6,
    "COL ppu": "$5.00 per 1L",
    "COL Size": "6 pack"
  },
  {
    "Brand_Product_Size": "Coles Salted Caramel & Chocolate Pot 2 pack",
    "COL Price": 5,
    "COL ppu": "$2.50 per 1Ea",
    "COL Size": "2 pack"
  },
  {
    "Brand_Product_Size": "Mix Fuller Figure Pantyhose 15 Denier Black Size 2 4 pack",
    "COL Price": 5,
    "COL ppu": "$1.25 per 1Ea",
    "COL Size": "4 pack"
  },
  {
    "Brand_Product_Size": "Applaws Chicken Breast With Beef Liver & Vegetables Dog Food 156g",
    "COL Price": 2.8,
    "COL ppu": "$1.79 per 100G",
    "COL Size": "156g"
  },
  {
    "Brand_Product_Size": "Pringles Sour Cream & Onion Stacked Potato Chips 53g",
    "COL Price": 1.5,
    "COL ppu": "$2.83 per 100G",
    "COL Size": "53g"
  },
  {
    "Brand_Product_Size": "Balance Cleanse Water 1L",
    "COL Price": 2.1,
    "COL ppu": "$2.10 per 1L",
    "COL Size": "1L"
  },
  {
    "Brand_Product_Size": "Hoyts Crushed Dry Hot Chilli 700g",
    "COL Price": 12,
    "COL ppu": "$0.17 per 10G",
    "COL Size": "700g"
  },
  {
    "Brand_Product_Size": "Qiushi Hot Pot Spinach Noodles 300g",
    "COL Price": 2.5,
    "COL ppu": "$0.83 per 100G",
    "COL Size": "300g"
  },
  {
    "Brand_Product_Size": "Coles Barbecue Squeezy Sauce 500mL",
    "COL Price": 1.5,
    "COL ppu": "$0.30 per 100mL",
    "COL Size": "500mL"
  },
  {
    "Brand_Product_Size": "Bellamy's Organic Apple & Pear Baby Snacks 20g",
    "COL Price": 3.5,
    "COL ppu": "$17.50 per 100G",
    "COL Size": "20g"
  },
  {
    "Brand_Product_Size": "Swisspers Make Up Pads 80 pack",
    "COL Price": 3.75,
    "COL ppu": "$4.69 per 100Ea",
    "COL Size": "80 pack"
  },
  {
    "Brand_Product_Size": "Amy's Kitchen Organic Split Pea Soup Canned 400g",
    "COL Price": 3.9,
    "COL ppu": "$0.98 per 100G",
    "COL Size": "400g"
  },
  {
    "Brand_Product_Size": "Coles Vanilla Cream Wafers 125g",
    "COL Price": 0.55,
    "COL ppu": "$0.44 per 100G",
    "COL Size": "125g"
  },
  {
    "Brand_Product_Size": "NRG Lithium Batteries 2025 2 pack",
    "COL Price": 6,
    "COL ppu": "$3.00 per 1Ea",
    "COL Size": "2 pack"
  },
  {
    "Brand_Product_Size": "Coles Lactose Free Uht Low Fat Milk 1L",
    "COL Price": 1.7,
    "COL ppu": "$1.70 per 1L",
    "COL Size": "1L"
  },
  {
    "Brand_Product_Size": "Coles Beef Blade Roast With Pastrami Rub approx. 1kg",
    "COL Price": 17,
    "COL ppu": "$17.00 per 1Kg",
    "COL Size": "approx. 1kg"
  },
  {
    "Brand_Product_Size": "Higher Living Organic Golden Turmeric Tea Bags 15 pack 30g",
    "COL Price": 2.95,
    "COL ppu": "$0.20 per 1Ea",
    "COL Size": "30g"
  },
  {
    "Brand_Product_Size": "Coles Gluten Free English Muffins 2 Pack 140g",
    "COL Price": 3,
    "COL ppu": "$2.14 per 100G",
    "COL Size": "140g"
  },
  {
    "Brand_Product_Size": "Pine O Cleen Washing Machine Cleaner Lemon 250mL 2 pack",
    "COL Price": 10,
    "COL ppu": "$20.00 per 1L",
    "COL Size": "2 pack"
  },
  {
    "Brand_Product_Size": "Primo Deli Express Chicken Frankfurt 750g",
    "COL Price": 6.5,
    "COL ppu": "$0.87 per 100G",
    "COL Size": "750g"
  },
  {
    "Brand_Product_Size": "Lighthouse Pizza & Focaccia Flour 500g",
    "COL Price": 2.85,
    "COL ppu": "$0.57 per 100G",
    "COL Size": "500g"
  },
  {
    "Brand_Product_Size": "Queen Midnight Magic Sprinkles 110g",
    "COL Price": 4,
    "COL ppu": "$3.64 per 100G",
    "COL Size": "110g"
  },
  {
    "Brand_Product_Size": "Coles Chocolate Dairy Dessert 12 Pack 1.2kg",
    "COL Price": 4.8,
    "COL ppu": "$0.40 per 100G",
    "COL Size": "1.2kg"
  },
  {
    "Brand_Product_Size": "Creative Gourmet Frozen Mango Chunks 750g",
    "COL Price": 8,
    "COL ppu": "$1.07 per 100G",
    "COL Size": "750g"
  },
  {
    "Brand_Product_Size": "Coles Raw Sugar 2kg",
    "COL Price": 2.1,
    "COL ppu": "$0.11 per 100G",
    "COL Size": "2kg"
  },
  {
    "Brand_Product_Size": "Bega Easy Melt Colby Cheese Slices 15 pack 250g",
    "COL Price": 4.5,
    "COL ppu": "$1.80 per 100G",
    "COL Size": "250g"
  },
  {
    "Brand_Product_Size": "Helga's Pumpkin Five Seed Bread 720g",
    "COL Price": 3.9,
    "COL ppu": "$0.54 per 100G",
    "COL Size": "720g"
  },
  {
    "Brand_Product_Size": "Fairy Dishwashing Tablets 28 pack",
    "COL Price": 31,
    "COL ppu": "$1.11 per 1Ea",
    "COL Size": "28 pack"
  },
  {
    "Brand_Product_Size": "Sunrice Thin Sour Cream & Chives Gluten Free Rice Cakes 195g",
    "COL Price": 2.7,
    "COL ppu": "$1.38 per 100G",
    "COL Size": "195g"
  },
  {
    "Brand_Product_Size": "Dairy Farmers Classic Smooth & Creamy Chocolate 500mL",
    "COL Price": 3,
    "COL ppu": "$6.00 per 1L",
    "COL Size": "500mL"
  },
  {
    "Brand_Product_Size": "Birds Eye Frozen Malaysian Vegetables Stir Fry 500g",
    "COL Price": 2.8,
    "COL ppu": "$5.60 per 1Kg",
    "COL Size": "500g"
  },
  {
    "Brand_Product_Size": "Coles Prawns Cooked & Peeled Tail On 350g",
    "COL Price": 10,
    "COL ppu": "$28.57 per 1Kg",
    "COL Size": "350g"
  },
  {
    "Brand_Product_Size": "Coles Fresh Cream Iced Sponge Cake 450g",
    "COL Price": 5.5,
    "COL ppu": "$1.22 per 100G",
    "COL Size": "450g"
  },
  {
    "Brand_Product_Size": "Zooper Dooper 8 Cosmic Flavours Water Ice 70mL Tubes 24 pack",
    "COL Price": 5.8,
    "COL ppu": "$0.35 per 100mL",
    "COL Size": "24 pack"
  },
  {
    "Brand_Product_Size": "Coles Cocoa Puffs 300g",
    "COL Price": 1.9,
    "COL ppu": "$0.63 per 100G",
    "COL Size": "300g"
  },
  {
    "Brand_Product_Size": "Majans Bhuja Original Mix 180g",
    "COL Price": 2.5,
    "COL ppu": "$13.89 per 1Kg",
    "COL Size": "180g"
  },
  {
    "Brand_Product_Size": "Bosisto's Bathroom & Shower Cleaner 500mL",
    "COL Price": 3.75,
    "COL ppu": "$0.75 per 100mL",
    "COL Size": "500mL"
  },
  {
    "Brand_Product_Size": "Stevia Sweet Granulated Sweetener Jar 75g",
    "COL Price": 6.5,
    "COL ppu": "$8.67 per 100G",
    "COL Size": "75g"
  },
  {
    "Brand_Product_Size": "Hydro Silk Sensitive Refill 4 pack",
    "COL Price": 9.82,
    "COL ppu": "$2.46 per 1Ea",
    "COL Size": "4 pack"
  },
  {
    "Brand_Product_Size": "Toscano Chocolate Crepes 192g",
    "COL Price": 4.7,
    "COL ppu": "$2.45 per 100G",
    "COL Size": "192g"
  },
  {
    "Brand_Product_Size": "Coles Motor Oil SAE 15W-40 4L",
    "COL Price": 17,
    "COL ppu": "$0.43 per 100mL",
    "COL Size": "4L"
  },
  {
    "Brand_Product_Size": "Pantene Pro-V Classic Clean Shampoo 900mL",
    "COL Price": 17,
    "COL ppu": "$1.89 per 100mL",
    "COL Size": "900mL"
  },
  {
    "Brand_Product_Size": "Food for Health Fruit Free Bars With Almond & Chia 6 Bars 150g",
    "COL Price": 7,
    "COL ppu": "$4.67 per 100G",
    "COL Size": "150g"
  },
  {
    "Brand_Product_Size": "Carmans Goodness Crackers Caramelised Onion 150g",
    "COL Price": 3,
    "COL ppu": "$2.00 per 100G",
    "COL Size": "150g"
  },
  {
    "Brand_Product_Size": "Ambi Pur Air Effects Linen & Sky Air Freshener 275g",
    "COL Price": 6,
    "COL ppu": "$2.18 per 100G",
    "COL Size": "275g"
  },
  {
    "Brand_Product_Size": "Elevate Dry Mature Chicken Cat Food 800g",
    "COL Price": 14,
    "COL ppu": "$1.75 per 100G",
    "COL Size": "800g"
  },
  {
    "Brand_Product_Size": "Flora Margarine Spread Buttery 1kg",
    "COL Price": 5,
    "COL ppu": "$0.50 per 100G",
    "COL Size": "1kg"
  },
  {
    "Brand_Product_Size": "Colgate Max Fresh Cool Mint Toothpaste 110g",
    "COL Price": 4.8,
    "COL ppu": "$4.36 per 100G",
    "COL Size": "110g"
  },
  {
    "Brand_Product_Size": "Osem Cream Crackers 250g",
    "COL Price": 3,
    "COL ppu": "$1.20 per 100G",
    "COL Size": "250g"
  },
  {
    "Brand_Product_Size": "Skinny Cow Multiflavour Sundaes Ice Cream Cups 4 pack 680mL",
    "COL Price": 6,
    "COL ppu": "$0.88 per 100mL",
    "COL Size": "680mL"
  },
  {
    "Brand_Product_Size": "Nature's Way Beauty Collagen Berry 40 Gummies 1 pack",
    "COL Price": 20,
    "COL ppu": "$20.00 per 1Ea",
    "COL Size": "1 pack"
  },
  {
    "Brand_Product_Size": "Coles Natures Kitchen Vegetable Sauce 425g",
    "COL Price": 3.7,
    "COL ppu": "$0.87 per 100G",
    "COL Size": "425g"
  },
  {
    "Brand_Product_Size": "Hoyts Bouquet Garni 4 Sachets 5g",
    "COL Price": 1.85,
    "COL ppu": "$3.70 per 10G",
    "COL Size": "5g"
  },
  {
    "Brand_Product_Size": "Marion's Kitchen Japanese Style Ginger & Sesame Salad Dressing 240mL",
    "COL Price": 5,
    "COL ppu": "$2.08 per 100mL",
    "COL Size": "240mL"
  },
  {
    "Brand_Product_Size": "Coles Platter Snackers each",
    "COL Price": 12,
    "COL ppu": "$12.00 per 1Ea",
    "COL Size": "each"
  },
  {
    "Brand_Product_Size": "Morning Fresh Super Strength Lemon Dishwashing Liquid 900mL",
    "COL Price": 7.5,
    "COL ppu": "$0.83 per 100mL",
    "COL Size": "900mL"
  },
  {
    "Brand_Product_Size": "Covergirl Advanced Radiance Natural Beige 120 Pressed Powder 13.1 mL",
    "COL Price": 20,
    "COL ppu": "$15.27 per 10mL",
    "COL Size": "13.1 mL"
  },
  {
    "Brand_Product_Size": "Oral-B Electric Toothbrush Precision Clean Head 3 pack",
    "COL Price": 14.7,
    "COL ppu": "$4.90 per 1Ea",
    "COL Size": "3 pack"
  },
  {
    "Brand_Product_Size": "Pana Mylk 80g",
    "COL Price": 9,
    "COL ppu": "$11.25 per 100G",
    "COL Size": "80g"
  },
  {
    "Brand_Product_Size": "Cook & Dine Patterned Dip Bowl Set each",
    "COL Price": 14,
    "COL ppu": "$14.00 per 1Ea",
    "COL Size": "each"
  },
  {
    "Brand_Product_Size": "McLintocks Vanilla Fresh Fridge & Kitchen Wipe Trigger Spray 500mL",
    "COL Price": 4.75,
    "COL ppu": "$0.95 per 100mL",
    "COL Size": "500mL"
  },
  {
    "Brand_Product_Size": "Finish Quantum Ultimate Lemon Dishwasher Tablet 36 pack",
    "COL Price": 18,
    "COL ppu": "$0.50 per 1Ea",
    "COL Size": "36 pack"
  },
  {
    "Brand_Product_Size": "Coles Urban Coffee Culture Dolce Gusto Americano Capsules 16 pack",
    "COL Price": 5.5,
    "COL ppu": "$0.34 per 1Ea",
    "COL Size": "16 pack"
  },
  {
    "Brand_Product_Size": "Gillette Series After Shave Splash Cool Wave 50ml 50mL",
    "COL Price": 7,
    "COL ppu": "$14.00 per 100mL",
    "COL Size": "50mL"
  },
  {
    "Brand_Product_Size": "Clif Bar Chocolate Chip Bar 68g",
    "COL Price": 2.4,
    "COL ppu": "$3.53 per 100G",
    "COL Size": "68g"
  },
  {
    "Brand_Product_Size": "Strepsils Plus Anaesthetic Sore Throat Numbing Pain Relief 16 Lozenges 1 pack",
    "COL Price": 7.5,
    "COL ppu": "$7.50 per 1Ea",
    "COL Size": "1 pack"
  },
  {
    "Brand_Product_Size": "Lucky Natural Pistachio Nuts 185g",
    "COL Price": 10.15,
    "COL ppu": "$54.86 per 1Kg",
    "COL Size": "185g"
  },
  {
    "Brand_Product_Size": "Maggi Stir Fry Creations Pad Thai 150g",
    "COL Price": 2.7,
    "COL ppu": "$1.80 per 100G",
    "COL Size": "150g"
  },
  {
    "Brand_Product_Size": "Oxfam Fair World Blend Organic Ground Coffee 250g",
    "COL Price": 9,
    "COL ppu": "$3.60 per 100G",
    "COL Size": "250g"
  },
  {
    "Brand_Product_Size": "Pedigree Dentastix Large Dog Treats Daily Oral Care Dental Chew 28 pack",
    "COL Price": 17.5,
    "COL ppu": "$0.63 per 1Ea",
    "COL Size": "28 pack"
  },
  {
    "Brand_Product_Size": "Beechworth Pure Australian Honey 500g",
    "COL Price": 8.75,
    "COL ppu": "$1.75 per 100G",
    "COL Size": "500g"
  },
  {
    "Brand_Product_Size": "Morning Fresh Super Strength Lime Fresh Dishwashing Liquid 900mL",
    "COL Price": 7.5,
    "COL ppu": "$0.83 per 100mL",
    "COL Size": "900mL"
  },
  {
    "Brand_Product_Size": "Capilano Organic Honey Up Side Down 340g",
    "COL Price": 9.65,
    "COL ppu": "$2.84 per 100G",
    "COL Size": "340g"
  },
  {
    "Brand_Product_Size": "Fancy Feast Grilled Poultry & Salmon Cat Food 85g 12 pack",
    "COL Price": 12,
    "COL ppu": "$1.00 per 1Ea",
    "COL Size": "12 pack"
  },
  {
    "Brand_Product_Size": "A2 Full Cream Instant Milk Powder 1kg",
    "COL Price": 15,
    "COL ppu": "$1.50 per 100G",
    "COL Size": "1kg"
  },
  {
    "Brand_Product_Size": "Aeroplane Lite Orange Mango Jelly Crystals 2 pack 18g",
    "COL Price": 2,
    "COL ppu": "$11.11 per 100G",
    "COL Size": "18g"
  },
  {
    "Brand_Product_Size": "Coles Smoke Flavoured Cheese Slices 12 Pack 250g",
    "COL Price": 2.9,
    "COL ppu": "$1.16 per 100G",
    "COL Size": "250g"
  },
  {
    "Brand_Product_Size": "Thankyou Orange & Almond Liquid Hand Wash 500mL",
    "COL Price": 5.25,
    "COL ppu": "$1.05 per 100mL",
    "COL Size": "500mL"
  },
  {
    "Brand_Product_Size": "Coles Wide Tooth Comb 1 pack",
    "COL Price": 3.5,
    "COL ppu": "$3.50 per 1Ea",
    "COL Size": "1 pack"
  },
  {
    "Brand_Product_Size": "Sanitarium So Good Chocolate Bliss Frozen Dessert Tub 1L",
    "COL Price": 6.6,
    "COL ppu": "$6.60 per 1L",
    "COL Size": "1L"
  },
  {
    "Brand_Product_Size": "Air Wick Pure Spring Delight Air Freshener 159g",
    "COL Price": 7,
    "COL ppu": "$4.40 per 100G",
    "COL Size": "159g"
  },
  {
    "Brand_Product_Size": "Fresh Half Honeydew Melon each",
    "COL Price": 2.7,
    "COL ppu": "$2.70 per 1Ea",
    "COL Size": "each"
  },
  {
    "Brand_Product_Size": "Smith's Crinkle Cut Salt & Vinegar Potato Chips 170g",
    "COL Price": 3.5,
    "COL ppu": "$2.06 per 100G",
    "COL Size": "170g"
  },
  {
    "Brand_Product_Size": "Wrigley's Extra White Sugar Free Peppermint Chewing Gum Bottle 46 Piece 64g",
    "COL Price": 4,
    "COL ppu": "$6.25 per 100G",
    "COL Size": "64g"
  },
  {
    "Brand_Product_Size": "Well Naturally Dark Chocolate Coconut Rough 90g",
    "COL Price": 4,
    "COL ppu": "$4.44 per 100G",
    "COL Size": "90g"
  },
  {
    "Brand_Product_Size": "Coles Frozen Squid Rings 500g",
    "COL Price": 8.7,
    "COL ppu": "$17.40 per 1Kg",
    "COL Size": "500g"
  },
  {
    "Brand_Product_Size": "S&W Cage Free Mayonnaise 880g",
    "COL Price": 9.5,
    "COL ppu": "$1.08 per 100G",
    "COL Size": "880g"
  },
  {
    "Brand_Product_Size": "Wrigley's Hubba Bubba Groovy Grape Bubble Gum Tape 180cm 56g",
    "COL Price": 2.4,
    "COL ppu": "$4.29 per 100G",
    "COL Size": "56g"
  },
  {
    "Brand_Product_Size": "Batiste Opulent & Bold Luxe Dry Shampoo 200mL",
    "COL Price": 10,
    "COL ppu": "$5.00 per 100mL",
    "COL Size": "200mL"
  },
  {
    "Brand_Product_Size": "White Glo Micellar Whitening Toothpaste 150g",
    "COL Price": 6,
    "COL ppu": "$4.00 per 100G",
    "COL Size": "150g"
  },
  {
    "Brand_Product_Size": "Pauls Farmhouse Gold Full Cream Milk 1.5L",
    "COL Price": 3.45,
    "COL ppu": "$2.30 per 1L",
    "COL Size": "1.5L"
  },
  {
    "Brand_Product_Size": "Coles Finest Black Olive Tapenade 95g",
    "COL Price": 3.5,
    "COL ppu": "$3.68 per 100G",
    "COL Size": "95g"
  },
  {
    "Brand_Product_Size": "Coles Kitchen Pizza Chicken Parma 470g",
    "COL Price": 5,
    "COL ppu": "$1.06 per 100G",
    "COL Size": "470g"
  },
  {
    "Brand_Product_Size": "Haldirams Onion Bhaji 283g",
    "COL Price": 5.25,
    "COL ppu": "$1.86 per 100G",
    "COL Size": "283g"
  },
  {
    "Brand_Product_Size": "Pascall Fruit Jubes Lollies 180g",
    "COL Price": 3.5,
    "COL ppu": "$1.94 per 100G",
    "COL Size": "180g"
  },
  {
    "Brand_Product_Size": "Farmers Union Iced Coffee 2L",
    "COL Price": 4.3,
    "COL ppu": "$2.15 per 1L",
    "COL Size": "2L"
  },
  {
    "Brand_Product_Size": "Cook & Dine Food Containers 300mL 6 pack",
    "COL Price": 2,
    "COL ppu": "$0.33 per 1Ea",
    "COL Size": "6 pack"
  },
  {
    "Brand_Product_Size": "Coles Gourmet BBQ Pulled Pork Burgers 250g",
    "COL Price": 4,
    "COL ppu": "$16.00 per 1Kg",
    "COL Size": "250g"
  },
  {
    "Brand_Product_Size": "Method Ginger Mango Laundry Liquid 1.58L",
    "COL Price": 23,
    "COL ppu": "$14.56 per 1L",
    "COL Size": "1.58L"
  },
  {
    "Brand_Product_Size": "OMO Sensitive Front & Top Loader Laundry Detergent Washing Powder 1kg",
    "COL Price": 10,
    "COL ppu": "$10.00 per 1Kg",
    "COL Size": "1kg"
  },
  {
    "Brand_Product_Size": "Don Chorizo 375g",
    "COL Price": 9,
    "COL ppu": "$24.00 per 1Kg",
    "COL Size": "375g"
  },
  {
    "Brand_Product_Size": "Farmer Jo Gluten Free Paleo Granola 300g",
    "COL Price": 8.5,
    "COL ppu": "$2.83 per 100G",
    "COL Size": "300g"
  },
  {
    "Brand_Product_Size": "Coles Sweet & Salty Popcorn 120g",
    "COL Price": 2.1,
    "COL ppu": "$1.75 per 100G",
    "COL Size": "120g"
  },
  {
    "Brand_Product_Size": "Coles Deli Primo Chilli Coated Salami approx. 125g",
    "COL Price": 4,
    "COL ppu": "$32.00 per 1Kg",
    "COL Size": "approx. 125g"
  },
  {
    "Brand_Product_Size": "Hovex Camphor 18g",
    "COL Price": 2.8,
    "COL ppu": "$15.56 per 100G",
    "COL Size": "18g"
  },
  {
    "Brand_Product_Size": "Schweppes 7Up Lemonade 1.25L",
    "COL Price": 1.3,
    "COL ppu": "$1.04 per 1L",
    "COL Size": "1.25L"
  },
  {
    "Brand_Product_Size": "Telstra Flip 3 4GX each",
    "COL Price": 119,
    "COL ppu": "$119.00 per 1Ea",
    "COL Size": "each"
  },
  {
    "Brand_Product_Size": "L'Oreal Paris Excellence 2 Black Brown Hair Colour 1 pack",
    "COL Price": 20,
    "COL ppu": "$20.00 per 1Ea",
    "COL Size": "1 pack"
  },
  {
    "Brand_Product_Size": "Marbig Colourhide Notebook A4 120 page",
    "COL Price": 4.15,
    "COL ppu": "",
    "COL Size": "120 page"
  },
  {
    "Brand_Product_Size": "Birds Eye Frozen Deli Barramundi Crisp Light Batter 5 pack 250g",
    "COL Price": 9,
    "COL ppu": "$36.00 per 1Kg",
    "COL Size": "250g"
  },
  {
    "Brand_Product_Size": "Dove Hair Therapy Intensive Repair Conditioner 640mL",
    "COL Price": 11.9,
    "COL ppu": "$1.86 per 100mL",
    "COL Size": "640mL"
  },
  {
    "Brand_Product_Size": "CSR Demerara Sugar 375g",
    "COL Price": 3,
    "COL ppu": "$0.80 per 100G",
    "COL Size": "375g"
  },
  {
    "Brand_Product_Size": "A2 Infant Formula Stage 3 Platinum Premium Toddler Milk 900g",
    "COL Price": 33.6,
    "COL ppu": "$3.73 per 100G",
    "COL Size": "900g"
  },
  {
    "Brand_Product_Size": "Smiths Baked Salt 5 pack 130g",
    "COL Price": 4.65,
    "COL ppu": "$3.58 per 100G",
    "COL Size": "130g"
  },
  {
    "Brand_Product_Size": "Sunbeam Seeded Raisins Dried 375g",
    "COL Price": 4.9,
    "COL ppu": "$13.07 per 1Kg",
    "COL Size": "375g"
  },
  {
    "Brand_Product_Size": "Bow Wow Oinkers Dog Treats 4 pack",
    "COL Price": 3.5,
    "COL ppu": "$0.88 per 1Ea",
    "COL Size": "4 pack"
  },
  {
    "Brand_Product_Size": "Elanco Comfortis Fleas Large Dog Treatment 1 pack",
    "COL Price": 22,
    "COL ppu": "$22.00 per 1Ea",
    "COL Size": "1 pack"
  },
  {
    "Brand_Product_Size": "Philadelphia Cream For Cooking Cream Cheese 250mL",
    "COL Price": 3.3,
    "COL ppu": "$1.32 per 100mL",
    "COL Size": "250mL"
  },
  {
    "Brand_Product_Size": "Edenvale Non Alcoholic  Drink Sauvignon Blan 750mL",
    "COL Price": 8.5,
    "COL ppu": "$11.33 per 1L",
    "COL Size": "750mL"
  },
  {
    "Brand_Product_Size": "Oreo Golden Creme Biscuits Original 133g",
    "COL Price": 1.5,
    "COL ppu": "$1.13 per 100G",
    "COL Size": "133g"
  },
  {
    "Brand_Product_Size": "MasterFoods Chipotle Taco Style Sauce 250mL",
    "COL Price": 3.15,
    "COL ppu": "$1.26 per 100mL",
    "COL Size": "250mL"
  },
  {
    "Brand_Product_Size": "Ardmona Rich & Thick Chilli 410g",
    "COL Price": 1.8,
    "COL ppu": "$0.44 per 100G",
    "COL Size": "410g"
  },
  {
    "Brand_Product_Size": "Kellogg's K-Time Soft Baked Bites Strawberry 165g",
    "COL Price": 4,
    "COL ppu": "$2.42 per 100G",
    "COL Size": "165g"
  },
  {
    "Brand_Product_Size": "Tetley Natural Green Tea Bags 50 pack 60g",
    "COL Price": 4.1,
    "COL ppu": "$6.83 per 100G",
    "COL Size": "60g"
  },
  {
    "Brand_Product_Size": "Freedom Foods Active Balance Buckwheat & Quinoa Cereal 350g",
    "COL Price": 6,
    "COL ppu": "$1.71 per 100G",
    "COL Size": "350g"
  },
  {
    "Brand_Product_Size": "Coles Hand Sanitiser 200mL",
    "COL Price": 3.5,
    "COL ppu": "$1.75 per 100mL",
    "COL Size": "200mL"
  },
  {
    "Brand_Product_Size": "Brita Fill & Enjoy Marella Water Filter 2.4L 1 pack",
    "COL Price": 33,
    "COL ppu": "$33.00 per 1Ea",
    "COL Size": "1 pack"
  },
  {
    "Brand_Product_Size": "Cook & Dine Navy Woven Tea Towels 3 pack",
    "COL Price": 6.5,
    "COL ppu": "$2.17 per 1Ea",
    "COL Size": "3 pack"
  },
  {
    "Brand_Product_Size": "Coles Ultimate Triple Choc Chip Cookie 400g",
    "COL Price": 3.5,
    "COL ppu": "$0.88 per 100G",
    "COL Size": "400g"
  },
  {
    "Brand_Product_Size": "Air Wick Pure Freshmatic Soft Cotton Refill 159g",
    "COL Price": 8,
    "COL ppu": "$5.10 per 100G",
    "COL Size": "159g"
  },
  {
    "Brand_Product_Size": "Coles Ultra Sunscreen SPF50+ Roll On 75mL",
    "COL Price": 4,
    "COL ppu": "$5.33 per 100mL",
    "COL Size": "75mL"
  },
  {
    "Brand_Product_Size": "Avent BPA Free Animal Soother 6-18 Months 2 pack",
    "COL Price": 12,
    "COL ppu": "$6.00 per 1Ea",
    "COL Size": "2 pack"
  },
  {
    "Brand_Product_Size": "Nestle Mint Pattie Chocolate Bar 20g",
    "COL Price": 1,
    "COL ppu": "$5.00 per 100G",
    "COL Size": "20g"
  },
  {
    "Brand_Product_Size": "Babybel Mini Original Cheese 5 pack 100g",
    "COL Price": 4.8,
    "COL ppu": "$4.80 per 100G",
    "COL Size": "100g"
  },
  {
    "Brand_Product_Size": "Prima Orange Drink 200mL 6 pack",
    "COL Price": 3.25,
    "COL ppu": "$2.71 per 1L",
    "COL Size": "6 pack"
  },
  {
    "Brand_Product_Size": "Petstages Chew Bone Orka Dog Toy each",
    "COL Price": 13,
    "COL ppu": "$13.00 per 1Ea",
    "COL Size": "each"
  },
  {
    "Brand_Product_Size": "Continental Superb Salt Reduced Chicken Stock Powder 120g",
    "COL Price": 2.5,
    "COL ppu": "$0.21 per 10G",
    "COL Size": "120g"
  },
  {
    "Brand_Product_Size": "Ardell Natural Demi Lash 120 Black 1 pack",
    "COL Price": 11,
    "COL ppu": "$11.00 per 1Ea",
    "COL Size": "1 pack"
  },
  {
    "Brand_Product_Size": "Manuka Health Lemon & Ginger Flavoured Honey Lozenges 15 pack",
    "COL Price": 6,
    "COL ppu": "$0.40 per 1Ea",
    "COL Size": "15 pack"
  },
  {
    "Brand_Product_Size": "Steggles Frozen Classic Crumb Chicken Breast Tenders 1kg",
    "COL Price": 11,
    "COL ppu": "$11.00 per 1Kg",
    "COL Size": "1kg"
  },
  {
    "Brand_Product_Size": "Coles Sliced Vitamin D Mushrooms Prepacked 300g",
    "COL Price": 5.5,
    "COL ppu": "$18.33 per 1Kg",
    "COL Size": "300g"
  },
  {
    "Brand_Product_Size": "Coles Candle No 0 each",
    "COL Price": 1.5,
    "COL ppu": "$1.50 per 1Ea",
    "COL Size": "each"
  },
  {
    "Brand_Product_Size": "Coon Light 'N Tasty Cheese Block 500g",
    "COL Price": 5.7,
    "COL ppu": "$11.40 per 1Kg",
    "COL Size": "500g"
  },
  {
    "Brand_Product_Size": "Nivea Hydrating Body Lotion Moisturiser + Aloe Vera 400mL",
    "COL Price": 8,
    "COL ppu": "$2.00 per 100mL",
    "COL Size": "400mL"
  },
  {
    "Brand_Product_Size": "Coles I'M Free From Double Choc Biscuits 165g",
    "COL Price": 3.5,
    "COL ppu": "$2.12 per 100G",
    "COL Size": "165g"
  },
  {
    "Brand_Product_Size": "SIS Go Energy Blackcurrant Isotonic Gel 60mL",
    "COL Price": 3.95,
    "COL ppu": "$6.58 per 100mL",
    "COL Size": "60mL"
  },
  {
    "Brand_Product_Size": "Coles Cashew Peanut & Honey Clusters 750g",
    "COL Price": 4,
    "COL ppu": "$0.53 per 100G",
    "COL Size": "750g"
  },
  {
    "Brand_Product_Size": "Maharajah's Choice Mustard Oil 500mL",
    "COL Price": 4,
    "COL ppu": "$0.80 per 100mL",
    "COL Size": "500mL"
  },
  {
    "Brand_Product_Size": "Alprose Deluxe Finest Swiss Dark Chocolate 100g",
    "COL Price": 3.65,
    "COL ppu": "$3.65 per 100G",
    "COL Size": "100g"
  },
  {
    "Brand_Product_Size": "Razzamatazz Luxe Knee-Hi Pantyhose Black Size 1 1 pack",
    "COL Price": 6,
    "COL ppu": "",
    "COL Size": "1 pack"
  },
  {
    "Brand_Product_Size": "Murray River Organics Macadamia & Cranberry 400g",
    "COL Price": 7.5,
    "COL ppu": "$1.88 per 100G",
    "COL Size": "400g"
  },
  {
    "Brand_Product_Size": "Table Of Plenty Spicy Dukkah 45g",
    "COL Price": 3,
    "COL ppu": "$0.67 per 10G",
    "COL Size": "45g"
  },
  {
    "Brand_Product_Size": "Squeaky Gate All Rounder Australian Extra Virgin Olive Oil 3L",
    "COL Price": 26,
    "COL ppu": "$0.87 per 100mL",
    "COL Size": "3L"
  },
  {
    "Brand_Product_Size": "Coles Tasty Light Cheddar Cheese 250g",
    "COL Price": 4,
    "COL ppu": "$1.60 per 100G",
    "COL Size": "250g"
  },
  {
    "Brand_Product_Size": "Hillmark Cerapol Ceramic Cooktop Cleaner 150mL",
    "COL Price": 6.2,
    "COL ppu": "$4.13 per 100mL",
    "COL Size": "150mL"
  },
  {
    "Brand_Product_Size": "Betty Crocker Creamy Deluxe Vanilla Frosting 400g",
    "COL Price": 4,
    "COL ppu": "$1.00 per 100G",
    "COL Size": "400g"
  },
  {
    "Brand_Product_Size": "Cadbury Twirl Bites Chocolate Pieces 300g",
    "COL Price": 12,
    "COL ppu": "$4.00 per 100G",
    "COL Size": "300g"
  },
  {
    "Brand_Product_Size": "The Dutch Company Licorice Cats 100g",
    "COL Price": 2.5,
    "COL ppu": "$2.50 per 100G",
    "COL Size": "100g"
  },
  {
    "Brand_Product_Size": "Dairy Farmers Limited Edition 150g",
    "COL Price": 2.2,
    "COL ppu": "$1.47 per 100G",
    "COL Size": "150g"
  },
  {
    "Brand_Product_Size": "Old El Paso Spice Mix For Chili Medium 35g",
    "COL Price": 2,
    "COL ppu": "$0.57 per 10G",
    "COL Size": "35g"
  },
  {
    "Brand_Product_Size": "Toolworx Pliers 1 pack",
    "COL Price": 12.25,
    "COL ppu": "$12.25 per 1Ea",
    "COL Size": "1 pack"
  },
  {
    "Brand_Product_Size": "Alpine Protein Breads 680g",
    "COL Price": 5.65,
    "COL ppu": "$0.83 per 100G",
    "COL Size": "680g"
  },
  {
    "Brand_Product_Size": "Healtheries Kids Care Potato Stix Chicken 120g",
    "COL Price": 4.75,
    "COL ppu": "$3.96 per 100G",
    "COL Size": "120g"
  },
  {
    "Brand_Product_Size": "Cook & Dine Apron With Pocket Black each",
    "COL Price": 10,
    "COL ppu": "$10.00 per 1Ea",
    "COL Size": "each"
  },
  {
    "Brand_Product_Size": "Hamper Regular Corned Beef 340g",
    "COL Price": 6.5,
    "COL ppu": "$19.12 per 1Kg",
    "COL Size": "340g"
  },
  {
    "Brand_Product_Size": "Philadelphia Light Spreadable Cream Cheese Tub 250g",
    "COL Price": 4.7,
    "COL ppu": "$18.80 per 1Kg",
    "COL Size": "250g"
  },
  {
    "Brand_Product_Size": "Tresemme Hair Styling Spray Thermal Protections 300mL",
    "COL Price": 5.6,
    "COL ppu": "$1.87 per 100mL",
    "COL Size": "300mL"
  },
  {
    "Brand_Product_Size": "Coles Kitchen Ultra Green Soup 300g",
    "COL Price": 3,
    "COL ppu": "$1.00 per 100G",
    "COL Size": "300g"
  },
  {
    "Brand_Product_Size": "Carman's Natural Berry Bircher Muesli 500g",
    "COL Price": 6,
    "COL ppu": "$1.20 per 100G",
    "COL Size": "500g"
  },
  {
    "Brand_Product_Size": "Nature's Way Glucosamine 1500mg Tablets 200 pack",
    "COL Price": 40,
    "COL ppu": "$0.20 per 1Ea",
    "COL Size": "200 pack"
  },
  {
    "Brand_Product_Size": "Coles Urban Coffee Culture Intensity 8 Decaffeinated Coffee  Capsules 10 Pack 52g",
    "COL Price": 3.7,
    "COL ppu": "$7.12 per 100G",
    "COL Size": "52g"
  },
  {
    "Brand_Product_Size": "Coles Red Velvet Cake 400g",
    "COL Price": 7,
    "COL ppu": "$1.75 per 100G",
    "COL Size": "400g"
  },
  {
    "Brand_Product_Size": "Ballantyne Rolled Butter Unsalted 200g",
    "COL Price": 5,
    "COL ppu": "$2.50 per 100G",
    "COL Size": "200g"
  },
  {
    "Brand_Product_Size": "Gold'N Canola Canola Oil 4L",
    "COL Price": 9,
    "COL ppu": "$0.23 per 100mL",
    "COL Size": "4L"
  },
  {
    "Brand_Product_Size": "MTR Instant Rava Idli Mix 500g",
    "COL Price": 3.25,
    "COL ppu": "$0.65 per 100G",
    "COL Size": "500g"
  },
  {
    "Brand_Product_Size": "Vicks Nasal Spray Decongestant Inhaler 0.5mL",
    "COL Price": 7.11,
    "COL ppu": "$7.11 per 1Ea",
    "COL Size": "0.5mL"
  },
  {
    "Brand_Product_Size": "Applaws Cat Food Fish Deluxe Selection 8 pack",
    "COL Price": 14,
    "COL ppu": "$1.75 per 1Ea",
    "COL Size": "8 pack"
  },
  {
    "Brand_Product_Size": "Marion's Kitchen Pad Thai Cooking Kit 358g",
    "COL Price": 7.45,
    "COL ppu": "$2.08 per 100G",
    "COL Size": "358g"
  },
  {
    "Brand_Product_Size": "L'Oreal Preference 5 Bruges Hair Colour 1 pack",
    "COL Price": 9.5,
    "COL ppu": "$9.50 per 1Ea",
    "COL Size": "1 pack"
  },
  {
    "Brand_Product_Size": "Kikkoman Gluten Free Soy Sauce 250mL",
    "COL Price": 4.5,
    "COL ppu": "$1.80 per 100mL",
    "COL Size": "250mL"
  },
  {
    "Brand_Product_Size": "Redheads Safety Matches 450 pack",
    "COL Price": 2.15,
    "COL ppu": "$0.48 per 100Ea",
    "COL Size": "450 pack"
  },
  {
    "Brand_Product_Size": "CareDent InterBrush wire-free interdental brushes 30 pack",
    "COL Price": 7,
    "COL ppu": "$0.23 per 1Ea",
    "COL Size": "30 pack"
  },
  {
    "Brand_Product_Size": "Daley Street Aluminium Nespresso Compatible Intense Coffee Capsules 10 pack",
    "COL Price": 4,
    "COL ppu": "$0.40 per 1Ea",
    "COL Size": "10 pack"
  },
  {
    "Brand_Product_Size": "Carman's Natural Bircher Muesli 500g",
    "COL Price": 6,
    "COL ppu": "$1.20 per 100G",
    "COL Size": "500g"
  },
  {
    "Brand_Product_Size": "Kikkoman Soy Sauce 600mL",
    "COL Price": 6.3,
    "COL ppu": "$1.05 per 100mL",
    "COL Size": "600mL"
  },
  {
    "Brand_Product_Size": "Simon Johnson Salted Caramel Wafers 80g",
    "COL Price": 9.35,
    "COL ppu": "$11.69 per 100G",
    "COL Size": "80g"
  },
  {
    "Brand_Product_Size": "Deep Spring Mineral Water Orange Pass 4 pack",
    "COL Price": 5.1,
    "COL ppu": "$5.10 per 1L",
    "COL Size": "4 pack"
  },
  {
    "Brand_Product_Size": "Beechworth Bee Cause Australian Coastal Honey 400g",
    "COL Price": 8.5,
    "COL ppu": "$2.13 per 100G",
    "COL Size": "400g"
  },
  {
    "Brand_Product_Size": "Cocon Assorted Pudding 6 Pieces 480g",
    "COL Price": 4.45,
    "COL ppu": "$0.93 per 100G",
    "COL Size": "480g"
  },
  {
    "Brand_Product_Size": "Steggles Frozen Crumbed Chicken Breast Tenders 400g",
    "COL Price": 8.58,
    "COL ppu": "$21.45 per 1Kg",
    "COL Size": "400g"
  },
  {
    "Brand_Product_Size": "Covergirl Eyemakers Pencil Midnight Brown 505 Eyeliner 1.7g",
    "COL Price": 10.5,
    "COL ppu": "$123.53 per 10G",
    "COL Size": "1.7g"
  },
  {
    "Brand_Product_Size": "Coles Deli Salad Tubs Medium Quinoa Tabouleh Salad medium",
    "COL Price": 6,
    "COL ppu": "$6.00 per 1Ea",
    "COL Size": "medium"
  },
  {
    "Brand_Product_Size": "Arnotts Jatz Crackers Party Pack 420g",
    "COL Price": 4.5,
    "COL ppu": "$1.07 per 100G",
    "COL Size": "420g"
  },
  {
    "Brand_Product_Size": "Jacob's Original Twiglets 45g",
    "COL Price": 1.8,
    "COL ppu": "$4.00 per 100G",
    "COL Size": "45g"
  },
  {
    "Brand_Product_Size": "Cancer Council Ultra Sunscreen Lotion SPF 50+ 500mL",
    "COL Price": 27,
    "COL ppu": "$5.40 per 100mL",
    "COL Size": "500mL"
  },
  {
    "Brand_Product_Size": "Schweppes Solo Lemon Drink 1.25L",
    "COL Price": 1.3,
    "COL ppu": "$1.04 per 1L",
    "COL Size": "1.25L"
  },
  {
    "Brand_Product_Size": "Schweppes Lemon Lime & Bitters Cordial 750mL",
    "COL Price": 4,
    "COL ppu": "$5.33 per 1L",
    "COL Size": "750mL"
  },
  {
    "Brand_Product_Size": "Harpic Eco Fresh Toilet Gel Marine 500mL",
    "COL Price": 5,
    "COL ppu": "$1.00 per 100mL",
    "COL Size": "500mL"
  },
  {
    "Brand_Product_Size": "Cottee's Apricot Jam 500g",
    "COL Price": 2.8,
    "COL ppu": "$0.56 per 100G",
    "COL Size": "500g"
  },
  {
    "Brand_Product_Size": "Arnott's Venetian Biscuits 200g",
    "COL Price": 3,
    "COL ppu": "$1.50 per 100G",
    "COL Size": "200g"
  },
  {
    "Brand_Product_Size": "Flora Margarine Spread Buttery 500g",
    "COL Price": 2.8,
    "COL ppu": "$0.56 per 100G",
    "COL Size": "500g"
  },
  {
    "Brand_Product_Size": "MasterFoods Italian Herbs 10g",
    "COL Price": 2.35,
    "COL ppu": "$2.35 per 10G",
    "COL Size": "10g"
  },
  {
    "Brand_Product_Size": "Vanish Napisan Oxi Action Powder Stain Remover 2kg",
    "COL Price": 13,
    "COL ppu": "$6.50 per 1Kg",
    "COL Size": "2kg"
  },
  {
    "Brand_Product_Size": "Passage To India 90 Second Veg Curry Bowl Goan Spiced Coconut with Basmati Pilaf Rice 300g",
    "COL Price": 5.5,
    "COL ppu": "$1.83 per 100G",
    "COL Size": "300g"
  },
  {
    "Brand_Product_Size": "V Green Energy Drink Can 500mL",
    "COL Price": 3.15,
    "COL ppu": "$6.30 per 1L",
    "COL Size": "500mL"
  },
  {
    "Brand_Product_Size": "Vitapet Cat Litter Tray each",
    "COL Price": 6.2,
    "COL ppu": "$6.20 per 1Ea",
    "COL Size": "each"
  },
  {
    "Brand_Product_Size": "Tom & Luke Snackaballs Peanut Butter & Cacao Pot 224g",
    "COL Price": 7,
    "COL ppu": "$3.13 per 100G",
    "COL Size": "224g"
  },
  {
    "Brand_Product_Size": "Coles Deli Medium Greek Salad each",
    "COL Price": 6,
    "COL ppu": "$6.00 per 1Ea",
    "COL Size": "each"
  },
  {
    "Brand_Product_Size": "Lavazza Tierra Planet Coffee Beans 1kg",
    "COL Price": 38,
    "COL ppu": "$3.80 per 100G",
    "COL Size": "1kg"
  },
  {
    "Brand_Product_Size": "Toblerone Milk Chocolate Gift Bar 360g",
    "COL Price": 10,
    "COL ppu": "$2.78 per 100G",
    "COL Size": "360g"
  },
  {
    "Brand_Product_Size": "Colman's Bread Sauce Mix 40g",
    "COL Price": 1.75,
    "COL ppu": "$4.38 per 100G",
    "COL Size": "40g"
  },
  {
    "Brand_Product_Size": "Sunrice Gluten Free Super Duo Brown & Riceberry Steamed Rice 250g",
    "COL Price": 3,
    "COL ppu": "$1.20 per 100G",
    "COL Size": "250g"
  },
  {
    "Brand_Product_Size": "Lindt Le Assorted Cornet 333g",
    "COL Price": 20,
    "COL ppu": "$6.01 per 100G",
    "COL Size": "333g"
  },
  {
    "Brand_Product_Size": "Coles Kitchen Tomato & Basil Soup 300g",
    "COL Price": 3,
    "COL ppu": "$1.00 per 100G",
    "COL Size": "300g"
  },
  {
    "Brand_Product_Size": "Heinz Beanz No Added Sugar Baked Beans 220 grams 3 pack",
    "COL Price": 4,
    "COL ppu": "$0.61 per 100G",
    "COL Size": "3 pack"
  },
  {
    "Brand_Product_Size": "Knorr Chicken & Vermicelli Noodle Soup 58g",
    "COL Price": 1.3,
    "COL ppu": "$2.24 per 100G",
    "COL Size": "58g"
  },
  {
    "Brand_Product_Size": "Coles Indian Style Triangles 140g",
    "COL Price": 5,
    "COL ppu": "$3.57 per 100G",
    "COL Size": "140g"
  },
  {
    "Brand_Product_Size": "Vetta Smart Fibre Instant Lasagne Sheets 250g",
    "COL Price": 1.75,
    "COL ppu": "$0.70 per 100G",
    "COL Size": "250g"
  },
  {
    "Brand_Product_Size": "Nestle NAN Comfort Stage 3 Formula 800g",
    "COL Price": 14,
    "COL ppu": "$1.75 per 100G",
    "COL Size": "800g"
  },
  {
    "Brand_Product_Size": "Coles Casserole With Beef Pasta & Vegetable Canned Dog Food Adult 1- 7 Years 700g",
    "COL Price": 1.3,
    "COL ppu": "$0.19 per 100G",
    "COL Size": "700g"
  },
  {
    "Brand_Product_Size": "Carefree Barely There Liners 42 pack",
    "COL Price": 4.5,
    "COL ppu": "$0.11 per 1Ea",
    "COL Size": "42 pack"
  },
  {
    "Brand_Product_Size": "Oatly Non Dairy Frozen Choc Dessert Tub 473mL",
    "COL Price": 9.5,
    "COL ppu": "$2.01 per 100mL",
    "COL Size": "473mL"
  },
  {
    "Brand_Product_Size": "Sharwood's Korma Simmer Sauce 420g",
    "COL Price": 3,
    "COL ppu": "$0.71 per 100G",
    "COL Size": "420g"
  },
  {
    "Brand_Product_Size": "Restaurant Collection Grilled Spiced Cauliflower With Romesco 570g",
    "COL Price": 12.5,
    "COL ppu": "$2.19 per 100G",
    "COL Size": "570g"
  },
  {
    "Brand_Product_Size": "Boss Iced Long Black Coffee 237mL",
    "COL Price": 3.65,
    "COL ppu": "$15.40 per 1L",
    "COL Size": "237mL"
  },
  {
    "Brand_Product_Size": "Latina Fresh Ricotta & Spinach Agnolotti 625g",
    "COL Price": 8,
    "COL ppu": "$1.28 per 100G",
    "COL Size": "625g"
  },
  {
    "Brand_Product_Size": "Coles Non Slip Liner Large 1 pack",
    "COL Price": 6.3,
    "COL ppu": "$6.30 per 1Ea",
    "COL Size": "1 pack"
  },
  {
    "Brand_Product_Size": "Dettol 2 in 1 Hands and Surfaces Antibacterial 15 Wipes 1 pack",
    "COL Price": 1.5,
    "COL ppu": "$1.50 per 1Ea",
    "COL Size": "1 pack"
  },
  {
    "Brand_Product_Size": "Optimum Adult Dry Dog Food Beef Rice & Vegetable 3kg",
    "COL Price": 19,
    "COL ppu": "$0.63 per 100G",
    "COL Size": "3kg"
  },
  {
    "Brand_Product_Size": "Super Nature Chicken Pad Thai With Rice Noodles 350g",
    "COL Price": 6.3,
    "COL ppu": "$1.80 per 100G",
    "COL Size": "350g"
  },
  {
    "Brand_Product_Size": "Uncle Tobys Yoghurt Muesli Bars Strawberry Value 12 Pack 375g",
    "COL Price": 5,
    "COL ppu": "$1.33 per 100G",
    "COL Size": "375g"
  },
  {
    "Brand_Product_Size": "Schick Stylist Electric Grooming Refill 2 pack",
    "COL Price": 15,
    "COL ppu": "$7.50 per 1Ea",
    "COL Size": "2 pack"
  },
  {
    "Brand_Product_Size": "Voost Effervescent Immunity Blackcurrent 20 pack",
    "COL Price": 6.5,
    "COL ppu": "$0.33 per 1Ea",
    "COL Size": "20 pack"
  },
  {
    "Brand_Product_Size": "Coles Kitchen Butternut Pumpkin Soup 300g",
    "COL Price": 3,
    "COL ppu": "$1.00 per 100G",
    "COL Size": "300g"
  },
  {
    "Brand_Product_Size": "Heinz Organic Tomato Ketchup 500mL",
    "COL Price": 4.3,
    "COL ppu": "$0.86 per 100mL",
    "COL Size": "500mL"
  },
  {
    "Brand_Product_Size": "Paul Newman's Own Classic Vinaigrette Salad Dressing 250mL",
    "COL Price": 4,
    "COL ppu": "$1.60 per 100mL",
    "COL Size": "250mL"
  },
  {
    "Brand_Product_Size": "Coles Roasted & Salted Cashews 800g",
    "COL Price": 16,
    "COL ppu": "$20.00 per 1Kg",
    "COL Size": "800g"
  },
  {
    "Brand_Product_Size": "MasterFoods Ground Nutmeg 30g",
    "COL Price": 3.15,
    "COL ppu": "$1.05 per 10G",
    "COL Size": "30g"
  },
  {
    "Brand_Product_Size": "Cook & Dine Food Containers 200mL 6 pack",
    "COL Price": 5,
    "COL ppu": "$0.83 per 1Ea",
    "COL Size": "6 pack"
  },
  {
    "Brand_Product_Size": "Brutal Truth Rustic & Woody Antiperspirant 75mL",
    "COL Price": 8,
    "COL ppu": "$10.67 per 100mL",
    "COL Size": "75mL"
  },
  {
    "Brand_Product_Size": "Toblerone Milk Chocolate Gift Bar 200g",
    "COL Price": 3.5,
    "COL ppu": "$1.75 per 100G",
    "COL Size": "200g"
  },
  {
    "Brand_Product_Size": "Mentos Fruit 37.5g",
    "COL Price": 1.4,
    "COL ppu": "$3.73 per 100G",
    "COL Size": "37.5g"
  },
  {
    "Brand_Product_Size": "Laucke Golden Brioche Mix 1kg",
    "COL Price": 6.8,
    "COL ppu": "$6.80 per 1Kg",
    "COL Size": "1kg"
  },
  {
    "Brand_Product_Size": "Lean Cuisine Beef Stroganoff 280g",
    "COL Price": 4.5,
    "COL ppu": "$1.61 per 100G",
    "COL Size": "280g"
  },
  {
    "Brand_Product_Size": "Crest Piggy Back Extension Lead 2M each",
    "COL Price": 7,
    "COL ppu": "$7.00 per 1KGM",
    "COL Size": "each"
  },
  {
    "Brand_Product_Size": "Korbond White Rayon Elastic 3M each",
    "COL Price": 2.8,
    "COL ppu": "$2.80 per 1ea",
    "COL Size": "each"
  },
  {
    "Brand_Product_Size": "Calbee Gluten Free Harvest Snaps Original Salted Baked Pea Crisps 5 pack 80g",
    "COL Price": 3.5,
    "COL ppu": "$4.38 per 100G",
    "COL Size": "80g"
  },
  {
    "Brand_Product_Size": "Ambi Pur New Zealand Springs Car Air Freshener Mini Clip 2mL",
    "COL Price": 3,
    "COL ppu": "$15.00 per 10mL",
    "COL Size": "2mL"
  },
  {
    "Brand_Product_Size": "Coles Finest Angus Beef Scotch Fillet approx. 360g pack",
    "COL Price": 13.9965,
    "COL ppu": "$38.88 per 1Kg",
    "COL Size": "approx. 360g pack"
  },
  {
    "Brand_Product_Size": "Mazzetti Apple Cider Pomegranate With Prebiotics 500mL",
    "COL Price": 6,
    "COL ppu": "$1.20 per 100mL",
    "COL Size": "500mL"
  },
  {
    "Brand_Product_Size": "Colmans Shepherds Pie Recipe Mix 50g",
    "COL Price": 2.25,
    "COL ppu": "$4.50 per 100G",
    "COL Size": "50g"
  },
  {
    "Brand_Product_Size": "Bluey S2 Mini Figure 2 pack",
    "COL Price": 12,
    "COL ppu": "",
    "COL Size": "2 pack"
  },
  {
    "Brand_Product_Size": "Woofin Good Venison Jerky Strips Dog Treat 100g",
    "COL Price": 7,
    "COL ppu": "$7.00 per 100G",
    "COL Size": "100g"
  },
  {
    "Brand_Product_Size": "Murray River Organics Macadamia & Cranberry 400g",
    "COL Price": 7.5,
    "COL ppu": "$1.88 per 100G",
    "COL Size": "400g"
  },
  {
    "Brand_Product_Size": "Sirena Tuna in Oil Italian Style 95g",
    "COL Price": 2.7,
    "COL ppu": "$28.42 per 1Kg",
    "COL Size": "95g"
  },
  {
    "Brand_Product_Size": "Coles Deli Peri Peri Shredded Chicken approx. 125g",
    "COL Price": 3.3125,
    "COL ppu": "$26.50 per 1Kg",
    "COL Size": "approx. 125g"
  },
  {
    "Brand_Product_Size": "Coles Lamb Kidneys approx. 350g each",
    "COL Price": 4.55,
    "COL ppu": "$13.00 per 1Kg",
    "COL Size": "approx. 350g each"
  },
  {
    "Brand_Product_Size": "Cortas Lemon Juice Substitute 1L",
    "COL Price": 3,
    "COL ppu": "$3.00 per 1L",
    "COL Size": "1L"
  },
  {
    "Brand_Product_Size": "Energizer Micro USB Cable 2M Black 1 pack",
    "COL Price": 20,
    "COL ppu": "$20.00 per 1Ea",
    "COL Size": "1 pack"
  },
  {
    "Brand_Product_Size": "Kiwi Sport & Active Insole each",
    "COL Price": 4.3,
    "COL ppu": "$2.15 per 1Ea",
    "COL Size": "each"
  },
  {
    "Brand_Product_Size": "Coles Deli Bertocchi Flat Soppressa Mild Salami approx. 125g",
    "COL Price": 3.25,
    "COL ppu": "$26.00 per 1Kg",
    "COL Size": "approx. 125g"
  },
  {
    "Brand_Product_Size": "Nudie Apples Oranges & Mangoes Juice Chilled 2L",
    "COL Price": 7.5,
    "COL ppu": "$3.75 per 1L",
    "COL Size": "2L"
  },
  {
    "Brand_Product_Size": "Total Care Disney Minnie Mouse Plush Cat Toy 1 pack",
    "COL Price": 15,
    "COL ppu": "$15.00 per 1Ea",
    "COL Size": "1 pack"
  },
  {
    "Brand_Product_Size": "Cobs Sweet & Salty Gluten Free Popcorn 65g",
    "COL Price": 3.15,
    "COL ppu": "$4.85 per 100G",
    "COL Size": "65g"
  },
  {
    "Brand_Product_Size": "Air Wick Life Scents Turquoise Oasis Liquid Electrical Prime 19mL",
    "COL Price": 11,
    "COL ppu": "$5.79 per 10mL",
    "COL Size": "19mL"
  },
  {
    "Brand_Product_Size": "Queen Rose Pink Food Colour 50mL",
    "COL Price": 1.1,
    "COL ppu": "$0.22 per 10mL",
    "COL Size": "50mL"
  },
  {
    "Brand_Product_Size": "Nando's Medium Peri-Peri Sauce 250g",
    "COL Price": 5.75,
    "COL ppu": "$2.30 per 100G",
    "COL Size": "250g"
  },
  {
    "Brand_Product_Size": "Depend Real Fit Large Super Underwear For Women 8 pack",
    "COL Price": 17,
    "COL ppu": "$2.13 per 1Ea",
    "COL Size": "8 pack"
  },
  {
    "Brand_Product_Size": "Swisse Ultiboost High Strength Cranberry Tablets 90 pack",
    "COL Price": 29.5,
    "COL ppu": "$0.33 per 1Ea",
    "COL Size": "90 pack"
  },
  {
    "Brand_Product_Size": "Arnott's Honey Soy Chicken Cracker Chips 7 pack 126g",
    "COL Price": 3,
    "COL ppu": "$2.38 per 100G",
    "COL Size": "126g"
  },
  {
    "Brand_Product_Size": "Oak Banana Flavoured Milk 600mL",
    "COL Price": 3.1,
    "COL ppu": "$5.17 per 1L",
    "COL Size": "600mL"
  },
  {
    "Brand_Product_Size": "Coles Finest Mini Croissants 6 pack",
    "COL Price": 4,
    "COL ppu": "$0.67 per 1Ea",
    "COL Size": "6 pack"
  },
  {
    "Brand_Product_Size": "Revlon So Fierce Blackest Black Mascara 7.5mL",
    "COL Price": 22,
    "COL ppu": "$29.33 per 10mL",
    "COL Size": "7.5mL"
  },
  {
    "Brand_Product_Size": "Coles Butcher Lamb Leg Roast Boneless approx. 1.08kg",
    "COL Price": 21.6,
    "COL ppu": "$20.00 per 1Kg",
    "COL Size": "approx. 1.08kg"
  },
  {
    "Brand_Product_Size": "Dodoni Greek Fetta Cheese 400g",
    "COL Price": 12,
    "COL ppu": "$30.00 per 1Kg",
    "COL Size": "400g"
  },
  {
    "Brand_Product_Size": "1000 Hour Dark Brown Eyelash & Brow Dye Kit each",
    "COL Price": 20,
    "COL ppu": "$20.00 per 1Ea",
    "COL Size": "each"
  },
  {
    "Brand_Product_Size": "Beyblades Single Top each",
    "COL Price": 13,
    "COL ppu": "",
    "COL Size": "each"
  },
  {
    "Brand_Product_Size": "Bic Soleil Twilight Lavender Razor 4 pack",
    "COL Price": 5.5,
    "COL ppu": "$1.38 per 1Ea",
    "COL Size": "4 pack"
  },
  {
    "Brand_Product_Size": "Meat Mates Beef Dinner Dog Food 170g",
    "COL Price": 2.9,
    "COL ppu": "$1.71 per 100G",
    "COL Size": "170g"
  },
  {
    "Brand_Product_Size": "Kan Tong Butter Chicken Cooking Sauce 485g",
    "COL Price": 3.3,
    "COL ppu": "$0.68 per 100G",
    "COL Size": "485g"
  },
  {
    "Brand_Product_Size": "Multix Alfoil Super Strong 15m",
    "COL Price": 4.2,
    "COL ppu": "$0.28 per 1M",
    "COL Size": "15m"
  },
  {
    "Brand_Product_Size": "Coles Lamb Rump Roast approx. 400g",
    "COL Price": 13,
    "COL ppu": "$32.50 per 1Kg",
    "COL Size": "approx. 400g"
  },
  {
    "Brand_Product_Size": "L'OR Espresso Lungo Estremo Intensity 10 Coffee Capsules 10 Pack 52g",
    "COL Price": 4.5,
    "COL ppu": "$86.56 per 1KG",
    "COL Size": "52g"
  },
  {
    "Brand_Product_Size": "Hedys Quiche Spinach Parmesan 1.1kg",
    "COL Price": 13.5,
    "COL ppu": "$1.23 per 100G",
    "COL Size": "1.1kg"
  },
  {
    "Brand_Product_Size": "Coles Classic Olive Oil 500mL",
    "COL Price": 4,
    "COL ppu": "$0.80 per 100mL",
    "COL Size": "500mL"
  },
  {
    "Brand_Product_Size": "Waxworks Citronella Vintage Jar Candle each",
    "COL Price": 5,
    "COL ppu": "$5.00 per 1Ea",
    "COL Size": "each"
  },
  {
    "Brand_Product_Size": "The Natural Cracker Co Crackers Roast Chicken 160g",
    "COL Price": 1.75,
    "COL ppu": "$1.09 per 100G",
    "COL Size": "160g"
  },
  {
    "Brand_Product_Size": "Drumstick Choc Tip Caramel Choc Peanut 4 pack 476mL",
    "COL Price": 5,
    "COL ppu": "$1.05 per 100mL",
    "COL Size": "476mL"
  },
  {
    "Brand_Product_Size": "Coles Coconut Curry Bites 175g",
    "COL Price": 5,
    "COL ppu": "$2.86 per 100G",
    "COL Size": "175g"
  },
  {
    "Brand_Product_Size": "Coles Beef Brisket Schnitzel 360g",
    "COL Price": 7.5,
    "COL ppu": "$20.83 per 1Kg",
    "COL Size": "360g"
  },
  {
    "Brand_Product_Size": "Lee Kum Kee Mongolian Lamb Stir Fry Sauce Pouch 120g",
    "COL Price": 2.2,
    "COL ppu": "$1.83 per 100G",
    "COL Size": "120g"
  },
  {
    "Brand_Product_Size": "Coles Mango Fruit Puree Blend Pouch 90g",
    "COL Price": 0.95,
    "COL ppu": "$10.56 per 1Kg",
    "COL Size": "90g"
  },
  {
    "Brand_Product_Size": "Covergirl Clump Crusher Black Brown 810 Mascara 13.1mL",
    "COL Price": 19,
    "COL ppu": "$14.50 per 10mL",
    "COL Size": "13.1mL"
  },
  {
    "Brand_Product_Size": "Freedom Foods Messy Monkeys A2 Protein Strawberry Flavoured Multipack Dairy Milk 200mL 6 pack",
    "COL Price": 6,
    "COL ppu": "$5.00 per 1L",
    "COL Size": "6 pack"
  },
  {
    "Brand_Product_Size": "Blackmores Pregnancy & Breast Feeding Capsules 60 pack",
    "COL Price": 21,
    "COL ppu": "$35.00 per 100Ea",
    "COL Size": "60 pack"
  },
  {
    "Brand_Product_Size": "Coles Plastic Spout Bucket each",
    "COL Price": 2,
    "COL ppu": "$2.00 per 1Ea",
    "COL Size": "each"
  },
  {
    "Brand_Product_Size": "Schwarzkopf Extra Care Conditioner Marrakesh Oil & Coconut 900mL",
    "COL Price": 14,
    "COL ppu": "$1.56 per 100mL",
    "COL Size": "900mL"
  },
  {
    "Brand_Product_Size": "Coles Nut Deluxe Mix 200g",
    "COL Price": 3.5,
    "COL ppu": "$1.75 per 100G",
    "COL Size": "200g"
  },
  {
    "Brand_Product_Size": "Vicks VapoDrops Original Menthol Lozenges 24 pack",
    "COL Price": 4.3,
    "COL ppu": "$0.18 per 1Ea",
    "COL Size": "24 pack"
  },
  {
    "Brand_Product_Size": "Australia's Own Full Cream Milk 2L",
    "COL Price": 2.4,
    "COL ppu": "$1.20 per 1L",
    "COL Size": "2L"
  },
  {
    "Brand_Product_Size": "Heinz Soup of The Day Mushroom with a Hint of Thyme Pouch 430g",
    "COL Price": 3,
    "COL ppu": "$0.70 per 100G",
    "COL Size": "430g"
  },
  {
    "Brand_Product_Size": "Coles White Potatoes Prepacked 2kg",
    "COL Price": 4,
    "COL ppu": "$2.00 per 1Kg",
    "COL Size": "2kg"
  },
  {
    "Brand_Product_Size": "Beechworth Pure Australian Honey Squeeze 400g",
    "COL Price": 8.2,
    "COL ppu": "$2.05 per 100G",
    "COL Size": "400g"
  },
  {
    "Brand_Product_Size": "Jiffy Firelighters 24 pack",
    "COL Price": 4.7,
    "COL ppu": "$0.20 per 1Ea",
    "COL Size": "24 pack"
  },
  {
    "Brand_Product_Size": "Coles No Added Hormone Beef Tomahawk Steak approx. 700g each",
    "COL Price": 23.1,
    "COL ppu": "$33.00 per 1Kg",
    "COL Size": "approx. 700g each"
  },
  {
    "Brand_Product_Size": "Lilydale Chicken Breast Sea Salt & Cracked Pepper 400g",
    "COL Price": 9.5,
    "COL ppu": "$23.75 per 1Kg",
    "COL Size": "400g"
  },
  {
    "Brand_Product_Size": "Sistema Quaddie Lunch Box Multi compartments each",
    "COL Price": 9.45,
    "COL ppu": "$9.45 per 1ea",
    "COL Size": "each"
  },
  {
    "Brand_Product_Size": "Brita Maxtra Limescale Expert Filter Cartridge 2 pack",
    "COL Price": 31,
    "COL ppu": "$15.50 per 1Ea",
    "COL Size": "2 pack"
  },
  {
    "Brand_Product_Size": "Nature's Way Garlic + C & Horseradish Tablets 200 pack",
    "COL Price": 20,
    "COL ppu": "$0.10 per 1Ea",
    "COL Size": "200 pack"
  },
  {
    "Brand_Product_Size": "Norsca Forest Fresh Antiperspirant Roll On Deodorant 50mL",
    "COL Price": 2,
    "COL ppu": "$4.00 per 100mL",
    "COL Size": "50mL"
  },
  {
    "Brand_Product_Size": "Madame Flavour Melbourne Morning Blend Black Tea Bags 40 pack 80g",
    "COL Price": 6.15,
    "COL ppu": "$7.69 per 100G",
    "COL Size": "80g"
  },
  {
    "Brand_Product_Size": "Kellogg's Froot Loops 285g",
    "COL Price": 5.7,
    "COL ppu": "$2.00 per 100G",
    "COL Size": "285g"
  },
  {
    "Brand_Product_Size": "Schweppes Lime Cordial 750mL",
    "COL Price": 4,
    "COL ppu": "$5.33 per 1L",
    "COL Size": "750mL"
  },
  {
    "Brand_Product_Size": "Saxa Iodised Rock Salt 500g",
    "COL Price": 2.05,
    "COL ppu": "$0.04 per 10G",
    "COL Size": "500g"
  },
  {
    "Brand_Product_Size": "Kokuho Rose Premium Sushi Rice 1kg",
    "COL Price": 4.9,
    "COL ppu": "$0.49 per 100G",
    "COL Size": "1kg"
  },
  {
    "Brand_Product_Size": "Kinder Happy Hippo Hazelnut Biscuit Bar Multipack 5Pk 105g",
    "COL Price": 5,
    "COL ppu": "$4.76 per 100G",
    "COL Size": "105g"
  },
  {
    "Brand_Product_Size": "Coles Wellness Road Sweet Potato &Turmeric Wraps 4 pack 180g",
    "COL Price": 4,
    "COL ppu": "$2.22 per 100G",
    "COL Size": "180g"
  },
  {
    "Brand_Product_Size": "Bonds Kids Logo Light Quarter Crew RYPM4G Size 2-8 4 pack",
    "COL Price": 13,
    "COL ppu": "$3.25 per 1Ea",
    "COL Size": "4 pack"
  },
  {
    "Brand_Product_Size": "Mentos Bubble Fresh 30g",
    "COL Price": 2,
    "COL ppu": "$6.67 per 100G",
    "COL Size": "30g"
  },
  {
    "Brand_Product_Size": "Handee Ultra White Double Length Paper Towels 2 pack",
    "COL Price": 4,
    "COL ppu": "$1.67 per 100Ea",
    "COL Size": "2 pack"
  },
  {
    "Brand_Product_Size": "Dilmah Premium Pure Ceylon Tea Bags 200 pack 400g",
    "COL Price": 5.4,
    "COL ppu": "$0.03 per 1Ea",
    "COL Size": "400g"
  },
  {
    "Brand_Product_Size": "Tomy My First Years Take & Toss Infant Spoons 12 pack",
    "COL Price": 5,
    "COL ppu": "$0.42 per 1Ea",
    "COL Size": "12 pack"
  },
  {
    "Brand_Product_Size": "Coles I'M Free From Custard Cream 120g",
    "COL Price": 3.5,
    "COL ppu": "$2.92 per 100G",
    "COL Size": "120g"
  },
  {
    "Brand_Product_Size": "Golden Swan Thyme 250g",
    "COL Price": 3.8,
    "COL ppu": "$1.52 per 100G",
    "COL Size": "250g"
  },
  {
    "Brand_Product_Size": "Coles Sour Rainbows 85g",
    "COL Price": 1,
    "COL ppu": "$1.18 per 100G",
    "COL Size": "85g"
  },
  {
    "Brand_Product_Size": "Coles Finest Roasted Almonds Chocolate Thins 110g",
    "COL Price": 3.5,
    "COL ppu": "$3.18 per 100G",
    "COL Size": "110g"
  },
  {
    "Brand_Product_Size": "Pine O Cleen Anti Bacterial Washing Machine Cleaner 250mL",
    "COL Price": 6,
    "COL ppu": "$24.00 per 1L",
    "COL Size": "250mL"
  },
  {
    "Brand_Product_Size": "Sunny Days Sweet Co Jersey Raspberry 150g",
    "COL Price": 2,
    "COL ppu": "$1.33 per 100G",
    "COL Size": "150g"
  },
  {
    "Brand_Product_Size": "Coles Kitchen Roast Vegetable Medley 350g",
    "COL Price": 6,
    "COL ppu": "$1.71 per 100G",
    "COL Size": "350g"
  },
  {
    "Brand_Product_Size": "Devondale Sandwich Cheese Slices 36 Pack 750g",
    "COL Price": 6.9,
    "COL ppu": "$0.92 per 100G",
    "COL Size": "750g"
  },
  {
    "Brand_Product_Size": "Pampas Frozen Puff Pastry Sheets 6 pieces 1kg",
    "COL Price": 4,
    "COL ppu": "$4.00 per 1KG",
    "COL Size": "1kg"
  },
  {
    "Brand_Product_Size": "Star Foods Rolada Pistachio Date 150g",
    "COL Price": 10,
    "COL ppu": "$6.67 per 100G",
    "COL Size": "150g"
  },
  {
    "Brand_Product_Size": "Coles Stir Fry Vegetables 500g",
    "COL Price": 2.3,
    "COL ppu": "$0.46 per 100G",
    "COL Size": "500g"
  },
  {
    "Brand_Product_Size": "Radiant Black Wash Laundry Liquid 1L 1L",
    "COL Price": 10,
    "COL ppu": "$10.00 per 1L",
    "COL Size": "1L"
  },
  {
    "Brand_Product_Size": "Coles Low Dose Enteric Coated Aspirin 100mg 28 Tablets 28 pack",
    "COL Price": 3,
    "COL ppu": "$0.11 per 1Ea",
    "COL Size": "28 pack"
  },
  {
    "Brand_Product_Size": "Cuddly Morning Sun Fabric Conditioner 850mL",
    "COL Price": 7,
    "COL ppu": "$8.24 per 1L",
    "COL Size": "850mL"
  },
  {
    "Brand_Product_Size": "Clearblue Pregrency Visual Plus Midstream 1 pack",
    "COL Price": 9,
    "COL ppu": "$9.00 per 1Ea",
    "COL Size": "1 pack"
  },
  {
    "Brand_Product_Size": "Coles Ultra Floor Cleaner 750mL",
    "COL Price": 2,
    "COL ppu": "$0.27 per 100mL",
    "COL Size": "750mL"
  },
  {
    "Brand_Product_Size": "Helga's Digestive Well Being Grain Wraps 420g",
    "COL Price": 4,
    "COL ppu": "$0.95 per 100G",
    "COL Size": "420g"
  },
  {
    "Brand_Product_Size": "Jalna Pot Set Greek Style Natural Yoghurt 170g",
    "COL Price": 1.75,
    "COL ppu": "$1.03 per 100G",
    "COL Size": "170g"
  },
  {
    "Brand_Product_Size": "Always Fresh Kalamata Olives Pitted 425g",
    "COL Price": 7.8,
    "COL ppu": "$18.35 per 1Kg",
    "COL Size": "425g"
  },
  {
    "Brand_Product_Size": "Coles Cotton Gloves each",
    "COL Price": 1.4,
    "COL ppu": "$1.40 per 1Ea",
    "COL Size": "each"
  },
  {
    "Brand_Product_Size": "Nivea Men Deep Clean Shower Gel & Body Wash 500mL",
    "COL Price": 6,
    "COL ppu": "$1.20 per 100mL",
    "COL Size": "500mL"
  },
  {
    "Brand_Product_Size": "Coles Perform Open Chicken Fajita 330g",
    "COL Price": 8,
    "COL ppu": "$2.42 per 100G",
    "COL Size": "330g"
  },
  {
    "Brand_Product_Size": "Coles Pure Australian Honey Squeeze 1kg",
    "COL Price": 13.75,
    "COL ppu": "$13.75 per 1KG",
    "COL Size": "1kg"
  },
  {
    "Brand_Product_Size": "Huon Fresh Trout Portions Skin On 280g",
    "COL Price": 13,
    "COL ppu": "$46.43 per 1Kg",
    "COL Size": "280g"
  },
  {
    "Brand_Product_Size": "Nivea Daily Essentials Exfoliating Scrub Gentle 150mL",
    "COL Price": 11,
    "COL ppu": "$7.33 per 100mL",
    "COL Size": "150mL"
  },
  {
    "Brand_Product_Size": "Yoplait Passionfruit Yoghurt 1kg",
    "COL Price": 4,
    "COL ppu": "$4.00 per 1L",
    "COL Size": "1kg"
  },
  {
    "Brand_Product_Size": "KOi Body Lotion Bergamot & Magnolia 400ml each",
    "COL Price": 12,
    "COL ppu": "$3.00 per 100mL",
    "COL Size": "each"
  },
  {
    "Brand_Product_Size": "Rascal & Friends Nappies Bulk Walker 32 pack",
    "COL Price": 14,
    "COL ppu": "$0.44 per 1Ea",
    "COL Size": "32 pack"
  },
  {
    "Brand_Product_Size": "5 Gum Orange Chewing Gum Stick 96g",
    "COL Price": 4,
    "COL ppu": "$4.17 per 100G",
    "COL Size": "96g"
  },
  {
    "Brand_Product_Size": "Back To Basics Veggie Crackers Zucchini Almond 45g",
    "COL Price": 2.8,
    "COL ppu": "$6.22 per 100G",
    "COL Size": "45g"
  },
  {
    "Brand_Product_Size": "Mirabella LED 9.5 Watt Edison Screw Warm White Globe each",
    "COL Price": 8,
    "COL ppu": "$8.00 per 1Ea",
    "COL Size": "each"
  },
  {
    "Brand_Product_Size": "Robert Timms Cafe Series Arabica Dark Roast Coffee Bags 10 Pack 58g",
    "COL Price": 2.97,
    "COL ppu": "$0.51 per 10G",
    "COL Size": "58g"
  },
  {
    "Brand_Product_Size": "Kiwi Women's Memory Insole 6-10 each",
    "COL Price": 17.5,
    "COL ppu": "$8.75 per 1Ea",
    "COL Size": "each"
  },
  {
    "Brand_Product_Size": "Coles I'M Free From Puffed Corn Chips Quinoa & Chia 168g",
    "COL Price": 3.5,
    "COL ppu": "$2.08 per 100G",
    "COL Size": "168g"
  },
  {
    "Brand_Product_Size": "Aptamil Gold+ Reflux Baby Infant Formula Regurgitation or Mild Reflux From Birth to 12 Months 900g",
    "COL Price": 27,
    "COL ppu": "$3.00 per 100G",
    "COL Size": "900g"
  },
  {
    "Brand_Product_Size": "Wicked Sister Creamy Coconut Rice Pudding 2x170g 340g",
    "COL Price": 4.2,
    "COL ppu": "$1.24 per 100G",
    "COL Size": "340g"
  },
  {
    "Brand_Product_Size": "Bosisto's Tea Tree Spray 1 pack",
    "COL Price": 12,
    "COL ppu": "$9.60 per 100G",
    "COL Size": "1 pack"
  },
  {
    "Brand_Product_Size": "Coles Honey Cashews 350g",
    "COL Price": 7.5,
    "COL ppu": "$2.14 per 100G",
    "COL Size": "350g"
  },
  {
    "Brand_Product_Size": "Applaws Cat Food Pouch Tuna Wholemeat In Jelly 70g",
    "COL Price": 2,
    "COL ppu": "$2.86 per 100G",
    "COL Size": "70g"
  },
  {
    "Brand_Product_Size": "Le Tan Coconut Lotion SPF15 125mL",
    "COL Price": 10,
    "COL ppu": "$8.00 per 100mL",
    "COL Size": "125mL"
  },
  {
    "Brand_Product_Size": "Nestle KitKat Dark Chocolate Block 170g",
    "COL Price": 3,
    "COL ppu": "$1.76 per 100G",
    "COL Size": "170g"
  },
  {
    "Brand_Product_Size": "Mayvers Protein Plus Peanut Butter with Hemp Seeds 375g",
    "COL Price": 5.5,
    "COL ppu": "$1.47 per 100G",
    "COL Size": "375g"
  },
  {
    "Brand_Product_Size": "Grand Italian Potato Gnocchi 500g",
    "COL Price": 4.7,
    "COL ppu": "$0.94 per 100G",
    "COL Size": "500g"
  },
  {
    "Brand_Product_Size": "Cadbury Dairy Milk Tropical Pineapple Chocolate Block 180g",
    "COL Price": 5,
    "COL ppu": "$2.78 per 100G",
    "COL Size": "180g"
  },
  {
    "Brand_Product_Size": "Remedy Kombucha Passionfruit 300mL",
    "COL Price": 3.5,
    "COL ppu": "$11.67 per 1L",
    "COL Size": "300mL"
  },
  {
    "Brand_Product_Size": "Madura Green Leaf Tea 175g",
    "COL Price": 5.7,
    "COL ppu": "$3.26 per 100G",
    "COL Size": "175g"
  },
  {
    "Brand_Product_Size": "Arnott's Milk Chocolate Royals 200g",
    "COL Price": 4,
    "COL ppu": "$2.00 per 100G",
    "COL Size": "200g"
  },
  {
    "Brand_Product_Size": "Ivans Family Chunky Angus Pie 900g 900g",
    "COL Price": 15.5,
    "COL ppu": "$1.72 per 100G",
    "COL Size": "900g"
  },
  {
    "Brand_Product_Size": "Gasmate Butane Gas Cartridges 4 pack",
    "COL Price": 8,
    "COL ppu": "$2.00 per 1Ea",
    "COL Size": "4 pack"
  },
  {
    "Brand_Product_Size": "Rexona Men Antiperspirant Aerosol Advanced Invisible Black & White 100mL",
    "COL Price": 3.5,
    "COL ppu": "$3.50 per 100mL",
    "COL Size": "100mL"
  },
  {
    "Brand_Product_Size": "L'Oreal Infallible Matte Found Natural Rose 35mL",
    "COL Price": 21,
    "COL ppu": "$6.00 per 10mL",
    "COL Size": "35mL"
  },
  {
    "Brand_Product_Size": "Cook & Dine Aluminium Stock Pot 24cm each",
    "COL Price": 20,
    "COL ppu": "$20.00 per 1Ea",
    "COL Size": "each"
  },
  {
    "Brand_Product_Size": "Kettle Chunky Chips Tomato & Herb 150g",
    "COL Price": 4.65,
    "COL ppu": "$3.10 per 100G",
    "COL Size": "150g"
  },
  {
    "Brand_Product_Size": "Coles Organic Carrots Prepacked 1kg",
    "COL Price": 5.5,
    "COL ppu": "$5.50 per 1Kg",
    "COL Size": "1kg"
  },
  {
    "Brand_Product_Size": "Primo Cacciatori Hot each",
    "COL Price": 6,
    "COL ppu": "$6.00 per 1Ea",
    "COL Size": "each"
  },
  {
    "Brand_Product_Size": "GardenMate Universal Tap Adaptor 1 each",
    "COL Price": 3.7,
    "COL ppu": "$3.70 per 1Ea",
    "COL Size": "1 each"
  },
  {
    "Brand_Product_Size": "Cook & Dine Tritan Bottle 700mL each",
    "COL Price": 14,
    "COL ppu": "$14.00 per 1Ea",
    "COL Size": "each"
  },
  {
    "Brand_Product_Size": "Polident Denture Cleanser Fresh Active Tablets 36 pack",
    "COL Price": 6.1,
    "COL ppu": "$0.17 per 1Ea",
    "COL Size": "36 pack"
  },
  {
    "Brand_Product_Size": "Nood Sustainable Salmon Recipe With Superfoods Dry Dog Food 3kg",
    "COL Price": 20,
    "COL ppu": "$0.67 per 100G",
    "COL Size": "3kg"
  },
  {
    "Brand_Product_Size": "Coles White Plain Flour 1kg",
    "COL Price": 1,
    "COL ppu": "$1.00 per 1Kg",
    "COL Size": "1kg"
  },
  {
    "Brand_Product_Size": "Yates Zero Weed Killer Twin Pack Refill 750mL",
    "COL Price": 12.9,
    "COL ppu": "$12.90 per 1ea",
    "COL Size": "750mL"
  },
  {
    "Brand_Product_Size": "Coles Pure Australian Honey Squeeze 500g",
    "COL Price": 7.2,
    "COL ppu": "$1.44 per 100G",
    "COL Size": "500g"
  },
  {
    "Brand_Product_Size": "Coles White Self Raising Flour 2kg",
    "COL Price": 1.8,
    "COL ppu": "$0.90 per 1Kg",
    "COL Size": "2kg"
  },
  {
    "Brand_Product_Size": "Meat Servery Beef Scotch Fillet Steak approx. 250g",
    "COL Price": 10.25,
    "COL ppu": "$41.00 per 1Kg",
    "COL Size": "approx. 250g"
  },
  {
    "Brand_Product_Size": "Bega Strong & Bitey Vintage Cheese Slices 15 pack 250g",
    "COL Price": 4.5,
    "COL ppu": "$18.00 per 1Kg",
    "COL Size": "250g"
  },
  {
    "Brand_Product_Size": "Coles Deli Sliced Primo HGP Free Pastrami approx. 125g each",
    "COL Price": 3.25,
    "COL ppu": "$26.00 per 1Kg",
    "COL Size": "approx. 125g each"
  },
  {
    "Brand_Product_Size": "Optimum Natural Defences 1+ Years Chunks In Jelly With Chicken Cat Food Pouch 85g",
    "COL Price": 1.9,
    "COL ppu": "$2.24 per 100G",
    "COL Size": "85g"
  },
  {
    "Brand_Product_Size": "Sistema Klip It Plus Square Container 1.15L each",
    "COL Price": 2.75,
    "COL ppu": "$2.75 per 1Ea",
    "COL Size": "each"
  },
  {
    "Brand_Product_Size": "Brita Water Filter Discs 3 pack",
    "COL Price": 15,
    "COL ppu": "$5.00 per 1Ea",
    "COL Size": "3 pack"
  },
  {
    "Brand_Product_Size": "Ayam Regular Coconut Cream 400mL",
    "COL Price": 3.5,
    "COL ppu": "$0.88 per 100mL",
    "COL Size": "400mL"
  },
  {
    "Brand_Product_Size": "Campbell's Country Ladle Soup With Bone Broth Mushroom & Barley 505g",
    "COL Price": 4,
    "COL ppu": "$0.79 per 100G",
    "COL Size": "505g"
  },
  {
    "Brand_Product_Size": "Ben & Jerry's Netflix Punchline 458mL",
    "COL Price": 8,
    "COL ppu": "$1.75 per 100mL",
    "COL Size": "458mL"
  },
  {
    "Brand_Product_Size": "L'Oreal Paris Excellence Creme Dark Brown Hair Colour 1 pack",
    "COL Price": 20,
    "COL ppu": "$20.00 per 1Ea",
    "COL Size": "1 pack"
  },
  {
    "Brand_Product_Size": "Creative Gourmet Crepes Strawberry 260g",
    "COL Price": 8.6,
    "COL ppu": "$3.31 per 100G",
    "COL Size": "260g"
  },
  {
    "Brand_Product_Size": "Nescafe Dolce Gusto Espresso Intenso Coffee Capsules 16 pack 96g",
    "COL Price": 8.5,
    "COL ppu": "$8.85 per 100G",
    "COL Size": "96g"
  },
  {
    "Brand_Product_Size": "Coles Basil Pesto 190g",
    "COL Price": 1.95,
    "COL ppu": "$1.03 per 100G",
    "COL Size": "190g"
  },
  {
    "Brand_Product_Size": "Lavazza Espresso Dek Cremoso Intensita 7 Decaffeinated Coffee Capsules 16 pack",
    "COL Price": 11,
    "COL ppu": "$0.69 per 1Ea",
    "COL Size": "16 pack"
  },
  {
    "Brand_Product_Size": "Coles Roma Tomatoes Loose approx. 100g each",
    "COL Price": 0.69,
    "COL ppu": "$6.90 per 1Kg",
    "COL Size": "approx. 100g each"
  },
  {
    "Brand_Product_Size": "Montefiore Fresh Mozzarella Pear 400g",
    "COL Price": 8,
    "COL ppu": "$20.00 per 1Kg",
    "COL Size": "400g"
  },
  {
    "Brand_Product_Size": "Senokot Lemon Laxative Tablets 100 pack",
    "COL Price": 8.5,
    "COL ppu": "$0.09 per 1Ea",
    "COL Size": "100 pack"
  },
  {
    "Brand_Product_Size": "Primo Champagne Leg Ham approx. 125g",
    "COL Price": 2.5,
    "COL ppu": "$20.00 per 1Kg",
    "COL Size": "approx. 125g"
  },
  {
    "Brand_Product_Size": "Chicken Tonight Cashew Satay Simmer Sauce 500g",
    "COL Price": 2.5,
    "COL ppu": "$0.50 per 100G",
    "COL Size": "500g"
  },
  {
    "Brand_Product_Size": "Nestle Smarties 50g",
    "COL Price": 2,
    "COL ppu": "$4.00 per 100G",
    "COL Size": "50g"
  },
  {
    "Brand_Product_Size": "Metamucil Daily Fibre Supplement Smooth Orange 114 Doses 673g",
    "COL Price": 26.77,
    "COL ppu": "$3.98 per 100G",
    "COL Size": "673g"
  },
  {
    "Brand_Product_Size": "Coles Beans Cannellini 420g",
    "COL Price": 0.8,
    "COL ppu": "$0.19 per 100G",
    "COL Size": "420g"
  },
  {
    "Brand_Product_Size": "Coles Bakery High Fibre Low GI White Toast Bread Loaf 680g",
    "COL Price": 3,
    "COL ppu": "$0.44 per 100G",
    "COL Size": "680g"
  },
  {
    "Brand_Product_Size": "Birds Eye Frozen Deli New Zealand Whiting Cracked Pepper Blend & Sea Salt Fillets 5 Pack 250g",
    "COL Price": 7.5,
    "COL ppu": "$30.00 per 1Kg",
    "COL Size": "250g"
  },
  {
    "Brand_Product_Size": "Nudie Apples & Blackcurrants Juice Chilled 2L",
    "COL Price": 7.5,
    "COL ppu": "$3.75 per 1L",
    "COL Size": "2L"
  },
  {
    "Brand_Product_Size": "Coles Classic Cappuccino Coffee Sachets 10 Pack 132g",
    "COL Price": 3.25,
    "COL ppu": "$2.46 per 100G",
    "COL Size": "132g"
  },
  {
    "Brand_Product_Size": "Coles Italian Herbs 13g",
    "COL Price": 2.1,
    "COL ppu": "$1.62 per 10G",
    "COL Size": "13g"
  },
  {
    "Brand_Product_Size": "The Natural Confectionary Co. Snakes Lollies Large Bag 520g",
    "COL Price": 5,
    "COL ppu": "$0.96 per 100G",
    "COL Size": "520g"
  },
  {
    "Brand_Product_Size": "Cafe Najjar Classic Ground Coffee 200g",
    "COL Price": 5.4,
    "COL ppu": "$2.70 per 100G",
    "COL Size": "200g"
  },
  {
    "Brand_Product_Size": "L'Oreal Elvive Colour Protect Purple Conditioner 150mL",
    "COL Price": 4.97,
    "COL ppu": "$3.31 per 100mL",
    "COL Size": "150mL"
  },
  {
    "Brand_Product_Size": "Thankyou Lime & Coriander Hand Wash 500mL",
    "COL Price": 5.25,
    "COL ppu": "$1.05 per 100mL",
    "COL Size": "500mL"
  },
  {
    "Brand_Product_Size": "Vitapet Chicken Wrapped Rawhide Sticks 5 pack",
    "COL Price": 4,
    "COL ppu": "$0.80 per 1Ea",
    "COL Size": "5 pack"
  },
  {
    "Brand_Product_Size": "Neutrogena Oil-Free Moisturiser SPF 15 115mL",
    "COL Price": 14.4,
    "COL ppu": "$12.52 per 100mL",
    "COL Size": "115mL"
  },
  {
    "Brand_Product_Size": "L'Oreal Preference Tahiti 4 Permanent Hair Colour 1 pack",
    "COL Price": 9.5,
    "COL ppu": "$9.50 per 1Ea",
    "COL Size": "1 pack"
  },
  {
    "Brand_Product_Size": "Coles Microgreens Red Radish each",
    "COL Price": 3,
    "COL ppu": "$3.00 per 1Ea",
    "COL Size": "each"
  },
  {
    "Brand_Product_Size": "99th Monkey Almond Cacao Butter 200g",
    "COL Price": 7,
    "COL ppu": "$3.50 per 100G",
    "COL Size": "200g"
  },
  {
    "Brand_Product_Size": "Captain's Table Cracked Pepper Water Crackers 125g",
    "COL Price": 1.8,
    "COL ppu": "$1.44 per 100G",
    "COL Size": "125g"
  },
  {
    "Brand_Product_Size": "Flora ProActiv Margarine Spread Buttery 750g",
    "COL Price": 9.5,
    "COL ppu": "$1.27 per 100G",
    "COL Size": "750g"
  },
  {
    "Brand_Product_Size": "Jinmailang Emperor Spicy Pork Noodles 112g",
    "COL Price": 0.9,
    "COL ppu": "$0.80 per 100G",
    "COL Size": "112g"
  },
  {
    "Brand_Product_Size": "Coles Organic Maca Powder 150g",
    "COL Price": 5.5,
    "COL ppu": "$3.67 per 100G",
    "COL Size": "150g"
  },
  {
    "Brand_Product_Size": "Cook & Dine Clip Top Preserving Jar 750ml each",
    "COL Price": 5,
    "COL ppu": "$5.00 per 1Ea",
    "COL Size": "each"
  },
  {
    "Brand_Product_Size": "Bic Twin Blade Disposable Razors for Sensitive Skin 10 pack",
    "COL Price": 4,
    "COL ppu": "$0.40 per 1Ea",
    "COL Size": "10 pack"
  },
  {
    "Brand_Product_Size": "Dimes Red Mix Juice 1L",
    "COL Price": 2.5,
    "COL ppu": "$2.50 per 1L",
    "COL Size": "1L"
  },
  {
    "Brand_Product_Size": "V.I.P. Megabite Dog Roll 3kg",
    "COL Price": 7,
    "COL ppu": "$0.23 per 100G",
    "COL Size": "3kg"
  },
  {
    "Brand_Product_Size": "Antonio Tomas Spanish Paella Rice 1kg",
    "COL Price": 6.35,
    "COL ppu": "$0.64 per 100G",
    "COL Size": "1kg"
  },
  {
    "Brand_Product_Size": "Tracklements Sweet Mustard Ketchup 230mL",
    "COL Price": 12,
    "COL ppu": "$5.22 per 100mL",
    "COL Size": "230mL"
  },
  {
    "Brand_Product_Size": "Coles Orange & Passionfruit Flavoured Lightly Sparkling Mineral Water 1.25L",
    "COL Price": 1.6,
    "COL ppu": "$1.28 per 1L",
    "COL Size": "1.25L"
  },
  {
    "Brand_Product_Size": "Vittoria Italian Blend Capsules 10 pack",
    "COL Price": 6,
    "COL ppu": "$0.60 per 1Ea",
    "COL Size": "10 pack"
  },
  {
    "Brand_Product_Size": "Primo Pepperoni approx. 125g",
    "COL Price": 3.375,
    "COL ppu": "$27.00 per 1Kg",
    "COL Size": "approx. 125g"
  },
  {
    "Brand_Product_Size": "Gillette Fusion Manual Shaving Blade Refill 4 pack",
    "COL Price": 22.5,
    "COL ppu": "$5.63 per 1Ea",
    "COL Size": "4 pack"
  },
  {
    "Brand_Product_Size": "Blue Bird Original Green Onion Cut Chips 150g",
    "COL Price": 4.2,
    "COL ppu": "$2.80 per 100G",
    "COL Size": "150g"
  },
  {
    "Brand_Product_Size": "Wei Lih Ichiban Noodle Bowl Roast Pork 150g",
    "COL Price": 4.4,
    "COL ppu": "$2.93 per 100G",
    "COL Size": "150g"
  },
  {
    "Brand_Product_Size": "Coles Deli Large BBQ Pasta Salad each",
    "COL Price": 7,
    "COL ppu": "$7.00 per 1Ea",
    "COL Size": "each"
  },
  {
    "Brand_Product_Size": "Gillette Sensor 3 Comfort Disposable Razors 12 pack",
    "COL Price": 16,
    "COL ppu": "$1.33 per 1Ea",
    "COL Size": "12 pack"
  },
  {
    "Brand_Product_Size": "Healtheries Kidscare Rice Wheels Burger 126g",
    "COL Price": 4.75,
    "COL ppu": "$3.77 per 100G",
    "COL Size": "126g"
  },
  {
    "Brand_Product_Size": "Scholl Gel Activ Work Women 1 each",
    "COL Price": 28,
    "COL ppu": "",
    "COL Size": "1 each"
  },
  {
    "Brand_Product_Size": "Nair Hair Removal Shower Cream With Coconut Oil 357g",
    "COL Price": 15.5,
    "COL ppu": "$4.34 per 100G",
    "COL Size": "357g"
  },
  {
    "Brand_Product_Size": "Bow Wow Super Snacks Grain Free Kangaroo Spinach & Kale Sticks Dog Treat 5 pack",
    "COL Price": 4,
    "COL ppu": "$0.80 per 1Ea",
    "COL Size": "5 pack"
  },
  {
    "Brand_Product_Size": "My Dog Gourmet Beef Dog Food 100g 24 pack",
    "COL Price": 24,
    "COL ppu": "$1.00 per 1Ea",
    "COL Size": "24 pack"
  },
  {
    "Brand_Product_Size": "Uncle Tobys Le Snak Dip & Crackers Tasty Cheese Variety Pack 264g",
    "COL Price": 7.6,
    "COL ppu": "$2.88 per 100G",
    "COL Size": "264g"
  },
  {
    "Brand_Product_Size": "Monini Delicato Italian Extra Virgin Olive Oil 750mL",
    "COL Price": 12,
    "COL ppu": "$1.60 per 100mL",
    "COL Size": "750mL"
  },
  {
    "Brand_Product_Size": "Herbal Essences Bio Renew Coconut Milk Shampoo 600mL",
    "COL Price": 18,
    "COL ppu": "$3.00 per 100mL",
    "COL Size": "600mL"
  },
  {
    "Brand_Product_Size": "Coles Deli Thawed Cooked Prawn Plate Large 500g each",
    "COL Price": 18,
    "COL ppu": "$18.00 per 1Ea",
    "COL Size": "each"
  },
  {
    "Brand_Product_Size": "Coles Tuna in Brine 425g",
    "COL Price": 3,
    "COL ppu": "$7.06 per 1Kg",
    "COL Size": "425g"
  },
  {
    "Brand_Product_Size": "Lifesavers Single Roll Musk 34g",
    "COL Price": 1.1,
    "COL ppu": "$3.24 per 100G",
    "COL Size": "34g"
  },
  {
    "Brand_Product_Size": "Stop Itch First Aid Cream 50g",
    "COL Price": 7,
    "COL ppu": "$14.00 per 100G",
    "COL Size": "50g"
  },
  {
    "Brand_Product_Size": "Always Discreet Liners Long Plus For Bladder Leaks 20 pack",
    "COL Price": 6,
    "COL ppu": "$0.30 per 1Ea",
    "COL Size": "20 pack"
  },
  {
    "Brand_Product_Size": "Elastoplast Wound Cleansing Spray 100mL",
    "COL Price": 8,
    "COL ppu": "$8.00 per 100mL",
    "COL Size": "100mL"
  },
  {
    "Brand_Product_Size": "Purr Chicken Cat Food 400g 3 pack",
    "COL Price": 3.5,
    "COL ppu": "$2.92 per 1Kg",
    "COL Size": "3 pack"
  },
  {
    "Brand_Product_Size": "Coles Almond Meal 400g",
    "COL Price": 7.5,
    "COL ppu": "$18.75 per 1Kg",
    "COL Size": "400g"
  },
  {
    "Brand_Product_Size": "Lotus Peak White Tea Bags 25 pack 50g",
    "COL Price": 3.5,
    "COL ppu": "$7.00 per 100G",
    "COL Size": "50g"
  },
  {
    "Brand_Product_Size": "King Island Dairy Smoked Camembert 200g",
    "COL Price": 12.6,
    "COL ppu": "$63.00 per 1Kg",
    "COL Size": "200g"
  },
  {
    "Brand_Product_Size": "Dollar Sweets Assorted Patty Pans 600 pack",
    "COL Price": 9,
    "COL ppu": "$0.02 per 1Ea",
    "COL Size": "600 pack"
  },
  {
    "Brand_Product_Size": "Sanitarium Marmite Yeast Extract Spread 250g",
    "COL Price": 4.3,
    "COL ppu": "$1.72 per 100G",
    "COL Size": "250g"
  },
  {
    "Brand_Product_Size": "Cook & Dine Large Sieve 20cm each",
    "COL Price": 7,
    "COL ppu": "$7.00 per 1Ea",
    "COL Size": "each"
  },
  {
    "Brand_Product_Size": "Pauls Milky Max Vanilla Custard 70g",
    "COL Price": 1.5,
    "COL ppu": "$2.14 per 100G",
    "COL Size": "70g"
  },
  {
    "Brand_Product_Size": "Tempo Reduced Fat Cheddar Cheese Block 1kg",
    "COL Price": 21.5,
    "COL ppu": "$21.50 per 1Kg",
    "COL Size": "1kg"
  },
  {
    "Brand_Product_Size": "Pepsi Max Multipack Mini Cans 200mL 6 pack",
    "COL Price": 6.2,
    "COL ppu": "$5.17 per 1L",
    "COL Size": "6 pack"
  },
  {
    "Brand_Product_Size": "Masterfoods Recipe Base Smokey Tacos 175g",
    "COL Price": 2.2,
    "COL ppu": "$1.26 per 100G",
    "COL Size": "175g"
  },
  {
    "Brand_Product_Size": "White King Powerclean Toilet Bleach Gel Eucalyptus 700mL",
    "COL Price": 3,
    "COL ppu": "$0.43 per 100mL",
    "COL Size": "700mL"
  },
  {
    "Brand_Product_Size": "Grandma's Golden Wok Duck Gyoza 250g",
    "COL Price": 7.5,
    "COL ppu": "$3.00 per 100G",
    "COL Size": "250g"
  },
  {
    "Brand_Product_Size": "Lynx Collision Leather Cookies Aerosol Deodorant 165mL",
    "COL Price": 7,
    "COL ppu": "$4.24 per 100mL",
    "COL Size": "165mL"
  },
  {
    "Brand_Product_Size": "The Bar Counter High Protein Dark Chocolate & Almond",
    "COL Price": 2.5,
    "COL ppu": "",
    "COL Size": ""
  },
  {
    "Brand_Product_Size": "Arnott's Wagon Wheels Single 48g",
    "COL Price": 1.5,
    "COL ppu": "$3.13 per 100G",
    "COL Size": "48g"
  },
  {
    "Brand_Product_Size": "Nurofen Pain And Inflammation Relief Tablets 200mg Ibuprofen 12 pack",
    "COL Price": 3.75,
    "COL ppu": "$0.31 per 1Ea",
    "COL Size": "12 pack"
  },
  {
    "Brand_Product_Size": "Nexba Lychee & Lemon Flavoured Sparkling Water 1L",
    "COL Price": 2.65,
    "COL ppu": "$2.65 per 1L",
    "COL Size": "1L"
  },
  {
    "Brand_Product_Size": "Mortein NaturGard Prime Indoor Eucalyptus Automatic Insect Control 1 pack",
    "COL Price": 32,
    "COL ppu": "$32.00 per 1Ea",
    "COL Size": "1 pack"
  },
  {
    "Brand_Product_Size": "Freedom Foods Corn Flakes 260g",
    "COL Price": 4,
    "COL ppu": "$1.54 per 100G",
    "COL Size": "260g"
  },
  {
    "Brand_Product_Size": "Gillette Millennial Swirl Razor 1 pack",
    "COL Price": 22,
    "COL ppu": "$22.00 per 1Ea",
    "COL Size": "1 pack"
  },
  {
    "Brand_Product_Size": "Walters Nougat Chocolate Biscuit 150g",
    "COL Price": 5,
    "COL ppu": "$3.33 per 100G",
    "COL Size": "150g"
  },
  {
    "Brand_Product_Size": "Coles Triple Cream Brie Cheese 200g",
    "COL Price": 5,
    "COL ppu": "$2.50 per 100G",
    "COL Size": "200g"
  },
  {
    "Brand_Product_Size": "Coles I'M Free From Garlic Bread 400g",
    "COL Price": 6,
    "COL ppu": "$1.50 per 100G",
    "COL Size": "400g"
  },
  {
    "Brand_Product_Size": "Pringles Sour Cream & Onion Potato Chips 134g",
    "COL Price": 2,
    "COL ppu": "$1.49 per 100G",
    "COL Size": "134g"
  },
  {
    "Brand_Product_Size": "Napro Palette 3-65 Chocolate Brown Permanent Hair Colour 1 pack",
    "COL Price": 7.95,
    "COL ppu": "$7.95 per 1Ea",
    "COL Size": "1 pack"
  },
  {
    "Brand_Product_Size": "Rascal & Friends Toddler Nappies Jumbo 72 pack",
    "COL Price": 27,
    "COL ppu": "$0.38 per 1Ea",
    "COL Size": "72 pack"
  },
  {
    "Brand_Product_Size": "Bertocchi Beretta Prosciutto 100g",
    "COL Price": 5.8,
    "COL ppu": "$58.00 per 1Kg",
    "COL Size": "100g"
  },
  {
    "Brand_Product_Size": "Darrell Lea Milk Chocolate Block Bondi 160g",
    "COL Price": 3,
    "COL ppu": "$1.88 per 100G",
    "COL Size": "160g"
  },
  {
    "Brand_Product_Size": "Boss Iced Latte Coffee 237mL",
    "COL Price": 3.65,
    "COL ppu": "$15.40 per 1L",
    "COL Size": "237mL"
  },
  {
    "Brand_Product_Size": "Total Care Nail Clippers Dog 1 pack",
    "COL Price": 15,
    "COL ppu": "$15.00 per 1Ea",
    "COL Size": "1 pack"
  },
  {
    "Brand_Product_Size": "Coles Dairy HDPE Milk Lite Reduced Fat 3L",
    "COL Price": 3.59,
    "COL ppu": "$1.20 per 1L",
    "COL Size": "3L"
  },
  {
    "Brand_Product_Size": "Sweet William White Chocolate Delight Dairy Free 100g",
    "COL Price": 3.6,
    "COL ppu": "$3.60 per 100G",
    "COL Size": "100g"
  },
  {
    "Brand_Product_Size": "McKenzie's Split Red Lentils 1kg",
    "COL Price": 4.4,
    "COL ppu": "$0.44 per 100G",
    "COL Size": "1kg"
  },
  {
    "Brand_Product_Size": "Twinings Watermelon, Strawberry & Mint Cold Water Infusion 12 pack 30g",
    "COL Price": 6,
    "COL ppu": "$0.50 per 1Ea",
    "COL Size": "30g"
  },
  {
    "Brand_Product_Size": "Vegemite 40% Salt Reduced 235g",
    "COL Price": 4.9,
    "COL ppu": "$2.09 per 100G",
    "COL Size": "235g"
  },
  {
    "Brand_Product_Size": "John West Wild Scottish Mackerel Fillets In Olive Oil Blend 125g",
    "COL Price": 3.3,
    "COL ppu": "$26.40 per 1Kg",
    "COL Size": "125g"
  },
  {
    "Brand_Product_Size": "Kellogg's Cholesterol Lowering Sultana Bran 390g",
    "COL Price": 6.99,
    "COL ppu": "$1.79 per 100G",
    "COL Size": "390g"
  },
  {
    "Brand_Product_Size": "Plantry Meal Frozen Lasagna 350g",
    "COL Price": 6,
    "COL ppu": "$1.71 per 100G",
    "COL Size": "350g"
  },
  {
    "Brand_Product_Size": "Coles Burrito Tortilla Wraps 10 Pack 400g",
    "COL Price": 3.5,
    "COL ppu": "$0.88 per 100G",
    "COL Size": "400g"
  },
  {
    "Brand_Product_Size": "Radiant Laundry Powder Whites & Colours 2kg",
    "COL Price": 9,
    "COL ppu": "$4.50 per 1Kg",
    "COL Size": "2kg"
  },
  {
    "Brand_Product_Size": "Golden Circle Apple & Mango Juice 3L",
    "COL Price": 4,
    "COL ppu": "$1.33 per 1L",
    "COL Size": "3L"
  },
  {
    "Brand_Product_Size": "Coles Urban Coffee Culture Capsules Strong 10 pack",
    "COL Price": 3.7,
    "COL ppu": "$0.37 per 1Ea",
    "COL Size": "10 pack"
  },
  {
    "Brand_Product_Size": "Tracklements Original Onion Marmalade 250g",
    "COL Price": 14.75,
    "COL ppu": "$5.90 per 100G",
    "COL Size": "250g"
  },
  {
    "Brand_Product_Size": "Coles Salted Mixed Nuts 375g",
    "COL Price": 5.35,
    "COL ppu": "$14.27 per 1Kg",
    "COL Size": "375g"
  },
  {
    "Brand_Product_Size": "Lindor Double Chocolate Bag 123g",
    "COL Price": 6,
    "COL ppu": "$4.88 per 100G",
    "COL Size": "123g"
  },
  {
    "Brand_Product_Size": "Coles Pork Pancetta 100g",
    "COL Price": 7,
    "COL ppu": "$70.00 per 1Kg",
    "COL Size": "100g"
  },
  {
    "Brand_Product_Size": "CSR Pure Icing Sugar 500g",
    "COL Price": 1.85,
    "COL ppu": "$0.37 per 100G",
    "COL Size": "500g"
  },
  {
    "Brand_Product_Size": "Leggo's Bolognese with Bacon Chunky Tomato & Herbs Pasta Sauce 500g",
    "COL Price": 3.3,
    "COL ppu": "$0.66 per 100G",
    "COL Size": "500g"
  },
  {
    "Brand_Product_Size": "Doritos Nacho Cheese Salsa 300g",
    "COL Price": 2.5,
    "COL ppu": "$0.83 per 100G",
    "COL Size": "300g"
  },
  {
    "Brand_Product_Size": "Helga's Soy Linseed Bread 850g",
    "COL Price": 3.9,
    "COL ppu": "$0.46 per 100G",
    "COL Size": "850g"
  },
  {
    "Brand_Product_Size": "Latina Fresh Ricotta & Spinach Agnolotti 625g",
    "COL Price": 8,
    "COL ppu": "$1.28 per 100G",
    "COL Size": "625g"
  },
  {
    "Brand_Product_Size": "Bounce Gluten Free Cacao Mint Protein Energy Ball 42g",
    "COL Price": 2,
    "COL ppu": "$0.48 per 10G",
    "COL Size": "42g"
  },
  {
    "Brand_Product_Size": "Swisse Beauty Collagen Balance Powder 120 gram",
    "COL Price": 30,
    "COL ppu": "",
    "COL Size": "120 gram"
  },
  {
    "Brand_Product_Size": "Nestle Smarties Chocolate Block 180g",
    "COL Price": 3,
    "COL ppu": "$1.67 per 100G",
    "COL Size": "180g"
  },
  {
    "Brand_Product_Size": "Huggies Ultimate Nappy Pant Size 6 45 pack",
    "COL Price": 32,
    "COL ppu": "$0.71 per 1Ea",
    "COL Size": "45 pack"
  },
  {
    "Brand_Product_Size": "Coles Lamb Boneless Shank approx. 575g",
    "COL Price": 12.65,
    "COL ppu": "$22.00 per 1Kg",
    "COL Size": "approx. 575g"
  },
  {
    "Brand_Product_Size": "Coles Bakery Marks Signature Cake 9 Inch each",
    "COL Price": 40,
    "COL ppu": "$40.00 per 1Ea",
    "COL Size": "each"
  },
  {
    "Brand_Product_Size": "Bubs Organic Grass Fed Formula Stage 3 Toddler 800g",
    "COL Price": 22.4,
    "COL ppu": "$2.80 per 100G",
    "COL Size": "800g"
  },
  {
    "Brand_Product_Size": "Twinings Infuse Peach & Passionfruit Cold Water Infusion 12 Pack 30g",
    "COL Price": 6,
    "COL ppu": "$20.00 per 100G",
    "COL Size": "30g"
  },
  {
    "Brand_Product_Size": "Cub Sport Sipper Cup 12+ Months each",
    "COL Price": 6,
    "COL ppu": "$6.00 per 1Ea",
    "COL Size": "each"
  },
  {
    "Brand_Product_Size": "Ocean Spray Whole Cranberry Sauce 275g",
    "COL Price": 3.55,
    "COL ppu": "$1.29 per 100G",
    "COL Size": "275g"
  },
  {
    "Brand_Product_Size": "E45 Moisturising Lotion 200mL",
    "COL Price": 10,
    "COL ppu": "$5.00 per 100mL",
    "COL Size": "200mL"
  },
  {
    "Brand_Product_Size": "Mingle Seasoning Spag Bol 30g",
    "COL Price": 2.6,
    "COL ppu": "$0.87 per 10G",
    "COL Size": "30g"
  },
  {
    "Brand_Product_Size": "Coles Household Grade Disinfectant Lavender 2L",
    "COL Price": 1.4,
    "COL ppu": "$0.70 per 1L",
    "COL Size": "2L"
  },
  {
    "Brand_Product_Size": "Garlos Chicken Breast Pie 200g",
    "COL Price": 4.5,
    "COL ppu": "$2.25 per 100G",
    "COL Size": "200g"
  },
  {
    "Brand_Product_Size": "Decor Match Ups Clips Container each",
    "COL Price": 5,
    "COL ppu": "$5.00 per 1Ea",
    "COL Size": "each"
  },
  {
    "Brand_Product_Size": "Coles Frozen Roast Garlic Chicken Wing Nibbles 550g",
    "COL Price": 6.6,
    "COL ppu": "$12.00 per 1Kg",
    "COL Size": "550g"
  },
  {
    "Brand_Product_Size": "Tom & Luke Snackaballs Dark Choc Mint 132g",
    "COL Price": 4,
    "COL ppu": "$3.03 per 100G",
    "COL Size": "132g"
  },
  {
    "Brand_Product_Size": "Nivea Pearl & Beauty Aerosol Antiperspirant Deodorant 150mL",
    "COL Price": 4,
    "COL ppu": "$2.67 per 100mL",
    "COL Size": "150mL"
  },
  {
    "Brand_Product_Size": "M & M Kosher Chicken Thigh Fillet Skin Off approx. 500g pack",
    "COL Price": 15.55,
    "COL ppu": "$31.10 per 1Kg",
    "COL Size": "approx. 500g pack"
  },
  {
    "Brand_Product_Size": "San Remo Single Snack Macaroni Cheese Pasta & Sauce 80g",
    "COL Price": 1,
    "COL ppu": "$1.25 per 100G",
    "COL Size": "80g"
  },
  {
    "Brand_Product_Size": "Coles RSPCA Approved Chicken Breast Tenders Plain Crumb 400g",
    "COL Price": 6.5,
    "COL ppu": "$16.25 per 1Kg",
    "COL Size": "400g"
  },
  {
    "Brand_Product_Size": "Continental Kosher Beef Scotch Fillet Steak approx. 500g",
    "COL Price": 27.5,
    "COL ppu": "$55.00 per 1Kg",
    "COL Size": "approx. 500g"
  },
  {
    "Brand_Product_Size": "Lotte Chocolate Koalas March 37g",
    "COL Price": 1.6,
    "COL ppu": "$4.32 per 100G",
    "COL Size": "37g"
  },
  {
    "Brand_Product_Size": "Cook & Dine Aluminium Deep Frying Pan 30cm each",
    "COL Price": 14,
    "COL ppu": "$14.00 per 1Ea",
    "COL Size": "each"
  },
  {
    "Brand_Product_Size": "Ner Zion Shabbat Candles 72 pack",
    "COL Price": 14.45,
    "COL ppu": "$0.20 per 1Ea",
    "COL Size": "72 pack"
  },
  {
    "Brand_Product_Size": "Coles Irrisistible Rum & Raisin Ice Cream Tub 1L",
    "COL Price": 5,
    "COL ppu": "$0.50 per 100mL",
    "COL Size": "1L"
  },
  {
    "Brand_Product_Size": "Coles I'M Free From Puff Pastry 600g",
    "COL Price": 8,
    "COL ppu": "$1.33 per 100G",
    "COL Size": "600g"
  },
  {
    "Brand_Product_Size": "Crampeze Capsules 60 pack",
    "COL Price": 19,
    "COL ppu": "$0.32 per 1Ea",
    "COL Size": "60 pack"
  },
  {
    "Brand_Product_Size": "Naturally Wild Pork Sausages 300g",
    "COL Price": 9,
    "COL ppu": "$30.00 per 1Kg",
    "COL Size": "300g"
  },
  {
    "Brand_Product_Size": "Farrow's Giant Marrowfat Peas 300g",
    "COL Price": 2,
    "COL ppu": "$6.67 per 1Kg",
    "COL Size": "300g"
  },
  {
    "Brand_Product_Size": "Wattie's Tomato Sauce 560g",
    "COL Price": 4,
    "COL ppu": "$0.71 per 100G",
    "COL Size": "560g"
  },
  {
    "Brand_Product_Size": "Mission Original Burrito 12 Tortillas 576g",
    "COL Price": 4.15,
    "COL ppu": "$0.72 per 100G",
    "COL Size": "576g"
  },
  {
    "Brand_Product_Size": "Nature Valley Peanut & Chocolate Protein Bar 160g",
    "COL Price": 5.3,
    "COL ppu": "$3.31 per 100G",
    "COL Size": "160g"
  },
  {
    "Brand_Product_Size": "Coca-Cola Classic Coke Multipack Cans 375mL 10 pack",
    "COL Price": 13.75,
    "COL ppu": "$3.67 per 1L",
    "COL Size": "10 pack"
  },
  {
    "Brand_Product_Size": "Sam's Frozen Pelmeni Beef & Pork Dumplings 800g",
    "COL Price": 14,
    "COL ppu": "$1.75 per 100G",
    "COL Size": "800g"
  },
  {
    "Brand_Product_Size": "Pantene Repair & Protect Shampoo 375mL",
    "COL Price": 8,
    "COL ppu": "$2.13 per 100mL",
    "COL Size": "375mL"
  },
  {
    "Brand_Product_Size": "Waterford's Tahitian Lime Lite & Fruity Sparkling Mineral Water 1L",
    "COL Price": 1.15,
    "COL ppu": "$1.15 per 1L",
    "COL Size": "1L"
  },
  {
    "Brand_Product_Size": "Coles Shower Cap 1 pack",
    "COL Price": 2,
    "COL ppu": "$2.00 per 1Ea",
    "COL Size": "1 pack"
  },
  {
    "Brand_Product_Size": "Vege Deli Crisps Lentil Lightly Salted Chips 100g",
    "COL Price": 2.75,
    "COL ppu": "$2.75 per 100G",
    "COL Size": "100g"
  },
  {
    "Brand_Product_Size": "Coles Honey Sliced Ham 100g",
    "COL Price": 2,
    "COL ppu": "$20.00 per 1Kg",
    "COL Size": "100g"
  },
  {
    "Brand_Product_Size": "Massel 7 Bouillon Cubes Chicken Style 35g",
    "COL Price": 1,
    "COL ppu": "$0.29 per 10G",
    "COL Size": "35g"
  },
  {
    "Brand_Product_Size": "Steggles Frozen Crumbed Chicken Nuggets 1kg",
    "COL Price": 12,
    "COL ppu": "$12.00 per 1Kg",
    "COL Size": "1kg"
  },
  {
    "Brand_Product_Size": "Messy Monkeys Popcorn Lightly Salted 130g",
    "COL Price": 5.5,
    "COL ppu": "$4.23 per 100G",
    "COL Size": "130g"
  },
  {
    "Brand_Product_Size": "Bega Tasty Cheese Grated 250g",
    "COL Price": 6,
    "COL ppu": "$24.00 per 1Kg",
    "COL Size": "250g"
  },
  {
    "Brand_Product_Size": "Mother Earth Baked Oaty Slices Salted Caramel 240g",
    "COL Price": 3,
    "COL ppu": "$1.25 per 100G",
    "COL Size": "240g"
  },
  {
    "Brand_Product_Size": "Laucke White Crusty Calico Bag Bread Mix 10kg",
    "COL Price": 26,
    "COL ppu": "$2.60 per 1Kg",
    "COL Size": "10kg"
  },
  {
    "Brand_Product_Size": "Natures Commonscents Goats Milk Body Wash 600mL",
    "COL Price": 6,
    "COL ppu": "$1.00 per 100mL",
    "COL Size": "600mL"
  },
  {
    "Brand_Product_Size": "Air Wick Carpet Fresh Country Vanilla 500g",
    "COL Price": 3.75,
    "COL ppu": "$0.75 per 100G",
    "COL Size": "500g"
  },
  {
    "Brand_Product_Size": "Cucina Matese Spaghetti No.113 Italian Pasta 500g",
    "COL Price": 2.8,
    "COL ppu": "$0.56 per 100G",
    "COL Size": "500g"
  },
  {
    "Brand_Product_Size": "Coles Super Strength Lemon Dishwashing Liquid 1L",
    "COL Price": 1.95,
    "COL ppu": "$1.95 per 1L",
    "COL Size": "1L"
  },
  {
    "Brand_Product_Size": "Coles Crumbed Southern Blue Whiting Fillets 1kg",
    "COL Price": 12,
    "COL ppu": "$12.00 per 1Kg",
    "COL Size": "1kg"
  },
  {
    "Brand_Product_Size": "Red Rock Deli Honey Soy Chicken Party Bag Potato Chips 290g",
    "COL Price": 7,
    "COL ppu": "$2.41 per 100G",
    "COL Size": "290g"
  },
  {
    "Brand_Product_Size": "Bulla Murray St Caramelised Peanut Brittle Ice Cream Sticks 4 Pack 400mL",
    "COL Price": 6,
    "COL ppu": "$1.50 per 100mL",
    "COL Size": "400mL"
  },
  {
    "Brand_Product_Size": "Pukka Night Time Tea Sachets 20 pack 20g",
    "COL Price": 7.5,
    "COL ppu": "$0.38 per 1Ea",
    "COL Size": "20g"
  },
  {
    "Brand_Product_Size": "Red Tractor Green Banana Multi Fibre Powder 225g",
    "COL Price": 14,
    "COL ppu": "$6.22 per 100G",
    "COL Size": "225g"
  },
  {
    "Brand_Product_Size": "Coles Candle No 1 each",
    "COL Price": 1.5,
    "COL ppu": "$1.50 per 1Ea",
    "COL Size": "each"
  },
  {
    "Brand_Product_Size": "Kettle Original Sea Salt Potato Chips 5 pack 92g",
    "COL Price": 3.35,
    "COL ppu": "$3.64 per 100G",
    "COL Size": "92g"
  },
  {
    "Brand_Product_Size": "Coles Minestrone Soup with Quinoa 430g",
    "COL Price": 2.7,
    "COL ppu": "$0.63 per 100G",
    "COL Size": "430g"
  },
  {
    "Brand_Product_Size": "Palmolive Coconut Body Butter Shower Scrub 400mL",
    "COL Price": 4.5,
    "COL ppu": "$1.13 per 100mL",
    "COL Size": "400mL"
  },
  {
    "Brand_Product_Size": "Coles Two Fruits In Juice 695g",
    "COL Price": 3.5,
    "COL ppu": "$5.04 per 1Kg",
    "COL Size": "695g"
  },
  {
    "Brand_Product_Size": "Coles Pro Total Power Battery Toothbrush 1 each",
    "COL Price": 10,
    "COL ppu": "",
    "COL Size": "1 each"
  },
  {
    "Brand_Product_Size": "Bic Multi Purpose Flex Wand Lighter 1 pack",
    "COL Price": 7,
    "COL ppu": "$7.00 per 1Ea",
    "COL Size": "1 pack"
  },
  {
    "Brand_Product_Size": "U By Kotex Extra Maximum Protection Overnight Long Pads With Wings 8 pack",
    "COL Price": 4,
    "COL ppu": "$0.50 per 1Ea",
    "COL Size": "8 pack"
  },
  {
    "Brand_Product_Size": "Atkins Advantage Cookies & Cream Bar 150g",
    "COL Price": 12,
    "COL ppu": "$8.00 per 100G",
    "COL Size": "150g"
  },
  {
    "Brand_Product_Size": "Colgate Total Mint Stripe Multi Benefit Toothpaste 115g",
    "COL Price": 3.5,
    "COL ppu": "$3.04 per 100G",
    "COL Size": "115g"
  },
  {
    "Brand_Product_Size": "Pauls Farmhouse Gold Full Cream Milk 1.5L",
    "COL Price": 3.45,
    "COL ppu": "$2.30 per 1L",
    "COL Size": "1.5L"
  },
  {
    "Brand_Product_Size": "Cook & Dine Coffee Plunger 1L each",
    "COL Price": 9.6,
    "COL ppu": "$9.60 per 1L",
    "COL Size": "each"
  },
  {
    "Brand_Product_Size": "Lemnos Smooth Fetta Cheese 200g",
    "COL Price": 5,
    "COL ppu": "$2.50 per 100G",
    "COL Size": "200g"
  },
  {
    "Brand_Product_Size": "Cook & Dine Stainless Steel Pizza Wheel each",
    "COL Price": 6,
    "COL ppu": "$6.00 per 1Ea",
    "COL Size": "each"
  },
  {
    "Brand_Product_Size": "Pearl River Bridge Light Soy Sauce 500mL",
    "COL Price": 2.85,
    "COL ppu": "$0.57 per 100mL",
    "COL Size": "500mL"
  },
  {
    "Brand_Product_Size": "Fancy Feast Classic Seafood Cat Food 85g",
    "COL Price": 1.45,
    "COL ppu": "$1.71 per 100G",
    "COL Size": "85g"
  },
  {
    "Brand_Product_Size": "Sanitarium So Good Chilled Regular Soy Milk 1L",
    "COL Price": 2,
    "COL ppu": "$2.00 per 1L",
    "COL Size": "1L"
  },
  {
    "Brand_Product_Size": "Depend Real Fit Extra Large Fitted Briefs for Women 8 pack",
    "COL Price": 12,
    "COL ppu": "$1.50 per 1Ea",
    "COL Size": "8 pack"
  },
  {
    "Brand_Product_Size": "I&J Scallops Roe Off 300g",
    "COL Price": 8.5,
    "COL ppu": "$2.83 per 100G",
    "COL Size": "300g"
  },
  {
    "Brand_Product_Size": "San Remo Tubular Spaghetti No 6 500g",
    "COL Price": 1.95,
    "COL ppu": "$0.39 per 100G",
    "COL Size": "500g"
  },
  {
    "Brand_Product_Size": "Green's Smooth Lemon Cake Mix 470g",
    "COL Price": 2.75,
    "COL ppu": "$0.59 per 100G",
    "COL Size": "470g"
  },
  {
    "Brand_Product_Size": "Cook & Dine Porcelain Ramekin each",
    "COL Price": 2.5,
    "COL ppu": "$2.50 per 1Ea",
    "COL Size": "each"
  },
  {
    "Brand_Product_Size": "Rexona Men Advanced Protection Sport Deodorant 220mL",
    "COL Price": 7.5,
    "COL ppu": "$3.41 per 100mL",
    "COL Size": "220mL"
  },
  {
    "Brand_Product_Size": "Coles Ultra Concentrate Dishwashing Liquid Limited Edition 450mL",
    "COL Price": 1.7,
    "COL ppu": "$0.38 per 100mL",
    "COL Size": "450mL"
  },
  {
    "Brand_Product_Size": "Super Nature Frozen Super Protein Slow Cooked Lamb With Chickpea, Amaranth And Sweet Potato Mash Wellness Bowl 350g",
    "COL Price": 6.3,
    "COL ppu": "$1.80 per 100G",
    "COL Size": "350g"
  },
  {
    "Brand_Product_Size": "Lynx Aerosol Voodoo Deodorant 165mL",
    "COL Price": 7,
    "COL ppu": "$4.24 per 100mL",
    "COL Size": "165mL"
  },
  {
    "Brand_Product_Size": "Bickford's Prune Juice 1L",
    "COL Price": 4.65,
    "COL ppu": "$4.65 per 1L",
    "COL Size": "1L"
  },
  {
    "Brand_Product_Size": "Always Fresh Kalamata Olives Whole 440g",
    "COL Price": 6.9,
    "COL ppu": "$15.68 per 1Kg",
    "COL Size": "440g"
  },
  {
    "Brand_Product_Size": "L'Oreal Preference 74 Dublin Hair Colour 1 pack",
    "COL Price": 9.5,
    "COL ppu": "$9.50 per 1Ea",
    "COL Size": "1 pack"
  },
  {
    "Brand_Product_Size": "Latina Fresh Italian Tomato & Garlic Pasta Sauce 425g",
    "COL Price": 6,
    "COL ppu": "$1.41 per 100G",
    "COL Size": "425g"
  },
  {
    "Brand_Product_Size": "Colgate Pro Clinical 360 Black Refill 2 pack",
    "COL Price": 14,
    "COL ppu": "$7.00 per 1Ea",
    "COL Size": "2 pack"
  },
  {
    "Brand_Product_Size": "Allen's Fantales Family Size 340g",
    "COL Price": 5,
    "COL ppu": "$1.47 per 100G",
    "COL Size": "340g"
  },
  {
    "Brand_Product_Size": "Sunrice Mini Bites Salt & Vinegar 8 Pack 160g",
    "COL Price": 4,
    "COL ppu": "$2.50 per 100G",
    "COL Size": "160g"
  },
  {
    "Brand_Product_Size": "Clif Bar Crunchy Peanut Butter Bar 68g",
    "COL Price": 2.4,
    "COL ppu": "$3.53 per 100G",
    "COL Size": "68g"
  },
  {
    "Brand_Product_Size": "Royal Ebi Raw Vannamei Prawn Meat 500g",
    "COL Price": 13,
    "COL ppu": "$26.00 per 1Kg",
    "COL Size": "500g"
  },
  {
    "Brand_Product_Size": "Coles Nature's Kitchen Vegetable Tikka Masala + Pilau Rice 350g",
    "COL Price": 7,
    "COL ppu": "$2.00 per 100G",
    "COL Size": "350g"
  },
  {
    "Brand_Product_Size": "Nature's Way Kids Vita Gummie Omega 120 pack",
    "COL Price": 26,
    "COL ppu": "$21.67 per 100Ea",
    "COL Size": "120 pack"
  },
  {
    "Brand_Product_Size": "Cadbury Caramilk Marble Block Chocolate 173g",
    "COL Price": 5,
    "COL ppu": "$2.89 per 100G",
    "COL Size": "173g"
  },
  {
    "Brand_Product_Size": "Only Organic Mango & Goji Berry Greek Yoghurt Brekkie 1-5 Years 100g",
    "COL Price": 2.7,
    "COL ppu": "$2.70 per 100G",
    "COL Size": "100g"
  },
  {
    "Brand_Product_Size": "Coles Finest Pain Au Raisin 2 pack",
    "COL Price": 4,
    "COL ppu": "$2.00 per 1Ea",
    "COL Size": "2 pack"
  },
  {
    "Brand_Product_Size": "Sunny Queen Cage Free Large Eggs 18 pack 900g",
    "COL Price": 6.84,
    "COL ppu": "$0.76 per 100G",
    "COL Size": "900g"
  },
  {
    "Brand_Product_Size": "Coles Deli Thawed Cooked Jumbo Black Tiger Prawn approx.250g",
    "COL Price": 9.25,
    "COL ppu": "$37.00 per 1Kg",
    "COL Size": "approx.250g"
  },
  {
    "Brand_Product_Size": "Burgen Wholemeal & Seeds Bread 700g",
    "COL Price": 5,
    "COL ppu": "$0.71 per 100G",
    "COL Size": "700g"
  },
  {
    "Brand_Product_Size": "Uncle Tobys Chewy Muesli Bars Choc Chip Value 12 Pack 375g",
    "COL Price": 5,
    "COL ppu": "$1.33 per 100G",
    "COL Size": "375g"
  },
  {
    "Brand_Product_Size": "Chobani Fit X Raspberry Coco Blast Yoghurt 140g",
    "COL Price": 3.5,
    "COL ppu": "$2.50 per 100G",
    "COL Size": "140g"
  },
  {
    "Brand_Product_Size": "Coles Mexican Sauce Mild 240g",
    "COL Price": 2.5,
    "COL ppu": "$1.04 per 100G",
    "COL Size": "240g"
  },
  {
    "Brand_Product_Size": "Coles Moroccan Seasoning 62g",
    "COL Price": 2.9,
    "COL ppu": "$0.47 per 10G",
    "COL Size": "62g"
  },
  {
    "Brand_Product_Size": "Crest Directional Night Light each",
    "COL Price": 11,
    "COL ppu": "$11.00 per 1Ea",
    "COL Size": "each"
  },
  {
    "Brand_Product_Size": "Fever-Tree Elderflower Tonic Water Multipack 4x200mL 4 pack",
    "COL Price": 6,
    "COL ppu": "$7.50 per 1L",
    "COL Size": "4 pack"
  },
  {
    "Brand_Product_Size": "Coles English Muffins 6 pack 400g",
    "COL Price": 2.1,
    "COL ppu": "$0.35 per 1Ea",
    "COL Size": "400g"
  },
  {
    "Brand_Product_Size": "Air Wick Pure Lavender Air Freshener 159g",
    "COL Price": 7,
    "COL ppu": "$4.40 per 100G",
    "COL Size": "159g"
  },
  {
    "Brand_Product_Size": "Cottons Super Ultra Thin with Wings Pads 12 pack",
    "COL Price": 4.9,
    "COL ppu": "$0.41 per 1Ea",
    "COL Size": "12 pack"
  },
  {
    "Brand_Product_Size": "Super Nature Frozen Sri Lankan Root Vegetable And Ancient Grain Curry With Cauliflower And Brown Rice Mix Wellness Bowl 350g",
    "COL Price": 6.3,
    "COL ppu": "$1.80 per 100G",
    "COL Size": "350g"
  },
  {
    "Brand_Product_Size": "Swisse Beauty Collagen Renew Powder 120g",
    "COL Price": 30,
    "COL ppu": "$25.00 per 100G",
    "COL Size": "120g"
  },
  {
    "Brand_Product_Size": "Frantelle Pineapple & Orange Flavoured Water Can 375mL",
    "COL Price": 1.85,
    "COL ppu": "$0.49 per 100mL",
    "COL Size": "375mL"
  },
  {
    "Brand_Product_Size": "Luv A Duck Peking Duck Pancake Kit 560g",
    "COL Price": 14.5,
    "COL ppu": "$2.59 per 100G",
    "COL Size": "560g"
  },
  {
    "Brand_Product_Size": "Glad Large BBQ Tray 4 pack",
    "COL Price": 4.85,
    "COL ppu": "$1.21 per 1Ea",
    "COL Size": "4 pack"
  },
  {
    "Brand_Product_Size": "Hovex Mothballs 18g",
    "COL Price": 3.8,
    "COL ppu": "$21.11 per 100G",
    "COL Size": "18g"
  },
  {
    "Brand_Product_Size": "Tracklements Sweet Mustard Ketchup 230mL",
    "COL Price": 12,
    "COL ppu": "$5.22 per 100mL",
    "COL Size": "230mL"
  },
  {
    "Brand_Product_Size": "Bref Power Active Fresh Flowers 2 Pack 100g",
    "COL Price": 7,
    "COL ppu": "$7.00 per 100G",
    "COL Size": "100g"
  },
  {
    "Brand_Product_Size": "Kleenex Aloe Vera Extra Care Pocket Tissue 6 pack",
    "COL Price": 3.2,
    "COL ppu": "$5.93 per 100Ea",
    "COL Size": "6 pack"
  },
  {
    "Brand_Product_Size": "Lindt Les Grandes Almond And Sea Salt Dark Block Chocolate 150g",
    "COL Price": 5.5,
    "COL ppu": "$3.67 per 100G",
    "COL Size": "150g"
  },
  {
    "Brand_Product_Size": "Twinings Chamomile & Spearmint Herbal Infusions Tea Bags 10 pack 15g",
    "COL Price": 2.9,
    "COL ppu": "$0.29 per 1Ea",
    "COL Size": "15g"
  },
  {
    "Brand_Product_Size": "Peck's Chicken & Ham Spread 125g",
    "COL Price": 2.8,
    "COL ppu": "$2.24 per 100G",
    "COL Size": "125g"
  },
  {
    "Brand_Product_Size": "Wellness Road White Chia Seeds 300g",
    "COL Price": 5.5,
    "COL ppu": "$1.83 per 100G",
    "COL Size": "300g"
  },
  {
    "Brand_Product_Size": "O'Cedar Furniture Polish Liquid 300mL",
    "COL Price": 8,
    "COL ppu": "$2.67 per 100mL",
    "COL Size": "300mL"
  },
  {
    "Brand_Product_Size": "Coles Dried Banana Chips 400g",
    "COL Price": 5,
    "COL ppu": "$12.50 per 1Kg",
    "COL Size": "400g"
  },
  {
    "Brand_Product_Size": "Mcclure's Spicy Whole Pickles 720g",
    "COL Price": 8,
    "COL ppu": "$11.11 per 1Kg",
    "COL Size": "720g"
  },
  {
    "Brand_Product_Size": "Lavazza Expresso Intensita 10 Ground Coffee 16 Capsules 16 pack",
    "COL Price": 11,
    "COL ppu": "$0.69 per 1Ea",
    "COL Size": "16 pack"
  },
  {
    "Brand_Product_Size": "Arnott's Gingernut Biscuits 250g",
    "COL Price": 2.3,
    "COL ppu": "$0.92 per 100G",
    "COL Size": "250g"
  },
  {
    "Brand_Product_Size": "Clairol Nice 'N Easy Root Touch Up 9A Light Ash Blonde Hair Colour 1 pack",
    "COL Price": 7.8,
    "COL ppu": "$7.80 per 1Ea",
    "COL Size": "1 pack"
  },
  {
    "Brand_Product_Size": "Maggi 2 Minute Noodles Beef Single Cup 58g",
    "COL Price": 1.8,
    "COL ppu": "$3.10 per 100G",
    "COL Size": "58g"
  },
  {
    "Brand_Product_Size": "Omo Triple Caps Doy Active 50 pack",
    "COL Price": 24,
    "COL ppu": "$0.48 per 1Ea",
    "COL Size": "50 pack"
  },
  {
    "Brand_Product_Size": "Sukin Volumising Shampoo 500mL",
    "COL Price": 18,
    "COL ppu": "$3.60 per 100mL",
    "COL Size": "500mL"
  },
  {
    "Brand_Product_Size": "Roar Protein Chicken Roasted Almond & Cheese 75g",
    "COL Price": 5,
    "COL ppu": "$6.67 per 100G",
    "COL Size": "75g"
  },
  {
    "Brand_Product_Size": "Coles Durum Wheat Pasta Rigatoni 500g",
    "COL Price": 1,
    "COL ppu": "$0.20 per 100G",
    "COL Size": "500g"
  },
  {
    "Brand_Product_Size": "Berocca Energy Vitamin Original Berry 15 Effervescent Tablets 1 pack",
    "COL Price": 8.1,
    "COL ppu": "$8.10 per 1Ea",
    "COL Size": "1 pack"
  },
  {
    "Brand_Product_Size": "Wicked Sister Creame Caramel Vanilla 2x150g 300g",
    "COL Price": 4.2,
    "COL ppu": "$1.40 per 100G",
    "COL Size": "300g"
  },
  {
    "Brand_Product_Size": "Coles Talcum Powder 200g",
    "COL Price": 2,
    "COL ppu": "$1.00 per 100G",
    "COL Size": "200g"
  },
  {
    "Brand_Product_Size": "Domestos Citrus Fresh Disinfectant 750mL",
    "COL Price": 4,
    "COL ppu": "$4.00 per 1Ea",
    "COL Size": "750mL"
  },
  {
    "Brand_Product_Size": "Finish Quantum Ultimate Dishwasher Tablets 80 pack",
    "COL Price": 32,
    "COL ppu": "$0.40 per 1Ea",
    "COL Size": "80 pack"
  },
  {
    "Brand_Product_Size": "Coles Chocolate Cream Biscuit 200g",
    "COL Price": 1,
    "COL ppu": "$0.50 per 100G",
    "COL Size": "200g"
  },
  {
    "Brand_Product_Size": "Republica Organic Melbourne Capsules 20 pack",
    "COL Price": 9.5,
    "COL ppu": "$0.48 per 1Ea",
    "COL Size": "20 pack"
  },
  {
    "Brand_Product_Size": "Cook & Dine Large Plastic Square Bowls 4 pack",
    "COL Price": 3,
    "COL ppu": "$0.75 per 1Ea",
    "COL Size": "4 pack"
  },
  {
    "Brand_Product_Size": "Sirena Savoury Onion Tuna 95g",
    "COL Price": 2.7,
    "COL ppu": "$28.42 per 1Kg",
    "COL Size": "95g"
  },
  {
    "Brand_Product_Size": "Coles Premium Strawberry Jam 345g",
    "COL Price": 2.35,
    "COL ppu": "$0.68 per 100G",
    "COL Size": "345g"
  },
  {
    "Brand_Product_Size": "Sistema To Go Sandwich Box each",
    "COL Price": 5,
    "COL ppu": "$5.00 per 1ea",
    "COL Size": "each"
  },
  {
    "Brand_Product_Size": "Coles Lemon Flavoured Ice Tea 1.25L",
    "COL Price": 1.8,
    "COL ppu": "$1.44 per 1L",
    "COL Size": "1.25L"
  },
  {
    "Brand_Product_Size": "Gold Medal Pork Krackles Snacks 50g",
    "COL Price": 2.15,
    "COL ppu": "$4.30 per 100G",
    "COL Size": "50g"
  },
  {
    "Brand_Product_Size": "Three Aussie Farmers Louisiana Pork Sausage 500g",
    "COL Price": 7,
    "COL ppu": "$1.40 per 100G",
    "COL Size": "500g"
  },
  {
    "Brand_Product_Size": "Herbert Adams Frozen King Island Frozen Beef Sausage Rolls 12 pack 420g",
    "COL Price": 8.7,
    "COL ppu": "$2.07 per 100G",
    "COL Size": "420g"
  },
  {
    "Brand_Product_Size": "Coles Figs Prepacked 300g",
    "COL Price": 6.5,
    "COL ppu": "$21.67 per 1Kg",
    "COL Size": "300g"
  },
  {
    "Brand_Product_Size": "SPC Spaghetti with Cheese 4 pack 220g",
    "COL Price": 5,
    "COL ppu": "$0.57 per 100G",
    "COL Size": "220g"
  },
  {
    "Brand_Product_Size": "Coles Seafood Salad approx. 1kg",
    "COL Price": 17,
    "COL ppu": "$17.00 per 1Kg",
    "COL Size": "approx. 1kg"
  },
  {
    "Brand_Product_Size": "Coles Bake & Create Coloured Patty Pans 150 piece",
    "COL Price": 4,
    "COL ppu": "$0.03 per 1Ea",
    "COL Size": "150 piece"
  },
  {
    "Brand_Product_Size": "Coles Organic Wild Rocket Salad 100g",
    "COL Price": 4,
    "COL ppu": "$4.00 per 100G",
    "COL Size": "100g"
  },
  {
    "Brand_Product_Size": "Nivea Creme Bar Soap 200g",
    "COL Price": 3.6,
    "COL ppu": "$1.80 per 100G",
    "COL Size": "200g"
  },
  {
    "Brand_Product_Size": "Bulla Light Sour Cream 400mL",
    "COL Price": 4.2,
    "COL ppu": "$1.05 per 100mL",
    "COL Size": "400mL"
  },
  {
    "Brand_Product_Size": "Jarrah Swiss Mochaccino Coffee 250g",
    "COL Price": 3.5,
    "COL ppu": "$1.40 per 100G",
    "COL Size": "250g"
  },
  {
    "Brand_Product_Size": "Coles Raspberries 125g",
    "COL Price": 4.5,
    "COL ppu": "$36.00 per 1Kg",
    "COL Size": "125g"
  },
  {
    "Brand_Product_Size": "Bosisto's Eucalyptus Solution 500mL",
    "COL Price": 13.5,
    "COL ppu": "$2.70 per 100mL",
    "COL Size": "500mL"
  },
  {
    "Brand_Product_Size": "Simon Johnson Salted Caramel Wafers 80g",
    "COL Price": 9.35,
    "COL ppu": "$11.69 per 100G",
    "COL Size": "80g"
  },
  {
    "Brand_Product_Size": "La Panzanella Mini Croccintini Original 85g",
    "COL Price": 4.9,
    "COL ppu": "$5.76 per 100G",
    "COL Size": "85g"
  },
  {
    "Brand_Product_Size": "Bell's Bourbon Barbeque Wing Seasoning 45g",
    "COL Price": 5,
    "COL ppu": "$11.11 per 100G",
    "COL Size": "45g"
  },
  {
    "Brand_Product_Size": "Coles Ultra Dishwashing Liquid Lemon 900mL",
    "COL Price": 2.7,
    "COL ppu": "$0.30 per 100mL",
    "COL Size": "900mL"
  },
  {
    "Brand_Product_Size": "Coles Pork Fillet approx. 300g",
    "COL Price": 6.3,
    "COL ppu": "$21.00 per 1Kg",
    "COL Size": "approx. 300g"
  },
  {
    "Brand_Product_Size": "Coles Choc Chip Banana Bread Slices 5 Pack 500g",
    "COL Price": 4.5,
    "COL ppu": "$0.90 per 100G",
    "COL Size": "500g"
  },
  {
    "Brand_Product_Size": "Yakult Gluten Free Fermented Milk Drink 10 pack 65mL",
    "COL Price": 7.7,
    "COL ppu": "$11.85 per 1L",
    "COL Size": "65mL"
  },
  {
    "Brand_Product_Size": "BSC Rich Milk Chocolate Protein Bar 60g",
    "COL Price": 4,
    "COL ppu": "$6.67 per 100G",
    "COL Size": "60g"
  },
  {
    "Brand_Product_Size": "Heinz Garlic Aioli Mayonnaise 500mL",
    "COL Price": 5,
    "COL ppu": "$1.00 per 100mL",
    "COL Size": "500mL"
  },
  {
    "Brand_Product_Size": "Mojo Activated Kombucha Ginger Tea 1L",
    "COL Price": 7.15,
    "COL ppu": "$7.15 per 1L",
    "COL Size": "1L"
  },
  {
    "Brand_Product_Size": "Invisible Zinc 4 Hour Water Resistant Sunscreen SPF 30+ 100mL",
    "COL Price": 23.2,
    "COL ppu": "$23.20 per 100mL",
    "COL Size": "100mL"
  },
  {
    "Brand_Product_Size": "Nerada Organics Pure Chai Tea Bags 50 pack 92.5g",
    "COL Price": 4.7,
    "COL ppu": "$5.08 per 100G",
    "COL Size": "92.5g"
  },
  {
    "Brand_Product_Size": "Nature's Way Kids Vita Gummie Omega 120 pack",
    "COL Price": 26,
    "COL ppu": "$21.67 per 100Ea",
    "COL Size": "120 pack"
  },
  {
    "Brand_Product_Size": "Palmer's Cocoa Butter Moisturising Body Wash 400mL",
    "COL Price": 3,
    "COL ppu": "$0.75 per 100mL",
    "COL Size": "400mL"
  },
  {
    "Brand_Product_Size": "Bref Power Active Juicy Lemon 2 Pack 100g",
    "COL Price": 7,
    "COL ppu": "$7.00 per 100G",
    "COL Size": "100g"
  },
  {
    "Brand_Product_Size": "Nuttvia Hazelnut Spread 350g",
    "COL Price": 6,
    "COL ppu": "$1.71 per 100G",
    "COL Size": "350g"
  },
  {
    "Brand_Product_Size": "Peckish Garden Veg Rice Crackers 100g",
    "COL Price": 2.5,
    "COL ppu": "$2.50 per 100G",
    "COL Size": "100g"
  },
  {
    "Brand_Product_Size": "Coles Gluten Free Chicken Flavoured Brown Rice Noodle 210g",
    "COL Price": 5,
    "COL ppu": "$2.38 per 100G",
    "COL Size": "210g"
  },
  {
    "Brand_Product_Size": "Coles Kitchen Green Goddess Dressing 250mL",
    "COL Price": 4,
    "COL ppu": "$1.60 per 100mL",
    "COL Size": "250mL"
  },
  {
    "Brand_Product_Size": "MTR Chana Masala Medium 300g",
    "COL Price": 2.75,
    "COL ppu": "$0.92 per 100G",
    "COL Size": "300g"
  },
  {
    "Brand_Product_Size": "Parsons Vanilla Creamed Rice 430g",
    "COL Price": 2.75,
    "COL ppu": "$0.64 per 100G",
    "COL Size": "430g"
  },
  {
    "Brand_Product_Size": "Farmers Union Greek Style Natural Yoghurt 1kg",
    "COL Price": 5.5,
    "COL ppu": "$0.55 per 100G",
    "COL Size": "1kg"
  },
  {
    "Brand_Product_Size": "My Life Gluten Free Original Bio Cheese 200g",
    "COL Price": 6,
    "COL ppu": "$30.00 per 1Kg",
    "COL Size": "200g"
  },
  {
    "Brand_Product_Size": "Red Tractor Paleo Protein Mix 300g",
    "COL Price": 5.9,
    "COL ppu": "$1.97 per 100G",
    "COL Size": "300g"
  },
  {
    "Brand_Product_Size": "Cove By Earth Choice Hyper Concentrated Laundry Liquid 475mL",
    "COL Price": 15,
    "COL ppu": "$31.58 per 1L",
    "COL Size": "475mL"
  },
  {
    "Brand_Product_Size": "MasterFoods Garlic And Herb Schnitzel Mix 80g",
    "COL Price": 2.5,
    "COL ppu": "$0.31 per 10G",
    "COL Size": "80g"
  },
  {
    "Brand_Product_Size": "Dairylea Cheese Pods 5 Pack 100g",
    "COL Price": 3,
    "COL ppu": "$30.00 per 1Kg",
    "COL Size": "100g"
  },
  {
    "Brand_Product_Size": "Oak Gold Caramel Flavoured Milk 500mL",
    "COL Price": 3.4,
    "COL ppu": "$6.80 per 1L",
    "COL Size": "500mL"
  },
  {
    "Brand_Product_Size": "Table Of Plenty Balance Plus Muesli Digestive Care 400g",
    "COL Price": 7.2,
    "COL ppu": "$1.80 per 100G",
    "COL Size": "400g"
  },
  {
    "Brand_Product_Size": "Coles Plain Rice Crackers 100g",
    "COL Price": 0.9,
    "COL ppu": "$0.90 per 100G",
    "COL Size": "100g"
  },
  {
    "Brand_Product_Size": "Veet Bikini Cold Wax Strips 16 pack",
    "COL Price": 10.5,
    "COL ppu": "$0.66 per 1Ea",
    "COL Size": "16 pack"
  },
  {
    "Brand_Product_Size": "Betty Crocker Blueberry Muffin Mix 500g",
    "COL Price": 5.2,
    "COL ppu": "$1.04 per 100G",
    "COL Size": "500g"
  },
  {
    "Brand_Product_Size": "Schweppes Dry Ginger Ale Zero Sugar Classic Mixers Multipack Bottles 300mL 4 pack",
    "COL Price": 5.9,
    "COL ppu": "$4.92 per 1L",
    "COL Size": "4 pack"
  },
  {
    "Brand_Product_Size": "Black Swan Crafted Guacamole Dip 200g",
    "COL Price": 4.3,
    "COL ppu": "$2.15 per 100G",
    "COL Size": "200g"
  },
  {
    "Brand_Product_Size": "Nongshim Kimchi Ramyun Noodle Soup 5 Pack 600g",
    "COL Price": 7,
    "COL ppu": "$1.17 per 100G",
    "COL Size": "600g"
  },
  {
    "Brand_Product_Size": "Donna Hay Premium Molten Choc Chunk Brownie 660g",
    "COL Price": 5.95,
    "COL ppu": "$0.90 per 100G",
    "COL Size": "660g"
  },
  {
    "Brand_Product_Size": "Coles Wrapped Butternut Pumpkin approx. 700g each",
    "COL Price": 2.45,
    "COL ppu": "$3.50 per 1Kg",
    "COL Size": "approx. 700g each"
  },
  {
    "Brand_Product_Size": "Coles Organic Tomato Paste 140g",
    "COL Price": 1,
    "COL ppu": "$0.71 per 100G",
    "COL Size": "140g"
  },
  {
    "Brand_Product_Size": "Revlon Colorstay Soft Brown Pencil 0.35g each",
    "COL Price": 23,
    "COL ppu": "$23.00 per 1Ea",
    "COL Size": "each"
  },
  {
    "Brand_Product_Size": "Gelocity Original Blue 2 pack",
    "COL Price": 3.6,
    "COL ppu": "$1.80 per 1Ea",
    "COL Size": "2 pack"
  },
  {
    "Brand_Product_Size": "Uncle Tobys Breakfast Bakes Honey and Almond Oats 4 pack 260g",
    "COL Price": 6,
    "COL ppu": "$2.31 per 100G",
    "COL Size": "260g"
  },
  {
    "Brand_Product_Size": "Latina Fresh Veal Tortellini 625g",
    "COL Price": 8,
    "COL ppu": "$1.28 per 100G",
    "COL Size": "625g"
  },
  {
    "Brand_Product_Size": "Nature's Way Super Foods Acai 50g",
    "COL Price": 18.5,
    "COL ppu": "$37.00 per 100G",
    "COL Size": "50g"
  },
  {
    "Brand_Product_Size": "Palirra Greek Gigantes Beans 280g",
    "COL Price": 4.25,
    "COL ppu": "$1.52 per 100G",
    "COL Size": "280g"
  },
  {
    "Brand_Product_Size": "Coles Kitchen Chicken Tikka Bites 200g",
    "COL Price": 6,
    "COL ppu": "$3.00 per 100G",
    "COL Size": "200g"
  },
  {
    "Brand_Product_Size": "Callipo Solid Light Tuna In Olive Oil 2 Pack 320g",
    "COL Price": 7,
    "COL ppu": "$2.19 per 100G",
    "COL Size": "320g"
  },
  {
    "Brand_Product_Size": "Oak Raspberry Spider Thickshake 425mL",
    "COL Price": 2.1,
    "COL ppu": "$4.94 per 1L",
    "COL Size": "425mL"
  },
  {
    "Brand_Product_Size": "Wicked Sister Vanilla Creme Brulee 2x100g 200g",
    "COL Price": 4.2,
    "COL ppu": "$2.10 per 100G",
    "COL Size": "200g"
  },
  {
    "Brand_Product_Size": "Kiwi White Athletic Laces 1 pack",
    "COL Price": 2.9,
    "COL ppu": "$1.45 per 1Ea",
    "COL Size": "1 pack"
  },
  {
    "Brand_Product_Size": "Peters Drumstick Super Chocolate Ice Cream Cones 4 pack 475mL",
    "COL Price": 5,
    "COL ppu": "$1.05 per 100mL",
    "COL Size": "475mL"
  },
  {
    "Brand_Product_Size": "Brunnings All Purpose NPK Fertiliser 500g",
    "COL Price": 2.95,
    "COL ppu": "$5.90 per 1Kg",
    "COL Size": "500g"
  },
  {
    "Brand_Product_Size": "Coles Vanilla Ice Cream Tub 2L",
    "COL Price": 2.75,
    "COL ppu": "$1.38 per 1L",
    "COL Size": "2L"
  },
  {
    "Brand_Product_Size": "Barista Bros Double Espresso Iced Coffee Flavoured Milk 500mL",
    "COL Price": 3.2,
    "COL ppu": "$6.40 per 1L",
    "COL Size": "500mL"
  },
  {
    "Brand_Product_Size": "Heinz Baked Beans In Rich Tomato Sauce 3 Pack 220g",
    "COL Price": 4,
    "COL ppu": "$0.61 per 100G",
    "COL Size": "220g"
  },
  {
    "Brand_Product_Size": "Thomy Delikatess Mayonnaise 470g",
    "COL Price": 6,
    "COL ppu": "$1.28 per 100G",
    "COL Size": "470g"
  },
  {
    "Brand_Product_Size": "Coles Gingernut Biscuits 250g",
    "COL Price": 1.1,
    "COL ppu": "$0.44 per 100G",
    "COL Size": "250g"
  },
  {
    "Brand_Product_Size": "Coles Full Cream Long Life Milk 1L",
    "COL Price": 1.25,
    "COL ppu": "$1.25 per 1L",
    "COL Size": "1L"
  },
  {
    "Brand_Product_Size": "Crankt Max Chocolate Fudge Protein Bar 60 gram",
    "COL Price": 3.75,
    "COL ppu": "",
    "COL Size": "60 gram"
  },
  {
    "Brand_Product_Size": "Original Juice Co. Black Label Chilled Orange Juice 1.5L",
    "COL Price": 5.65,
    "COL ppu": "$3.77 per 1L",
    "COL Size": "1.5L"
  },
  {
    "Brand_Product_Size": "Korbond Black Press Tape each",
    "COL Price": 2.5,
    "COL ppu": "$2.50 per 1ea",
    "COL Size": "each"
  },
  {
    "Brand_Product_Size": "Oreo Chocolate Wafer Ice Cream Cone With Oreo Biscuit Pieces 4 pack 475mL",
    "COL Price": 8.5,
    "COL ppu": "$1.79 per 100mL",
    "COL Size": "475mL"
  },
  {
    "Brand_Product_Size": "Coles Tasty Cheese & Crackers 50g",
    "COL Price": 1.6,
    "COL ppu": "$3.20 per 100G",
    "COL Size": "50g"
  },
  {
    "Brand_Product_Size": "King Island Diary Triple Cream Cheese approx. 100g",
    "COL Price": 6,
    "COL ppu": "$60.00 per 1Kg",
    "COL Size": "approx. 100g"
  },
  {
    "Brand_Product_Size": "Crankt Gluten Free Choc Raspberry Flavour Protein + Energy Bar 55g",
    "COL Price": 3.75,
    "COL ppu": "$0.68 per 10G",
    "COL Size": "55g"
  },
  {
    "Brand_Product_Size": "Nerada Tea Bags 100 pack 200g",
    "COL Price": 3.5,
    "COL ppu": "$1.75 per 100G",
    "COL Size": "200g"
  },
  {
    "Brand_Product_Size": "Coles Savoy Cabbage Half each",
    "COL Price": 3.5,
    "COL ppu": "$3.50 per 1Ea",
    "COL Size": "each"
  },
  {
    "Brand_Product_Size": "Arnott's Chewy Caramel Tim Tam 175g",
    "COL Price": 4,
    "COL ppu": "$2.29 per 100G",
    "COL Size": "175g"
  },
  {
    "Brand_Product_Size": "Continental Sausage Roll 450g",
    "COL Price": 11.75,
    "COL ppu": "$26.11 per 1Kg",
    "COL Size": "450g"
  },
  {
    "Brand_Product_Size": "Mount Franklin Pure Spring Water 600mL",
    "COL Price": 2.15,
    "COL ppu": "$3.58 per 1L",
    "COL Size": "600mL"
  },
  {
    "Brand_Product_Size": "Republica Organic Capsules Sydney 20 pack",
    "COL Price": 9.5,
    "COL ppu": "$0.48 per 1Ea",
    "COL Size": "20 pack"
  },
  {
    "Brand_Product_Size": "Nippy's Coffee Flavoured Multipack Long Life Milk 375mL 4 pack",
    "COL Price": 8.05,
    "COL ppu": "$5.37 per 1L",
    "COL Size": "4 pack"
  },
  {
    "Brand_Product_Size": "Cook & Dine Tumbler each",
    "COL Price": 3,
    "COL ppu": "$3.00 per 1Ea",
    "COL Size": "each"
  },
  {
    "Brand_Product_Size": "Chux Dishwand Non Scratch Refill 6 pack",
    "COL Price": 8,
    "COL ppu": "$1.33 per 1Ea",
    "COL Size": "6 pack"
  },
  {
    "Brand_Product_Size": "Only Organic Creamy Rice Pudding Baby Food Pouch 8+ Months 120g",
    "COL Price": 2,
    "COL ppu": "$1.67 per 100G",
    "COL Size": "120g"
  },
  {
    "Brand_Product_Size": "Earth Choice Green Tea & Lime Dishwashing Liquid Concentrate 500mL",
    "COL Price": 3,
    "COL ppu": "$0.60 per 100mL",
    "COL Size": "500mL"
  },
  {
    "Brand_Product_Size": "Optimum Beef & Rice Adult Wet Dog Food Can 700g",
    "COL Price": 3,
    "COL ppu": "$0.43 per 100G",
    "COL Size": "700g"
  },
  {
    "Brand_Product_Size": "OBAP Roasted Seasoned Seaweed 8 Pack 40g",
    "COL Price": 4,
    "COL ppu": "$10.00 per 100G",
    "COL Size": "40g"
  },
  {
    "Brand_Product_Size": "Nair Sensitive Pain Reducing Wax 400g",
    "COL Price": 22,
    "COL ppu": "$5.50 per 100G",
    "COL Size": "400g"
  },
  {
    "Brand_Product_Size": "Herbert Adams Chunky Beef & Vegetable Ragu Pie 700g",
    "COL Price": 15.5,
    "COL ppu": "$2.21 per 100G",
    "COL Size": "700g"
  },
  {
    "Brand_Product_Size": "Coles Frozen Sliced Strawberries 500g",
    "COL Price": 4,
    "COL ppu": "$8.00 per 1Kg",
    "COL Size": "500g"
  },
  {
    "Brand_Product_Size": "Blue Bird Rashuns Cheese & Bacon Flavoured Corn Snacks 150g",
    "COL Price": 3.6,
    "COL ppu": "$2.40 per 100G",
    "COL Size": "150g"
  },
  {
    "Brand_Product_Size": "V.I.P. Fussy Cat Grainfree Chicken & Turkey with Cranberry Cat Food 85g",
    "COL Price": 1.2,
    "COL ppu": "$1.41 per 100G",
    "COL Size": "85g"
  },
  {
    "Brand_Product_Size": "Cenovis Cold Sore Complex 30 pack",
    "COL Price": 14,
    "COL ppu": "",
    "COL Size": "30 pack"
  },
  {
    "Brand_Product_Size": "Bisto Beef Gravy Granules 170g",
    "COL Price": 4.75,
    "COL ppu": "$0.28 per 10G",
    "COL Size": "170g"
  },
  {
    "Brand_Product_Size": "Multix Super Strong Drawtight Garbage Bags 10 pack",
    "COL Price": 4,
    "COL ppu": "$0.40 per 1Ea",
    "COL Size": "10 pack"
  },
  {
    "Brand_Product_Size": "Magnum Salted Caramel Luxe Ice Cream Tub 440mL",
    "COL Price": 9,
    "COL ppu": "$2.05 per 100mL",
    "COL Size": "440mL"
  },
  {
    "Brand_Product_Size": "Nescafe Gold Short Black Strong Instant Coffee 100g",
    "COL Price": 11,
    "COL ppu": "$11.00 per 100G",
    "COL Size": "100g"
  },
  {
    "Brand_Product_Size": "Quit Nits Head Lice Removal Kit Comb Twin Pack 2 pack",
    "COL Price": 14,
    "COL ppu": "$7.00 per 1Ea",
    "COL Size": "2 pack"
  },
  {
    "Brand_Product_Size": "Latina Fresh Creamy Carbonara Pasta Sauce 425g",
    "COL Price": 6,
    "COL ppu": "$1.41 per 100G",
    "COL Size": "425g"
  },
  {
    "Brand_Product_Size": "DU'IT Tough Hands Intensive Hand Cream 75g",
    "COL Price": 8.5,
    "COL ppu": "$11.33 per 100G",
    "COL Size": "75g"
  },
  {
    "Brand_Product_Size": "La Panzanella Mini Croccintini Original 85g",
    "COL Price": 4.9,
    "COL ppu": "$5.76 per 100G",
    "COL Size": "85g"
  },
  {
    "Brand_Product_Size": "Freedom Foods Brekky Heroes Choc Boulders 260g",
    "COL Price": 4,
    "COL ppu": "$1.54 per 100G",
    "COL Size": "260g"
  },
  {
    "Brand_Product_Size": "Coles Finest Angus Beef Garlic Parsley Sausages 500g",
    "COL Price": 7.5,
    "COL ppu": "$1.50 per 100G",
    "COL Size": "500g"
  },
  {
    "Brand_Product_Size": "Coles Basil Punnet 15g",
    "COL Price": 3,
    "COL ppu": "$2.00 per 10G",
    "COL Size": "15g"
  },
  {
    "Brand_Product_Size": "Batiste Floral & Flirty Blush Dry Shampoo 400mL",
    "COL Price": 16,
    "COL ppu": "$4.00 per 100mL",
    "COL Size": "400mL"
  },
  {
    "Brand_Product_Size": "Well Naturally No Added Sugar Creamy Milk Chocolate 45g",
    "COL Price": 2.85,
    "COL ppu": "$6.33 per 100G",
    "COL Size": "45g"
  },
  {
    "Brand_Product_Size": "The Good Crisp Co Potato Chips Original 160g",
    "COL Price": 4,
    "COL ppu": "$2.50 per 100G",
    "COL Size": "160g"
  },
  {
    "Brand_Product_Size": "Harris Strong Coffee Ground 1kg",
    "COL Price": 20,
    "COL ppu": "$2.00 per 100G",
    "COL Size": "1kg"
  },
  {
    "Brand_Product_Size": "MasterFoods Roast Chicken Seasoning 41g",
    "COL Price": 3.4,
    "COL ppu": "$8.29 per 100G",
    "COL Size": "41g"
  },
  {
    "Brand_Product_Size": "Coles Regular Soy Milk 1L",
    "COL Price": 1.15,
    "COL ppu": "$1.15 per 1L",
    "COL Size": "1L"
  },
  {
    "Brand_Product_Size": "Klein's Crushed Tomatoes 700mL",
    "COL Price": 5.8,
    "COL ppu": "$8.29 per 1L",
    "COL Size": "700mL"
  },
  {
    "Brand_Product_Size": "Natures Gift Gourmet Loaf Style Kangaroo Fillet Dog Food 100g",
    "COL Price": 1,
    "COL ppu": "$1.00 per 100G",
    "COL Size": "100g"
  },
  {
    "Brand_Product_Size": "Berocca Energy Vitamin With Guarana 20 Effervescent Tablets 1 pack",
    "COL Price": 12.35,
    "COL ppu": "$12.35 per 1Ea",
    "COL Size": "1 pack"
  },
  {
    "Brand_Product_Size": "Coles Garlic Aioli 350g",
    "COL Price": 2.75,
    "COL ppu": "$0.79 per 100G",
    "COL Size": "350g"
  },
  {
    "Brand_Product_Size": "Head & Shoulders 2 in 1 Ultra Men Hair Retain Shampoo 550mL",
    "COL Price": 9.5,
    "COL ppu": "$1.73 per 100mL",
    "COL Size": "550mL"
  },
  {
    "Brand_Product_Size": "Steggles Frozen Tempura Chicken Breast Nuggets 400g",
    "COL Price": 5,
    "COL ppu": "$12.50 per 1Kg",
    "COL Size": "400g"
  },
  {
    "Brand_Product_Size": "Saxa Natural Sea Salt Flakes 200g",
    "COL Price": 6.4,
    "COL ppu": "$0.32 per 10G",
    "COL Size": "200g"
  },
  {
    "Brand_Product_Size": "Almond Breeze Unsweetened Almond Milk 2L",
    "COL Price": 4.5,
    "COL ppu": "$2.25 per 1L",
    "COL Size": "2L"
  },
  {
    "Brand_Product_Size": "Coles Honey Mustard Simmer Sauce 485g",
    "COL Price": 2,
    "COL ppu": "$0.41 per 100G",
    "COL Size": "485g"
  },
  {
    "Brand_Product_Size": "Coles Jalapeno Slices 205g",
    "COL Price": 2.5,
    "COL ppu": "$1.22 per 100G",
    "COL Size": "205g"
  },
  {
    "Brand_Product_Size": "Coles Premium Mexican Style Dressing 250mL",
    "COL Price": 4,
    "COL ppu": "$1.60 per 100mL",
    "COL Size": "250mL"
  },
  {
    "Brand_Product_Size": "Ajax Eco Multipurpose Wipes Fresh Lemon 110 pack",
    "COL Price": 10,
    "COL ppu": "$9.09 per 100Ea",
    "COL Size": "110 pack"
  },
  {
    "Brand_Product_Size": "Duru Bulgur Yellow Coarse 1kg",
    "COL Price": 2.4,
    "COL ppu": "$2.40 per 1Kg",
    "COL Size": "1kg"
  },
  {
    "Brand_Product_Size": "Royal Fields Borlotti Beans 1 kg",
    "COL Price": 5.5,
    "COL ppu": "$5.50 per 1Kg",
    "COL Size": "1 kg"
  },
  {
    "Brand_Product_Size": "Folding Auto Open Umbrella Pin Dots 1 pack",
    "COL Price": 15,
    "COL ppu": "$15.00 per 1Ea",
    "COL Size": "1 pack"
  },
  {
    "Brand_Product_Size": "Coles Exfoliating Gloves 1 pack",
    "COL Price": 4,
    "COL ppu": "$4.00 per 1Ea",
    "COL Size": "1 pack"
  },
  {
    "Brand_Product_Size": "Knorr Ezogelin Corbasi Soup 80g",
    "COL Price": 1.3,
    "COL ppu": "$1.63 per 100G",
    "COL Size": "80g"
  },
  {
    "Brand_Product_Size": "Coles Kitchen Cheese & Artisan Crackers 40g",
    "COL Price": 2,
    "COL ppu": "$5.00 per 100G",
    "COL Size": "40g"
  },
  {
    "Brand_Product_Size": "Coles Fresh Seafood Blue Mussels 1kg",
    "COL Price": 9,
    "COL ppu": "$9.00 per 1Kg",
    "COL Size": "1kg"
  },
  {
    "Brand_Product_Size": "Coles Detangler Brush 1 pack",
    "COL Price": 10,
    "COL ppu": "$10.00 per 1Ea",
    "COL Size": "1 pack"
  },
  {
    "Brand_Product_Size": "Coles Snap Frozen Vegetable Mix 1kg",
    "COL Price": 3,
    "COL ppu": "$3.00 per 1Kg",
    "COL Size": "1kg"
  },
  {
    "Brand_Product_Size": "King Island Dairy Camembert Cove approx. 100g",
    "COL Price": 6,
    "COL ppu": "$60.00 per 1Kg",
    "COL Size": "approx. 100g"
  },
  {
    "Brand_Product_Size": "Lee Kum Kee Oyster Stir Fry Sauce 255g",
    "COL Price": 3.8,
    "COL ppu": "$1.49 per 100G",
    "COL Size": "255g"
  },
  {
    "Brand_Product_Size": "Isocol Multipurpose Rubbing Alcohol Antiseptic Spray 75mL",
    "COL Price": 6,
    "COL ppu": "$8.00 per 100mL",
    "COL Size": "75mL"
  },
  {
    "Brand_Product_Size": "Coles Topless Pineapple Half each",
    "COL Price": 2.5,
    "COL ppu": "$2.50 per 1Ea",
    "COL Size": "each"
  },
  {
    "Brand_Product_Size": "Coles Staples 2 pack",
    "COL Price": 2,
    "COL ppu": "$1.00 per 1Ea",
    "COL Size": "2 pack"
  },
  {
    "Brand_Product_Size": "Cornwell's Apple Cider Vinegar 375mL",
    "COL Price": 2.6,
    "COL ppu": "$0.69 per 100mL",
    "COL Size": "375mL"
  },
  {
    "Brand_Product_Size": "Heinz Spaghetti Cheese Canned 300g",
    "COL Price": 1,
    "COL ppu": "$0.33 per 100G",
    "COL Size": "300g"
  },
  {
    "Brand_Product_Size": "Coles Sticky Notes Assorted Colours 5 pack",
    "COL Price": 5,
    "COL ppu": "$1.00 per 1Ea",
    "COL Size": "5 pack"
  },
  {
    "Brand_Product_Size": "Ob Finest Banana Date & Walnut Crackers 150g",
    "COL Price": 6,
    "COL ppu": "$4.00 per 100G",
    "COL Size": "150g"
  },
  {
    "Brand_Product_Size": "Coon Tasty Cheese Block 500g",
    "COL Price": 5.7,
    "COL ppu": "$11.40 per 1Kg",
    "COL Size": "500g"
  },
  {
    "Brand_Product_Size": "Nature's Organics Normal Hair Apple Fresh Shampoo 500mL",
    "COL Price": 1.9,
    "COL ppu": "$0.38 per 100mL",
    "COL Size": "500mL"
  },
  {
    "Brand_Product_Size": "Go Natural Berry Frugos 210g",
    "COL Price": 6,
    "COL ppu": "$2.86 per 100G",
    "COL Size": "210g"
  },
  {
    "Brand_Product_Size": "Restaurant Collection Japanese Slow Cooked Brisket 540g",
    "COL Price": 18,
    "COL ppu": "$3.33 per 100G",
    "COL Size": "540g"
  },
  {
    "Brand_Product_Size": "Licensed Stickers 3 pack",
    "COL Price": 3.5,
    "COL ppu": "$1.17 per 1Ea",
    "COL Size": "3 pack"
  },
  {
    "Brand_Product_Size": "Coles Frozen Pomegranate Arils 250g",
    "COL Price": 4,
    "COL ppu": "$1.60 per 100G",
    "COL Size": "250g"
  },
  {
    "Brand_Product_Size": "Mentholatum Ice Gel 100g",
    "COL Price": 4.95,
    "COL ppu": "$4.95 per 100G",
    "COL Size": "100g"
  },
  {
    "Brand_Product_Size": "Lo Bros Brewed Ginger Beer 330mL",
    "COL Price": 4,
    "COL ppu": "$12.12 per 1L",
    "COL Size": "330mL"
  },
  {
    "Brand_Product_Size": "Coles RSPCA Approved Chicken Necks approx. 1.1kg each",
    "COL Price": 6.05,
    "COL ppu": "$5.50 per 1Kg",
    "COL Size": "approx. 1.1kg each"
  },
  {
    "Brand_Product_Size": "Coles Caramel Latte Coffee Sachets 10 Pack 170g",
    "COL Price": 3.25,
    "COL ppu": "$1.91 per 100G",
    "COL Size": "170g"
  },
  {
    "Brand_Product_Size": "Manning Valley Free Range Eggs 18 pack 900g",
    "COL Price": 8.5,
    "COL ppu": "$0.94 per 100G",
    "COL Size": "900g"
  },
  {
    "Brand_Product_Size": "Coles Tuscan Style 7 Veg Soup & 3 Bean Soup Pouch 430g",
    "COL Price": 2.7,
    "COL ppu": "$0.63 per 100G",
    "COL Size": "430g"
  },
  {
    "Brand_Product_Size": "The Bar Counter Chocolate Brownie Espresso Energy Bar",
    "COL Price": 2.5,
    "COL ppu": "",
    "COL Size": ""
  },
  {
    "Brand_Product_Size": "Coles Assorted Binder Clips 24mm 14 pack",
    "COL Price": 4.5,
    "COL ppu": "$0.32 per 1Ea",
    "COL Size": "14 pack"
  },
  {
    "Brand_Product_Size": "Best Foods Real Mayonnaise 405g",
    "COL Price": 6,
    "COL ppu": "$1.48 per 100G",
    "COL Size": "405g"
  },
  {
    "Brand_Product_Size": "Coles Finest Pure Canadian Maple Syrup 250mL",
    "COL Price": 6,
    "COL ppu": "$2.40 per 100mL",
    "COL Size": "250mL"
  },
  {
    "Brand_Product_Size": "Cocobella Strawberry Coconut Yoghurt 150g",
    "COL Price": 1.25,
    "COL ppu": "$0.83 per 100G",
    "COL Size": "150g"
  },
  {
    "Brand_Product_Size": "Twinings Herbal Infusions Live Well Digest 18 pack",
    "COL Price": 6.5,
    "COL ppu": "$0.36 per 1Ea",
    "COL Size": "18 pack"
  },
  {
    "Brand_Product_Size": "Energizer Lightning Cable 1.2M Blue 1 pack",
    "COL Price": 20,
    "COL ppu": "$20.00 per 1Ea",
    "COL Size": "1 pack"
  },
  {
    "Brand_Product_Size": "Coles Pasta Sauce Tomato & Basil 425g",
    "COL Price": 3.7,
    "COL ppu": "$0.87 per 100G",
    "COL Size": "425g"
  },
  {
    "Brand_Product_Size": "Allen's Chocolate Coated Raspberries 140g",
    "COL Price": 3.5,
    "COL ppu": "$2.50 per 100G",
    "COL Size": "140g"
  },
  {
    "Brand_Product_Size": "The Man Shake Variety 10 Pack 560g",
    "COL Price": 36,
    "COL ppu": "$6.43 per 100G",
    "COL Size": "560g"
  },
  {
    "Brand_Product_Size": "Maggie Beer Plum And Shiraz Paste 100g",
    "COL Price": 6,
    "COL ppu": "$6.00 per 100G",
    "COL Size": "100g"
  },
  {
    "Brand_Product_Size": "Sukin Botanical Body Wash Lime & Coconut 500mL",
    "COL Price": 9.95,
    "COL ppu": "$1.99 per 100mL",
    "COL Size": "500mL"
  },
  {
    "Brand_Product_Size": "Coles Salad Small Tubs Potato Egg & Bacon Salad Salad smaLL",
    "COL Price": 5,
    "COL ppu": "$5.00 per 1Ea",
    "COL Size": "smaLL"
  },
  {
    "Brand_Product_Size": "On The Menu Frozen Beef Lasagne 2kg",
    "COL Price": 9.5,
    "COL ppu": "$0.48 per 100G",
    "COL Size": "2kg"
  },
  {
    "Brand_Product_Size": "Schweppes Lemonade Multipack Mini Cans 200mL 6 pack",
    "COL Price": 6.2,
    "COL ppu": "$5.17 per 1L",
    "COL Size": "6 pack"
  },
  {
    "Brand_Product_Size": "McKenzie's Split Yellow Peas 500g",
    "COL Price": 1.7,
    "COL ppu": "$0.34 per 100G",
    "COL Size": "500g"
  },
  {
    "Brand_Product_Size": "La Zuppa Tuscan Chicken & Vegetables With Rice Soup Pouch 540g",
    "COL Price": 4.4,
    "COL ppu": "$0.81 per 100G",
    "COL Size": "540g"
  },
  {
    "Brand_Product_Size": "Red Rock Deli Style Crackers Honey Soy Chicken 135g",
    "COL Price": 4,
    "COL ppu": "$2.96 per 100G",
    "COL Size": "135g"
  },
  {
    "Brand_Product_Size": "Band-Aid Blister Block Regular Adhesive Dressing 4 pack",
    "COL Price": 7,
    "COL ppu": "$1.75 per 1Ea",
    "COL Size": "4 pack"
  },
  {
    "Brand_Product_Size": "Don Shredded Ham approx. 125g",
    "COL Price": 2.125,
    "COL ppu": "$17.00 per 1Kg",
    "COL Size": "approx. 125g"
  },
  {
    "Brand_Product_Size": "Coles Stamp Set 26 pack",
    "COL Price": 7,
    "COL ppu": "$0.27 per 1Ea",
    "COL Size": "26 pack"
  },
  {
    "Brand_Product_Size": "Patties Mini Quiche Lorraine 420g",
    "COL Price": 6,
    "COL ppu": "$1.43 per 100G",
    "COL Size": "420g"
  },
  {
    "Brand_Product_Size": "Carman's Salted Dark Choc & Almond Gourmet Protein Bars 5 pack 200g",
    "COL Price": 6.3,
    "COL ppu": "$3.15 per 100G",
    "COL Size": "200g"
  },
  {
    "Brand_Product_Size": "Casalingo New York Style Brisket Pastrami approx. 2kg each",
    "COL Price": 70,
    "COL ppu": "$35.00 per 1Kg",
    "COL Size": "approx. 2kg each"
  },
  {
    "Brand_Product_Size": "Coles Fresh Seafood Pacific Oysters 6 pack",
    "COL Price": 9,
    "COL ppu": "$1.50 per 1Ea",
    "COL Size": "6 pack"
  },
  {
    "Brand_Product_Size": "Coles Ricotta Spinach Agnolotti Pasta 600g",
    "COL Price": 4,
    "COL ppu": "$0.67 per 100G",
    "COL Size": "600g"
  },
  {
    "Brand_Product_Size": "MasterFoods Tomato Sauce 500mL",
    "COL Price": 2.95,
    "COL ppu": "$0.59 per 100mL",
    "COL Size": "500mL"
  },
  {
    "Brand_Product_Size": "Scotts Premium Lawn Builder 2.5kg",
    "COL Price": 16.15,
    "COL ppu": "",
    "COL Size": "2.5kg"
  },
  {
    "Brand_Product_Size": "The Bar Counter High Protein Chocolate Mint Bar 40g",
    "COL Price": 2.5,
    "COL ppu": "$6.25 per 100G",
    "COL Size": "40g"
  },
  {
    "Brand_Product_Size": "Coles French Dressing 300mL",
    "COL Price": 1.8,
    "COL ppu": "$0.60 per 100mL",
    "COL Size": "300mL"
  },
  {
    "Brand_Product_Size": "Coles Multi-Purpose Domestic Cleaning Wipes 50 pack",
    "COL Price": 4.5,
    "COL ppu": "$0.09 per 1Ea",
    "COL Size": "50 pack"
  },
  {
    "Brand_Product_Size": "SPC Diced Peaches In Orange Jelly 480g",
    "COL Price": 3,
    "COL ppu": "$6.25 per 1Kg",
    "COL Size": "480g"
  },
  {
    "Brand_Product_Size": "Nestle Kit Kat Chocolate Cookie Collision 45g",
    "COL Price": 2,
    "COL ppu": "$4.44 per 100G",
    "COL Size": "45g"
  },
  {
    "Brand_Product_Size": "L'Oreal Men Expert Total Clean Gel 300mL",
    "COL Price": 4.55,
    "COL ppu": "$1.52 per 100mL",
    "COL Size": "300mL"
  },
  {
    "Brand_Product_Size": "Tip Top The One White Toast Bread 700g",
    "COL Price": 3.4,
    "COL ppu": "$0.49 per 100G",
    "COL Size": "700g"
  },
  {
    "Brand_Product_Size": "Coles Barbecue Sauce 2L",
    "COL Price": 4,
    "COL ppu": "$0.20 per 100mL",
    "COL Size": "2L"
  },
  {
    "Brand_Product_Size": "Powerade Active Water Peach & Apple Drink 600mL",
    "COL Price": 3.6,
    "COL ppu": "$6.00 per 1L",
    "COL Size": "600mL"
  },
  {
    "Brand_Product_Size": "Coles Pro Interdental Brushes Iso 0 Extra Small 10 pack",
    "COL Price": 3.75,
    "COL ppu": "",
    "COL Size": "10 pack"
  },
  {
    "Brand_Product_Size": "Cook & Dine Foil Platters 5 pack",
    "COL Price": 3,
    "COL ppu": "$0.60 per 1Ea",
    "COL Size": "5 pack"
  },
  {
    "Brand_Product_Size": "Barkers Mixed Berry Compote 300g",
    "COL Price": 4.5,
    "COL ppu": "$15.00 per 1Kg",
    "COL Size": "300g"
  },
  {
    "Brand_Product_Size": "Zyrtec Gel Capsules 10 pack",
    "COL Price": 14.15,
    "COL ppu": "$1.42 per 1Ea",
    "COL Size": "10 pack"
  },
  {
    "Brand_Product_Size": "Primo Cheese Kransky each",
    "COL Price": 2.3,
    "COL ppu": "$2.30 per 1Ea",
    "COL Size": "each"
  },
  {
    "Brand_Product_Size": "Pascall Hard Candy Murray Mints 192g",
    "COL Price": 2,
    "COL ppu": "$1.04 per 100G",
    "COL Size": "192g"
  },
  {
    "Brand_Product_Size": "Batiste Dry Shampoo & De-frizz With Smoothing Coconut 200mL",
    "COL Price": 13,
    "COL ppu": "$6.50 per 100mL",
    "COL Size": "200mL"
  },
  {
    "Brand_Product_Size": "Coles RSPCA Approved Chicken Breast Diced 500g",
    "COL Price": 7,
    "COL ppu": "$14.00 per 1Kg",
    "COL Size": "500g"
  },
  {
    "Brand_Product_Size": "Coles Diced Pears in Syrup Fruit Cups 4 Pack 480g",
    "COL Price": 2,
    "COL ppu": "$0.42 per 100G",
    "COL Size": "480g"
  },
  {
    "Brand_Product_Size": "Coles Crumbed Fish Fingers 16 Pack 400g",
    "COL Price": 3.8,
    "COL ppu": "$9.50 per 1Kg",
    "COL Size": "400g"
  },
  {
    "Brand_Product_Size": "Lean Cuisine Spaghetti Bolognese 280g",
    "COL Price": 4.5,
    "COL ppu": "$1.61 per 100G",
    "COL Size": "280g"
  },
  {
    "Brand_Product_Size": "Royal Fields Figs 250g",
    "COL Price": 3.4,
    "COL ppu": "$1.36 per 100G",
    "COL Size": "250g"
  },
  {
    "Brand_Product_Size": "CUB Gentle Care Fragrance Free 80 Baby Wipes 1 pack",
    "COL Price": 2.8,
    "COL ppu": "$2.80 per 1Ea",
    "COL Size": "1 pack"
  },
  {
    "Brand_Product_Size": "Coles Chicken Mushroom Soup Serves 2 60g",
    "COL Price": 1,
    "COL ppu": "$1.67 per 100G",
    "COL Size": "60g"
  },
  {
    "Brand_Product_Size": "Coles Tablecloth Printed 1each",
    "COL Price": 3,
    "COL ppu": "$3.00 per 1Ea",
    "COL Size": "1each"
  },
  {
    "Brand_Product_Size": "Super Nature Manuka Honey & Balsamic Chicken with Roasted Chips 350g",
    "COL Price": 9,
    "COL ppu": "$2.57 per 100G",
    "COL Size": "350g"
  },
  {
    "Brand_Product_Size": "Rimmel Lasting Radiance Concealer 010 Ivory 7mL",
    "COL Price": 10.8,
    "COL ppu": "$15.43 per 10mL",
    "COL Size": "7mL"
  },
  {
    "Brand_Product_Size": "Coles Free Range Pork Sirloin Steak 300g",
    "COL Price": 9,
    "COL ppu": "$3.00 per 100G",
    "COL Size": "300g"
  },
  {
    "Brand_Product_Size": "Buttercup Country Split White Bread 450g",
    "COL Price": 3,
    "COL ppu": "$0.67 per 100G",
    "COL Size": "450g"
  },
  {
    "Brand_Product_Size": "TIGI Catwalk Style Curls Rock Amplifier 150mL",
    "COL Price": 20,
    "COL ppu": "$13.33 per 100mL",
    "COL Size": "150mL"
  },
  {
    "Brand_Product_Size": "Coles Gluten Free Beef Burgers Graze Grass Fed Oregano & Fresh Parsley 500g",
    "COL Price": 8,
    "COL ppu": "$1.60 per 100G",
    "COL Size": "500g"
  },
  {
    "Brand_Product_Size": "The Spice Tailor Classic Butter Chicken 300g",
    "COL Price": 5.5,
    "COL ppu": "$1.83 per 100G",
    "COL Size": "300g"
  },
  {
    "Brand_Product_Size": "Lemnos Cyprus Style Cheese Haloumi 180g",
    "COL Price": 6,
    "COL ppu": "$33.34 per 1Kg",
    "COL Size": "180g"
  },
  {
    "Brand_Product_Size": "Glade Angel Whispers Solid Air Freshener Gel each",
    "COL Price": 3,
    "COL ppu": "$1.76 per 100G",
    "COL Size": "each"
  },
  {
    "Brand_Product_Size": "Mount Franklin Lime Flavoured Lightly Sparkling Water 450mL 4 pack",
    "COL Price": 6.6,
    "COL ppu": "$3.67 per 1L",
    "COL Size": "4 pack"
  },
  {
    "Brand_Product_Size": "Coles Jasmine Microwave Rice 250g",
    "COL Price": 1.5,
    "COL ppu": "$0.60 per 100G",
    "COL Size": "250g"
  },
  {
    "Brand_Product_Size": "Coles Anti-diarrhoea 8 Capsules 1 pack",
    "COL Price": 7,
    "COL ppu": "$7.00 per 1Ea",
    "COL Size": "1 pack"
  },
  {
    "Brand_Product_Size": "Obela Roasted Pine Nut Hommus Dip 220g",
    "COL Price": 4.5,
    "COL ppu": "$2.05 per 100G",
    "COL Size": "220g"
  },
  {
    "Brand_Product_Size": "Nescafe Blend 43 Mild Roast Instant Coffee 150g",
    "COL Price": 9.4,
    "COL ppu": "$6.27 per 100G",
    "COL Size": "150g"
  },
  {
    "Brand_Product_Size": "H2 Coco 100% Natural Coconut Water 1L",
    "COL Price": 4,
    "COL ppu": "$4.00 per 1L",
    "COL Size": "1L"
  },
  {
    "Brand_Product_Size": "Weight Watchers Coconut Delight Indulgent Bars 5 pack 105g",
    "COL Price": 3.75,
    "COL ppu": "$3.57 per 100G",
    "COL Size": "105g"
  },
  {
    "Brand_Product_Size": "Tip Top 9 Grain Original Bread 700g",
    "COL Price": 3.4,
    "COL ppu": "$0.49 per 100G",
    "COL Size": "700g"
  },
  {
    "Brand_Product_Size": "Cancer Council Repel Sunscreen SPF 50+ 110mL",
    "COL Price": 13.5,
    "COL ppu": "$12.27 per 100mL",
    "COL Size": "110mL"
  },
  {
    "Brand_Product_Size": "Praise Caesar Salad Croutons 150g",
    "COL Price": 4,
    "COL ppu": "$2.67 per 100G",
    "COL Size": "150g"
  },
  {
    "Brand_Product_Size": "Always Fresh Stuffed Olives Parmesan 235g",
    "COL Price": 5.4,
    "COL ppu": "$22.98 per 1Kg",
    "COL Size": "235g"
  },
  {
    "Brand_Product_Size": "Chang's Long Life Noodles 250g",
    "COL Price": 1.5,
    "COL ppu": "$0.60 per 100G",
    "COL Size": "250g"
  },
  {
    "Brand_Product_Size": "Vaalia Low Fat French Vanilla Yoghurt 4x150g 4 pack",
    "COL Price": 4.3,
    "COL ppu": "$1.08 per 1Ea",
    "COL Size": "4 pack"
  },
  {
    "Brand_Product_Size": "Aunt Betty's Creamy Rice Snack With Vanilla 240g",
    "COL Price": 3,
    "COL ppu": "$1.25 per 100G",
    "COL Size": "240g"
  },
  {
    "Brand_Product_Size": "Coles Autumn Avocado each",
    "COL Price": 2,
    "COL ppu": "$2.00 per 1Ea",
    "COL Size": "each"
  },
  {
    "Brand_Product_Size": "Depend Real Fit Large Underwear for Men 8 pack",
    "COL Price": 13,
    "COL ppu": "$1.63 per 1Ea",
    "COL Size": "8 pack"
  },
  {
    "Brand_Product_Size": "I&J Frozen Tasty Calamari Salt & Pepper Lightly Crumbed Rings 360g",
    "COL Price": 7,
    "COL ppu": "$19.44 per 1Kg",
    "COL Size": "360g"
  },
  {
    "Brand_Product_Size": "Coles Cetirizine Hayfever Allergy Relief Rapid Tablets 10mg 10 pack",
    "COL Price": 6,
    "COL ppu": "$0.60 per 1Ea",
    "COL Size": "10 pack"
  },
  {
    "Brand_Product_Size": "McKenzie's Whole Black Pepper Grinders 200g",
    "COL Price": 7.5,
    "COL ppu": "$0.38 per 10G",
    "COL Size": "200g"
  },
  {
    "Brand_Product_Size": "Decor Microsafe Container Round with Rack 1.5 litre each",
    "COL Price": 8,
    "COL ppu": "$8.00 per 1ea",
    "COL Size": "each"
  },
  {
    "Brand_Product_Size": "Lindt Lindor Strawberries & Cream Chocolate Bag 125g",
    "COL Price": 6,
    "COL ppu": "$4.80 per 100G",
    "COL Size": "125g"
  },
  {
    "Brand_Product_Size": "Lee Kum Kee Teriyaki Stir Fry Sauce 250g",
    "COL Price": 3.8,
    "COL ppu": "$1.52 per 100G",
    "COL Size": "250g"
  },
  {
    "Brand_Product_Size": "Ashgrove Natural Wood Cold Smoked Havarti Cheese Block 140g",
    "COL Price": 5,
    "COL ppu": "$35.71 per 1Kg",
    "COL Size": "140g"
  },
  {
    "Brand_Product_Size": "Jelly Belly Assorted Flavours Jelly Beans Pouch 28g",
    "COL Price": 0.75,
    "COL ppu": "$2.68 per 100G",
    "COL Size": "28g"
  },
  {
    "Brand_Product_Size": "Ayam Hawker Market Indonesian Mee Goreng Sauce 205g",
    "COL Price": 1.75,
    "COL ppu": "$0.85 per 100G",
    "COL Size": "205g"
  },
  {
    "Brand_Product_Size": "Suimin Curried Prawn Noodle Cup 70g",
    "COL Price": 1.2,
    "COL ppu": "$1.71 per 100G",
    "COL Size": "70g"
  },
  {
    "Brand_Product_Size": "Coles Hot Smoked Salmon Pepper 150g",
    "COL Price": 7,
    "COL ppu": "$46.67 per 1Kg",
    "COL Size": "150g"
  },
  {
    "Brand_Product_Size": "Red Rock Deli Deluxe Crisps Parmesan & Basil 135g",
    "COL Price": 3,
    "COL ppu": "$2.22 per 100G",
    "COL Size": "135g"
  },
  {
    "Brand_Product_Size": "Nescafe Vanilla Coffee Sachets 10 pack",
    "COL Price": 6.3,
    "COL ppu": "$0.63 per 1Ea",
    "COL Size": "10 pack"
  },
  {
    "Brand_Product_Size": "Coles Ultra Concentrate Dishwashing Liquid Orange & Wattle Flower 450mL",
    "COL Price": 1.7,
    "COL ppu": "$0.38 per 100mL",
    "COL Size": "450mL"
  },
  {
    "Brand_Product_Size": "Lucky Almond Meal 200g",
    "COL Price": 7,
    "COL ppu": "$35.00 per 1Kg",
    "COL Size": "200g"
  },
  {
    "Brand_Product_Size": "Tassal Smoked Tassie Salmon 250g",
    "COL Price": 14.25,
    "COL ppu": "$57.00 per 1Kg",
    "COL Size": "250g"
  },
  {
    "Brand_Product_Size": "Wrigley's P.K Gold Original Chewing Gum Multipack 5 x 10 Piece Pack 70g",
    "COL Price": 3.5,
    "COL ppu": "$5.00 per 100G",
    "COL Size": "70g"
  },
  {
    "Brand_Product_Size": "Sauers Bread Wholemeal Turkish 430g",
    "COL Price": 3.5,
    "COL ppu": "$0.81 per 100G",
    "COL Size": "430g"
  },
  {
    "Brand_Product_Size": "Sarsons Malt Vinegar 250mL",
    "COL Price": 3.3,
    "COL ppu": "$1.32 per 100mL",
    "COL Size": "250mL"
  },
  {
    "Brand_Product_Size": "Queen Rainbow Food Colour 4 pack 28mL",
    "COL Price": 3.6,
    "COL ppu": "$1.29 per 10mL",
    "COL Size": "28mL"
  },
  {
    "Brand_Product_Size": "Head & Shoulders 2 in 1 Ultramen Old Spice Shampoo 200mL",
    "COL Price": 8,
    "COL ppu": "$4.00 per 100mL",
    "COL Size": "200mL"
  },
  {
    "Brand_Product_Size": "Nicorette Quickmist Cool Berry Spray 2 pack",
    "COL Price": 60,
    "COL ppu": "$30.00 per 1Ea",
    "COL Size": "2 pack"
  },
  {
    "Brand_Product_Size": "Tom & Luke Snackaballs Salted Caramel Pot 224g",
    "COL Price": 7,
    "COL ppu": "$3.13 per 100G",
    "COL Size": "224g"
  },
  {
    "Brand_Product_Size": "Freedom Foods Messy Monkeys Gluten Free Choc Crunch Cereal 240g",
    "COL Price": 4,
    "COL ppu": "$1.67 per 100G",
    "COL Size": "240g"
  },
  {
    "Brand_Product_Size": "Curash Baby care Fragrance Free 80 Baby Wipes 1 pack",
    "COL Price": 2.5,
    "COL ppu": "$2.50 per 1Ea",
    "COL Size": "1 pack"
  },
  {
    "Brand_Product_Size": "Old El Paso Fiery Soft Taco Kit 405g",
    "COL Price": 5,
    "COL ppu": "$1.23 per 100G",
    "COL Size": "405g"
  },
  {
    "Brand_Product_Size": "Primo Middle Bacon approx. 250g",
    "COL Price": 2.75,
    "COL ppu": "$11.00 per 1Kg",
    "COL Size": "approx. 250g"
  },
  {
    "Brand_Product_Size": "Applaws Chicken Breast Canned Dog Food 156g",
    "COL Price": 2.8,
    "COL ppu": "$1.79 per 100G",
    "COL Size": "156g"
  },
  {
    "Brand_Product_Size": "Dole Pineapple Pieces in Juice Pouch 400g",
    "COL Price": 3,
    "COL ppu": "$7.50 per 1Kg",
    "COL Size": "400g"
  },
  {
    "Brand_Product_Size": "Golden Wok Frozen Diana Chan's Thai Chicken Dumplings 230g",
    "COL Price": 7.5,
    "COL ppu": "$3.26 per 100G",
    "COL Size": "230g"
  },
  {
    "Brand_Product_Size": "Revlon Ultra HD Matte Lipcolor Seduction Lipstick 5.9mL",
    "COL Price": 25,
    "COL ppu": "$42.37 per 10mL",
    "COL Size": "5.9mL"
  },
  {
    "Brand_Product_Size": "Walkers Pure Butter Shortbread 190g",
    "COL Price": 3,
    "COL ppu": "$1.58 per 100G",
    "COL Size": "190g"
  },
  {
    "Brand_Product_Size": "Kiwi Women's Memory Insole 6-10 each",
    "COL Price": 17.5,
    "COL ppu": "$8.75 per 1Ea",
    "COL Size": "each"
  },
  {
    "Brand_Product_Size": "Coles Dip Cheese & Chive 200g",
    "COL Price": 1.9,
    "COL ppu": "$0.95 per 100G",
    "COL Size": "200g"
  },
  {
    "Brand_Product_Size": "Tresemme Hairspray Salon Finish Extra Hold 360g",
    "COL Price": 5.7,
    "COL ppu": "$1.58 per 100G",
    "COL Size": "360g"
  },
  {
    "Brand_Product_Size": "Carman's Dark Choc Espresso Nut Bar 5 pack 160g",
    "COL Price": 6,
    "COL ppu": "$3.75 per 100G",
    "COL Size": "160g"
  },
  {
    "Brand_Product_Size": "Pampas Frozen Shortcrust Pastry Sheets 5 pack 1kg",
    "COL Price": 4,
    "COL ppu": "$0.40 per 100G",
    "COL Size": "1kg"
  },
  {
    "Brand_Product_Size": "Barilla Linguine Pasta 500g",
    "COL Price": 2,
    "COL ppu": "$0.40 per 100G",
    "COL Size": "500g"
  },
  {
    "Brand_Product_Size": "Noshu 98% Sugar Free Buttermilk Pancake Mix 240g",
    "COL Price": 6,
    "COL ppu": "$2.50 per 100G",
    "COL Size": "240g"
  },
  {
    "Brand_Product_Size": "Pepsi Max Vanilla Multipack Cans 375mL 10 pack",
    "COL Price": 7.5,
    "COL ppu": "$2.00 per 1L",
    "COL Size": "10 pack"
  },
  {
    "Brand_Product_Size": "Play-Doh Single Tub each",
    "COL Price": 2,
    "COL ppu": "",
    "COL Size": "each"
  },
  {
    "Brand_Product_Size": "Majans Bhuja Original Mix 180g",
    "COL Price": 2.5,
    "COL ppu": "$13.89 per 1Kg",
    "COL Size": "180g"
  },
  {
    "Brand_Product_Size": "My Dog Beef & Veal Dog Food Can 400g",
    "COL Price": 2.2,
    "COL ppu": "$0.55 per 100G",
    "COL Size": "400g"
  },
  {
    "Brand_Product_Size": "Katzy's Kosher Frozen Perogen Party Pie 320g",
    "COL Price": 16.5,
    "COL ppu": "$5.16 per 100G",
    "COL Size": "320g"
  },
  {
    "Brand_Product_Size": "Coles Fresh Seafood Pacific Oysters 6 pack",
    "COL Price": 9,
    "COL ppu": "$1.50 per 1Ea",
    "COL Size": "6 pack"
  },
  {
    "Brand_Product_Size": "Coles Rabbit And Guinea Pig Food 2kg",
    "COL Price": 6.3,
    "COL ppu": "$0.32 per 100G",
    "COL Size": "2kg"
  },
  {
    "Brand_Product_Size": "Sanitarium UP&GO Liquid Breakfast Banana 250mL 12 pack",
    "COL Price": 14,
    "COL ppu": "$4.67 per 1L",
    "COL Size": "12 pack"
  },
  {
    "Brand_Product_Size": "John West Springwater Salmon 95g",
    "COL Price": 2,
    "COL ppu": "$21.05 per 1Kg",
    "COL Size": "95g"
  },
  {
    "Brand_Product_Size": "Coles Tasty Light Cheddar Cheese Slices 12 Pack 250g",
    "COL Price": 4.4,
    "COL ppu": "$1.76 per 100G",
    "COL Size": "250g"
  },
  {
    "Brand_Product_Size": "Byron Bay Single Serve Milk Choc Chunk Cookie 60g",
    "COL Price": 1.5,
    "COL ppu": "$2.50 per 100G",
    "COL Size": "60g"
  },
  {
    "Brand_Product_Size": "Oates Antibacterial Mop Head Refill Large each",
    "COL Price": 11.05,
    "COL ppu": "$11.05 per 1Ea",
    "COL Size": "each"
  },
  {
    "Brand_Product_Size": "The Food Company Chopped Garlic 375g",
    "COL Price": 5,
    "COL ppu": "$0.13 per 10G",
    "COL Size": "375g"
  },
  {
    "Brand_Product_Size": "Wow Drinking Cup 12+ Months 1 pack",
    "COL Price": 13,
    "COL ppu": "$13.00 per 1Ea",
    "COL Size": "1 pack"
  },
  {
    "Brand_Product_Size": "Smiths Crinkle Potato Chips Chicken 60g",
    "COL Price": 2.1,
    "COL ppu": "$3.50 per 100G",
    "COL Size": "60g"
  },
  {
    "Brand_Product_Size": "DampRid Refillable Moisture Absorber 1 pack",
    "COL Price": 6.6,
    "COL ppu": "$2.20 per 100G",
    "COL Size": "1 pack"
  },
  {
    "Brand_Product_Size": "Pantene Pro-V Daily Moisture Renewal Shampoo 900mL",
    "COL Price": 17,
    "COL ppu": "$1.89 per 100mL",
    "COL Size": "900mL"
  },
  {
    "Brand_Product_Size": "Sistema To Go Double Wall Stainless Steel Bottle 500mL",
    "COL Price": 20,
    "COL ppu": "$4.00 per 100mL",
    "COL Size": "500mL"
  },
  {
    "Brand_Product_Size": "Coles Fragrance Free White Facial Tissues 224 pack",
    "COL Price": 1,
    "COL ppu": "$0.45 per 100Ea",
    "COL Size": "224 pack"
  },
  {
    "Brand_Product_Size": "COYO Organic Probiotic Coconut Milk Yoghurt Mango 500g",
    "COL Price": 8,
    "COL ppu": "$1.60 per 100G",
    "COL Size": "500g"
  },
  {
    "Brand_Product_Size": "Coles Frozen Mini Eclairs 12 Pack 200g",
    "COL Price": 5,
    "COL ppu": "$2.50 per 100G",
    "COL Size": "200g"
  },
  {
    "Brand_Product_Size": "Podravka Chicken Spread 100g",
    "COL Price": 2.3,
    "COL ppu": "$2.30 per 100G",
    "COL Size": "100g"
  },
  {
    "Brand_Product_Size": "Ziploc Storage Bags Medium 24 pack",
    "COL Price": 4,
    "COL ppu": "$0.17 per 1Ea",
    "COL Size": "24 pack"
  },
  {
    "Brand_Product_Size": "Green's Cookies & Cream Cupcakes 380g",
    "COL Price": 3.2,
    "COL ppu": "$0.84 per 100G",
    "COL Size": "380g"
  },
  {
    "Brand_Product_Size": "Toscano Gluten Free Pizza Base 180g",
    "COL Price": 5.2,
    "COL ppu": "$2.89 per 100G",
    "COL Size": "180g"
  },
  {
    "Brand_Product_Size": "Bellamy's Organic Apple & Cinnamon Baby Porridge Cereal Pouch 6+ Months 125g",
    "COL Price": 4,
    "COL ppu": "$3.20 per 100G",
    "COL Size": "125g"
  },
  {
    "Brand_Product_Size": "Udder Delights Brie approx. 100g",
    "COL Price": 4,
    "COL ppu": "$40.00 per 1Kg",
    "COL Size": "approx. 100g"
  },
  {
    "Brand_Product_Size": "Primo Gourmet Beef & Pork Chorizo Sausage 450g",
    "COL Price": 7.5,
    "COL ppu": "$1.67 per 100G",
    "COL Size": "450g"
  },
  {
    "Brand_Product_Size": "Kellogg's Corn Flakes Breakfast Cereal 725g",
    "COL Price": 4.5,
    "COL ppu": "$0.62 per 100G",
    "COL Size": "725g"
  },
  {
    "Brand_Product_Size": "Sabco Xtra Sweep Broom each",
    "COL Price": 13,
    "COL ppu": "$13.00 per 1Ea",
    "COL Size": "each"
  },
  {
    "Brand_Product_Size": "Britannia Ghee 500mL",
    "COL Price": 8.7,
    "COL ppu": "$1.74 per 100mL",
    "COL Size": "500mL"
  },
  {
    "Brand_Product_Size": "Coles Kitchen Traditional Pumpkin Soup Kit 450g",
    "COL Price": 5,
    "COL ppu": "$11.11 per 1Kg",
    "COL Size": "450g"
  },
  {
    "Brand_Product_Size": "Butterfingers Macadamia Shortbread 175g",
    "COL Price": 3.9,
    "COL ppu": "$2.23 per 100G",
    "COL Size": "175g"
  },
  {
    "Brand_Product_Size": "Pantene Micellar Water Shampoo 530mL",
    "COL Price": 18,
    "COL ppu": "$3.40 per 100mL",
    "COL Size": "530mL"
  },
  {
    "Brand_Product_Size": "Cook & Dine Black Pot Holder each",
    "COL Price": 4,
    "COL ppu": "$4.00 per 1Ea",
    "COL Size": "each"
  },
  {
    "Brand_Product_Size": "Artisan Whole Dried Cranberries 100g",
    "COL Price": 7,
    "COL ppu": "$70.00 per 1Kg",
    "COL Size": "100g"
  },
  {
    "Brand_Product_Size": "Table Of Plenty Tomato & Sweet Basil Mini Rice Cakes 60g",
    "COL Price": 3.2,
    "COL ppu": "$5.33 per 100G",
    "COL Size": "60g"
  },
  {
    "Brand_Product_Size": "Coles Blueberry Mini Muffins 9 Pack 315g",
    "COL Price": 3.5,
    "COL ppu": "$1.11 per 100G",
    "COL Size": "315g"
  },
  {
    "Brand_Product_Size": "Zwan Chicken Luncheon Meat 200g",
    "COL Price": 3.85,
    "COL ppu": "$1.93 per 100G",
    "COL Size": "200g"
  },
  {
    "Brand_Product_Size": "Centrum Advance 50+ Multivitamin Tablets 60 pack",
    "COL Price": 17,
    "COL ppu": "$28.33 per 100Ea",
    "COL Size": "60 pack"
  },
  {
    "Brand_Product_Size": "Country Life Gluten Free Multigrain Bread 400g",
    "COL Price": 6,
    "COL ppu": "$1.50 per 100G",
    "COL Size": "400g"
  },
  {
    "Brand_Product_Size": "Coles Cereal Frooty Rings 300g",
    "COL Price": 2.5,
    "COL ppu": "$0.83 per 100G",
    "COL Size": "300g"
  },
  {
    "Brand_Product_Size": "Huggies Unisex Ultimate Nappy 6-11 Kg Size 3 72 pack",
    "COL Price": 32,
    "COL ppu": "$0.44 per 1Ea",
    "COL Size": "72 pack"
  },
  {
    "Brand_Product_Size": "Devondale Colby Cheese Block 500g",
    "COL Price": 7.5,
    "COL ppu": "$15.00 per 1Kg",
    "COL Size": "500g"
  },
  {
    "Brand_Product_Size": "Herbal Essences Bio Renew White Grapefruit & Mosa Mint Conditioner 400mL",
    "COL Price": 12,
    "COL ppu": "$3.00 per 100mL",
    "COL Size": "400mL"
  },
  {
    "Brand_Product_Size": "Essano Blonde Shampoo 300mL",
    "COL Price": 16,
    "COL ppu": "$5.33 per 100mL",
    "COL Size": "300mL"
  },
  {
    "Brand_Product_Size": "Cold Power Advanced Clean Laundry Liquid 1L",
    "COL Price": 11,
    "COL ppu": "$11.00 per 1L",
    "COL Size": "1L"
  },
  {
    "Brand_Product_Size": "Kleenex Complete Clean Toilet Tissue 9 Rolls 1 pack",
    "COL Price": 8,
    "COL ppu": "$0.49 per 100Ea",
    "COL Size": "1 pack"
  },
  {
    "Brand_Product_Size": "Boscastle Chicken & Mushroom Pie 240g",
    "COL Price": 5,
    "COL ppu": "$2.08 per 100G",
    "COL Size": "240g"
  },
  {
    "Brand_Product_Size": "Omo Laundry Liquid Active 665mL",
    "COL Price": 17.5,
    "COL ppu": "$26.32 per 1L",
    "COL Size": "665mL"
  },
  {
    "Brand_Product_Size": "Kirks Sugar Free Creaming Soda 1.25L",
    "COL Price": 1.15,
    "COL ppu": "$0.92 per 1L",
    "COL Size": "1.25L"
  },
  {
    "Brand_Product_Size": "Cook & Dine Stainless Steel Whisk each",
    "COL Price": 6,
    "COL ppu": "$6.00 per 1KGM",
    "COL Size": "each"
  },
  {
    "Brand_Product_Size": "Crest Power Board 4 Socket each",
    "COL Price": 5,
    "COL ppu": "$5.00 per 1KGM",
    "COL Size": "each"
  },
  {
    "Brand_Product_Size": "Coles Seafood Whole Rainbow Trout approx. 450g",
    "COL Price": 8.55,
    "COL ppu": "$19.00 per 1Kg",
    "COL Size": "approx. 450g"
  },
  {
    "Brand_Product_Size": "Five:Am Organic Blueberry Burst Yoghurt 700g",
    "COL Price": 6,
    "COL ppu": "$0.86 per 100G",
    "COL Size": "700g"
  },
  {
    "Brand_Product_Size": "Coles Thyme Punnet Prepacked 10g",
    "COL Price": 3,
    "COL ppu": "$3.00 per 10G",
    "COL Size": "10g"
  },
  {
    "Brand_Product_Size": "Obento Panko Bread Crumbs 200g",
    "COL Price": 2.3,
    "COL ppu": "$1.15 per 100G",
    "COL Size": "200g"
  },
  {
    "Brand_Product_Size": "Coles Ultra Multipurpose Wipes Lychee Bloom 100 pack",
    "COL Price": 3.5,
    "COL ppu": "$3.50 per 100Ea",
    "COL Size": "100 pack"
  },
  {
    "Brand_Product_Size": "Prima Tropical Fruit Drink Multipack 200mL 6 pack",
    "COL Price": 3.45,
    "COL ppu": "$0.58 per 1Ea",
    "COL Size": "6 pack"
  },
  {
    "Brand_Product_Size": "Toolworx Scraper 1 pack",
    "COL Price": 6.25,
    "COL ppu": "$6.25 per 1Ea",
    "COL Size": "1 pack"
  },
  {
    "Brand_Product_Size": "Nair Sensitive Hair Removal Shower Cream 200mL",
    "COL Price": 13,
    "COL ppu": "$6.50 per 100mL",
    "COL Size": "200mL"
  },
  {
    "Brand_Product_Size": "Tresemme Keratin Smooth Shampoo 675mL",
    "COL Price": 9,
    "COL ppu": "$1.33 per 100mL",
    "COL Size": "675mL"
  },
  {
    "Brand_Product_Size": "Coles Butcher Lamb Loin Chops approx. 905g",
    "COL Price": 24.435,
    "COL ppu": "$27.00 per 1Kg",
    "COL Size": "approx. 905g"
  },
  {
    "Brand_Product_Size": "Bel The Laughing Cow Cheese Portions Original 240g",
    "COL Price": 5.45,
    "COL ppu": "$22.71 per 1Kg",
    "COL Size": "240g"
  },
  {
    "Brand_Product_Size": "Coles Frozen Meat Pies 6 Pack 900g",
    "COL Price": 4,
    "COL ppu": "$0.44 per 100G",
    "COL Size": "900g"
  },
  {
    "Brand_Product_Size": "Pura Thick Cream 300mL",
    "COL Price": 3,
    "COL ppu": "$1.00 per 100mL",
    "COL Size": "300mL"
  },
  {
    "Brand_Product_Size": "Coles Garlic loose approx. 60g each",
    "COL Price": 1.5,
    "COL ppu": "$25.00 per 1Kg",
    "COL Size": "approx. 60g each"
  },
  {
    "Brand_Product_Size": "Maybelline Colossal Volume Express Waterproof Glam Black Mascara 8mL",
    "COL Price": 10,
    "COL ppu": "$12.50 per 10mL",
    "COL Size": "8mL"
  },
  {
    "Brand_Product_Size": "4 legs Natural Wellness Boost Dog Food With Beef Vegies & Fruit Meatballs 870g",
    "COL Price": 4.5,
    "COL ppu": "$0.52 per 100G",
    "COL Size": "870g"
  },
  {
    "Brand_Product_Size": "Herbert Adams Frozen Gourmet Chunky Sous Vide Beef & Button Mushroom Pies 2 pack 400g",
    "COL Price": 6.6,
    "COL ppu": "$1.65 per 100G",
    "COL Size": "400g"
  },
  {
    "Brand_Product_Size": "Original Juice Co. Black Label Limited Edition Juice 1.5L",
    "COL Price": 5.65,
    "COL ppu": "$3.77 per 1L",
    "COL Size": "1.5L"
  },
  {
    "Brand_Product_Size": "Shelbys Nuts Cinnamon Almonds 40g",
    "COL Price": 3,
    "COL ppu": "$7.50 per 100G",
    "COL Size": "40g"
  },
  {
    "Brand_Product_Size": "Coles Kitchen Chicken Singapore Noodle 350g",
    "COL Price": 6.5,
    "COL ppu": "$1.86 per 100G",
    "COL Size": "350g"
  },
  {
    "Brand_Product_Size": "Coles Fresh Seafood Barramundi Fillet Skin Off approx. 215g",
    "COL Price": 7.525,
    "COL ppu": "$35.00 per 1Kg",
    "COL Size": "approx. 215g"
  },
  {
    "Brand_Product_Size": "U By Kotex Ultra Thin Regular Pads 14 pack",
    "COL Price": 4,
    "COL ppu": "$0.29 per 1Ea",
    "COL Size": "14 pack"
  },
  {
    "Brand_Product_Size": "Coles Fabric Heavy Duty Medistrips Extra Large 20 pack",
    "COL Price": 4,
    "COL ppu": "$0.20 per 1Ea",
    "COL Size": "20 pack"
  },
  {
    "Brand_Product_Size": "Garnier Anti-Blackhead Charcoal Scrub Gel 150mL",
    "COL Price": 6.25,
    "COL ppu": "$4.17 per 100mL",
    "COL Size": "150mL"
  },
  {
    "Brand_Product_Size": "Sole Mare Portuguese Style Sardines With Chilli Oil 120g",
    "COL Price": 2.8,
    "COL ppu": "$23.33 per 1Kg",
    "COL Size": "120g"
  },
  {
    "Brand_Product_Size": "Nicabate Extra Fresh 2mg Gum 100 pack",
    "COL Price": 28,
    "COL ppu": "$0.28 per 1Ea",
    "COL Size": "100 pack"
  },
  {
    "Brand_Product_Size": "Olina's Bakehouse No Gluten Seeded Sunflower Seed Crackers 100g",
    "COL Price": 5,
    "COL ppu": "$5.00 per 100G",
    "COL Size": "100g"
  },
  {
    "Brand_Product_Size": "Lekker Traditional Mini Sticks 30g",
    "COL Price": 3.9,
    "COL ppu": "$13.00 per 100G",
    "COL Size": "30g"
  },
  {
    "Brand_Product_Size": "Flying Goose Sriracha Mayo 455mL",
    "COL Price": 7.5,
    "COL ppu": "$1.65 per 100mL",
    "COL Size": "455mL"
  },
  {
    "Brand_Product_Size": "Momo's Meals Free Range Beef Stock 500mL",
    "COL Price": 4,
    "COL ppu": "$0.80 per 100mL",
    "COL Size": "500mL"
  },
  {
    "Brand_Product_Size": "Celestial Seasonings Bengal Spice Tea Bags 20 pack 47g",
    "COL Price": 4.2,
    "COL ppu": "$0.21 per 1Ea",
    "COL Size": "47g"
  },
  {
    "Brand_Product_Size": "South Cape Spring Onion & Chive Cream Cheese 200g",
    "COL Price": 3.6,
    "COL ppu": "$18.00 per 1Kg",
    "COL Size": "200g"
  },
  {
    "Brand_Product_Size": "Old Spice Wide Deodorant Stick 90g",
    "COL Price": 5.5,
    "COL ppu": "$6.11 per 100G",
    "COL Size": "90g"
  },
  {
    "Brand_Product_Size": "Capilano Dark & Bold Honey Upside Down 340g",
    "COL Price": 6.9,
    "COL ppu": "$2.03 per 100G",
    "COL Size": "340g"
  },
  {
    "Brand_Product_Size": "Nivea Rich Day Cream Face Moisturiser + Shea Butter & SPF30 50mL",
    "COL Price": 13.5,
    "COL ppu": "$27.00 per 100mL",
    "COL Size": "50mL"
  },
  {
    "Brand_Product_Size": "Coles Thawed Seafood Garlic Prawns Skewer each",
    "COL Price": 1.5,
    "COL ppu": "$1.50 per 1Ea",
    "COL Size": "each"
  },
  {
    "Brand_Product_Size": "Kleenex 3 Ply Wellbeing Facial Tissues Eucalyptus 140 pack",
    "COL Price": 3,
    "COL ppu": "$2.14 per 100Ea",
    "COL Size": "140 pack"
  },
  {
    "Brand_Product_Size": "Coles Regular Soy Milk 1L",
    "COL Price": 1.15,
    "COL ppu": "$1.15 per 1L",
    "COL Size": "1L"
  },
  {
    "Brand_Product_Size": "Shinho Sweet Bean Paste 400g",
    "COL Price": 1.75,
    "COL ppu": "$0.44 per 100G",
    "COL Size": "400g"
  },
  {
    "Brand_Product_Size": "Lilydale Frozen Free Range Lemon & Pepper Baked Chicken Tenders 350g",
    "COL Price": 9.5,
    "COL ppu": "$27.14 per 1Kg",
    "COL Size": "350g"
  },
  {
    "Brand_Product_Size": "Tetley All Rounder Pure Black Tea Bags 200 pack 400g",
    "COL Price": 6,
    "COL ppu": "$1.50 per 100G",
    "COL Size": "400g"
  },
  {
    "Brand_Product_Size": "Nexba Kombucha Rose Lemonade Live Sparkling Probiotic Multipack Bottles 330mL 4 pack",
    "COL Price": 8.55,
    "COL ppu": "$6.48 per 1L",
    "COL Size": "4 pack"
  },
  {
    "Brand_Product_Size": "CSR Gluten Free Icing Sugar Mixture 500g",
    "COL Price": 1.95,
    "COL ppu": "$0.39 per 100G",
    "COL Size": "500g"
  },
  {
    "Brand_Product_Size": "Our Family Table Fish Goujons 315g",
    "COL Price": 11,
    "COL ppu": "$34.92 per 1Kg",
    "COL Size": "315g"
  },
  {
    "Brand_Product_Size": "Campbell's V8 Breakfast Fusion Juice 300mL",
    "COL Price": 1.65,
    "COL ppu": "$5.50 per 1L",
    "COL Size": "300mL"
  },
  {
    "Brand_Product_Size": "Whole Kids Organic Cookies Apple 4 Pack 80g",
    "COL Price": 5.15,
    "COL ppu": "$6.44 per 100G",
    "COL Size": "80g"
  },
  {
    "Brand_Product_Size": "Rafferty's Garden Banana Milk Teething Rusks 100g",
    "COL Price": 4,
    "COL ppu": "$4.00 per 100G",
    "COL Size": "100g"
  },
  {
    "Brand_Product_Size": "Coles Original Rice Cakes 150g",
    "COL Price": 1.65,
    "COL ppu": "$1.10 per 100G",
    "COL Size": "150g"
  },
  {
    "Brand_Product_Size": "Manning Valley Free Range Large Eggs 12 pack 600g",
    "COL Price": 5.9,
    "COL ppu": "$0.98 per 100G",
    "COL Size": "600g"
  },
  {
    "Brand_Product_Size": "Viva White Paper Towel 6 pack",
    "COL Price": 6,
    "COL ppu": "$1.67 per 100Ea",
    "COL Size": "6 pack"
  },
  {
    "Brand_Product_Size": "Rimmel Scandaleyes Eye Definer #002 Chocolate Brown 0.28g",
    "COL Price": 8.4,
    "COL ppu": "$300.00 per 10G",
    "COL Size": "0.28g"
  },
  {
    "Brand_Product_Size": "Allen's Retro Party Mix 190g",
    "COL Price": 3,
    "COL ppu": "$1.58 per 100G",
    "COL Size": "190g"
  },
  {
    "Brand_Product_Size": "Nature's Way Magnesium Chelate 1000mg Tablets 100 pack",
    "COL Price": 25,
    "COL ppu": "$0.25 per 1Ea",
    "COL Size": "100 pack"
  },
  {
    "Brand_Product_Size": "Olay Regenerist Detoxifying Pore Scrub Cleanser 150mL",
    "COL Price": 15,
    "COL ppu": "$10.00 per 100mL",
    "COL Size": "150mL"
  },
  {
    "Brand_Product_Size": "Coles Royal Gala Apples Prepacked 1kg",
    "COL Price": 3.9,
    "COL ppu": "$3.90 per 1Kg",
    "COL Size": "1kg"
  },
  {
    "Brand_Product_Size": "Cleavers Organic Lamb Rack approx. 400g",
    "COL Price": 17.6,
    "COL ppu": "$44.00 per 1Kg",
    "COL Size": "approx. 400g"
  },
  {
    "Brand_Product_Size": "Kellogg's Baked Muesli Breakfast Biscuits With Cranberries Almonds And A Hint Of Honey 200g",
    "COL Price": 4.5,
    "COL ppu": "$2.25 per 100G",
    "COL Size": "200g"
  },
  {
    "Brand_Product_Size": "Campbells V8 Power Blend Golden Glow Juice 1.25L",
    "COL Price": 5,
    "COL ppu": "$4.00 per 1L",
    "COL Size": "1.25L"
  },
  {
    "Brand_Product_Size": "Green's Learn To Bake Fun Magic Mix 430g",
    "COL Price": 3.2,
    "COL ppu": "$0.74 per 100G",
    "COL Size": "430g"
  },
  {
    "Brand_Product_Size": "The No Nasties Sugar Free Zies Summer Fruits 15 pack",
    "COL Price": 6.5,
    "COL ppu": "$0.43 per 1Ea",
    "COL Size": "15 pack"
  },
  {
    "Brand_Product_Size": "Hart & Soul Chicken & Corn Pouch 400g",
    "COL Price": 3,
    "COL ppu": "$0.75 per 100G",
    "COL Size": "400g"
  },
  {
    "Brand_Product_Size": "Coles A4 Display Folder each",
    "COL Price": 4,
    "COL ppu": "$4.00 per 1Ea",
    "COL Size": "each"
  },
  {
    "Brand_Product_Size": "Cook & Dine Stainless Steel Ice Cream Scoop each",
    "COL Price": 6,
    "COL ppu": "$6.00 per 1Ea",
    "COL Size": "each"
  },
  {
    "Brand_Product_Size": "McCain Frozen Healthy Choice Chinese Chicken With Cashews 280g",
    "COL Price": 4,
    "COL ppu": "$1.43 per 100G",
    "COL Size": "280g"
  },
  {
    "Brand_Product_Size": "L'OR Espresso Onyx Intensity 12 Coffee Capsules 20 Pack 104g",
    "COL Price": 11,
    "COL ppu": "$10.58 per 100G",
    "COL Size": "104g"
  },
  {
    "Brand_Product_Size": "Magazine Taste.com.au each",
    "COL Price": 4.99,
    "COL ppu": "$4.99 per 1Ea",
    "COL Size": "each"
  },
  {
    "Brand_Product_Size": "Coles Tonic Water 1.25L",
    "COL Price": 1,
    "COL ppu": "$0.80 per 1L",
    "COL Size": "1.25L"
  },
  {
    "Brand_Product_Size": "Kellogg's K-Time Baked Twists Raspberry & Apple Flavour Filled Snack Bars 5 pack 185g",
    "COL Price": 4,
    "COL ppu": "$2.16 per 100G",
    "COL Size": "185g"
  },
  {
    "Brand_Product_Size": "Schweppes Signature Series Soda Water 300mL 4 pack",
    "COL Price": 6.65,
    "COL ppu": "$5.54 per 1L",
    "COL Size": "4 pack"
  },
  {
    "Brand_Product_Size": "Pet Munchies Rabbit & Guinea Pig Treat 300g",
    "COL Price": 2.3,
    "COL ppu": "$0.77 per 100G",
    "COL Size": "300g"
  },
  {
    "Brand_Product_Size": "Coles Plates 8 pack",
    "COL Price": 3,
    "COL ppu": "$0.38 per 1Ea",
    "COL Size": "8 pack"
  },
  {
    "Brand_Product_Size": "Twinings English Breakfast Tea Bags 10 pack 20g",
    "COL Price": 2.9,
    "COL ppu": "$0.29 per 1Ea",
    "COL Size": "20g"
  },
  {
    "Brand_Product_Size": "Total Care Dog Collar Reflective Small 1 pack",
    "COL Price": 17,
    "COL ppu": "$17.00 per 1Ea",
    "COL Size": "1 pack"
  },
  {
    "Brand_Product_Size": "5 Gum Cool Mint Chewing Gum Stick 32g",
    "COL Price": 1.85,
    "COL ppu": "$5.78 per 100G",
    "COL Size": "32g"
  },
  {
    "Brand_Product_Size": "Manicare Emery Boards 8 pack",
    "COL Price": 4.4,
    "COL ppu": "$0.55 per 1Ea",
    "COL Size": "8 pack"
  },
  {
    "Brand_Product_Size": "McCain Frozen Chunky Beer Batter Chips 750g",
    "COL Price": 4.3,
    "COL ppu": "$0.57 per 100G",
    "COL Size": "750g"
  },
  {
    "Brand_Product_Size": "Aphrodite Barrel Aged Feta Portion 170g",
    "COL Price": 12,
    "COL ppu": "$70.59 per 1Kg",
    "COL Size": "170g"
  },
  {
    "Brand_Product_Size": "Coles Royal Blue Baby Potatoes Prepacked 1kg",
    "COL Price": 3.5,
    "COL ppu": "$3.50 per 1Kg",
    "COL Size": "1kg"
  },
  {
    "Brand_Product_Size": "McCain Vegetable Fingers 425g",
    "COL Price": 5,
    "COL ppu": "$11.76 per 1Kg",
    "COL Size": "425g"
  },
  {
    "Brand_Product_Size": "Fab Frangipani Laundry Liquid 4L",
    "COL Price": 15,
    "COL ppu": "$3.75 per 1L",
    "COL Size": "4L"
  },
  {
    "Brand_Product_Size": "Cadbury Dairy Milk Bubbly Milk Chocolate Block 160g",
    "COL Price": 5,
    "COL ppu": "$3.13 per 100G",
    "COL Size": "160g"
  },
  {
    "Brand_Product_Size": "Hask Monoi Coconut Conditioner 355mL",
    "COL Price": 15,
    "COL ppu": "$4.23 per 100mL",
    "COL Size": "355mL"
  },
  {
    "Brand_Product_Size": "Tracklements Fig Relish 250g",
    "COL Price": 14.75,
    "COL ppu": "$5.90 per 100G",
    "COL Size": "250g"
  },
  {
    "Brand_Product_Size": "Beauty Bites White Choc Raspberry 32g",
    "COL Price": 4,
    "COL ppu": "$12.50 per 100G",
    "COL Size": "32g"
  },
  {
    "Brand_Product_Size": "Grillman BBQ Bristle Free Cleaning Brush each",
    "COL Price": 9,
    "COL ppu": "$9.00 per 1Ea",
    "COL Size": "each"
  },
  {
    "Brand_Product_Size": "Lipton Royal Ceylon Tea 100 pack",
    "COL Price": 5,
    "COL ppu": "$0.05 per 1Ea",
    "COL Size": "100 pack"
  },
  {
    "Brand_Product_Size": "IAMS Indoor Weight & Hairball Care Dry Cat Food With Chicken 1kg",
    "COL Price": 11,
    "COL ppu": "$1.10 per 100G",
    "COL Size": "1kg"
  },
  {
    "Brand_Product_Size": "Dilmah Extra Strength Premium Ceylon Tea Bags 50 Pack 120g",
    "COL Price": 3.7,
    "COL ppu": "$3.08 per 100G",
    "COL Size": "120g"
  },
  {
    "Brand_Product_Size": "Earth Choice Dishwashing Liquid 1L",
    "COL Price": 2,
    "COL ppu": "$0.20 per 100mL",
    "COL Size": "1L"
  },
  {
    "Brand_Product_Size": "Bartons Red Cabbage 440g",
    "COL Price": 6,
    "COL ppu": "$1.36 per 100G",
    "COL Size": "440g"
  },
  {
    "Brand_Product_Size": "Coles RSPCA Approved Chicken Breast Fillets Large Pack approx. 1.1kg",
    "COL Price": 10.45,
    "COL ppu": "$9.50 per 1Kg",
    "COL Size": "approx. 1.1kg"
  },
  {
    "Brand_Product_Size": "Starbucks By Nespresso House Blend Lungo Capsules 10 pack",
    "COL Price": 6.9,
    "COL ppu": "$0.69 per 1Ea",
    "COL Size": "10 pack"
  },
  {
    "Brand_Product_Size": "Coles Aspirin Tablets 300mg 24 pack",
    "COL Price": 0.95,
    "COL ppu": "$0.04 per 1Ea",
    "COL Size": "24 pack"
  },
  {
    "Brand_Product_Size": "Cobram Estate Extra Virgin Olive Classic 750mL",
    "COL Price": 14,
    "COL ppu": "$1.87 per 100mL",
    "COL Size": "750mL"
  },
  {
    "Brand_Product_Size": "Clairol Nice N Easy Repair 5 Medium Brown Hair Colour 177mL",
    "COL Price": 11,
    "COL ppu": "$6.21 per 100mL",
    "COL Size": "177mL"
  },
  {
    "Brand_Product_Size": "Rimmel Match Perfection Silky Translucent Loose Powder 13g",
    "COL Price": 9.6,
    "COL ppu": "$7.38 per 10G",
    "COL Size": "13g"
  },
  {
    "Brand_Product_Size": "Coles Bakery 7 Seeds & Grains Sandwich Bread Loaf 800g",
    "COL Price": 3,
    "COL ppu": "$0.38 per 100G",
    "COL Size": "800g"
  },
  {
    "Brand_Product_Size": "Banz Adventure Baby Sunglasses Pink each",
    "COL Price": 22,
    "COL ppu": "$22.00 per 1Ea",
    "COL Size": "each"
  },
  {
    "Brand_Product_Size": "John West Chunk Style Tuna in Olive Oil Blend 425g",
    "COL Price": 5.75,
    "COL ppu": "$13.53 per 1Kg",
    "COL Size": "425g"
  },
  {
    "Brand_Product_Size": "Intensity Fineliner Assorted 6 pack",
    "COL Price": 5.1,
    "COL ppu": "$0.85 per 1Ea",
    "COL Size": "6 pack"
  },
  {
    "Brand_Product_Size": "Cucina Matese Conchiglie Rigate Italian Pasta No 116 500g",
    "COL Price": 2.8,
    "COL ppu": "$0.56 per 100G",
    "COL Size": "500g"
  },
  {
    "Brand_Product_Size": "Gaganis Premium Red Rosy Split Lentils 1kg",
    "COL Price": 4.2,
    "COL ppu": "$4.20 per 1Kg",
    "COL Size": "1kg"
  },
  {
    "Brand_Product_Size": "Nutella Hazelnut Spread With Cocoa 1kg",
    "COL Price": 10.5,
    "COL ppu": "$1.05 per 100G",
    "COL Size": "1kg"
  },
  {
    "Brand_Product_Size": "Schweppes Lime Cordial 750mL",
    "COL Price": 4,
    "COL ppu": "$5.33 per 1L",
    "COL Size": "750mL"
  },
  {
    "Brand_Product_Size": "Schwarzkopf Nordic Blonde L1++ Ultimate Lightener 1 pack",
    "COL Price": 13,
    "COL ppu": "$13.00 per 1Ea",
    "COL Size": "1 pack"
  },
  {
    "Brand_Product_Size": "Coles Caramel Slice 175g",
    "COL Price": 4,
    "COL ppu": "$2.29 per 100G",
    "COL Size": "175g"
  },
  {
    "Brand_Product_Size": "Coles Deli Salads Tub Small Classic Coleslaw smaLL",
    "COL Price": 4,
    "COL ppu": "$4.00 per 1Ea",
    "COL Size": "smaLL"
  },
  {
    "Brand_Product_Size": "Sukin Rosehip Enriching Night Cream 120mL",
    "COL Price": 25,
    "COL ppu": "$20.83 per 100mL",
    "COL Size": "120mL"
  },
  {
    "Brand_Product_Size": "Coles Happy Birthday Edible Cake Plaque each",
    "COL Price": 3,
    "COL ppu": "$3.00 per 1Ea",
    "COL Size": "each"
  },
  {
    "Brand_Product_Size": "Atkins Day Break Chocolate Chip Bar 5 pack",
    "COL Price": 11.5,
    "COL ppu": "$6.22 per 100G",
    "COL Size": "5 pack"
  },
  {
    "Brand_Product_Size": "Mission Tortillas Corn & Wheat 384g",
    "COL Price": 3.8,
    "COL ppu": "$0.99 per 100G",
    "COL Size": "384g"
  },
  {
    "Brand_Product_Size": "FAB Natural Elements Laundry Liquid 1.8L",
    "COL Price": 8,
    "COL ppu": "$4.44 per 1L",
    "COL Size": "1.8L"
  },
  {
    "Brand_Product_Size": "Bonds Footlets Tan size 3-8 1 pack",
    "COL Price": 4,
    "COL ppu": "$4.00 per 1ea",
    "COL Size": "1 pack"
  },
  {
    "Brand_Product_Size": "Coles Free Range Pork Cutlets approx. 350g",
    "COL Price": 9.1,
    "COL ppu": "$26.00 per 1Kg",
    "COL Size": "approx. 350g"
  },
  {
    "Brand_Product_Size": "L'Oreal Telescopic Black Mascara 8mL",
    "COL Price": 18.9,
    "COL ppu": "$23.63 per 10mL",
    "COL Size": "8mL"
  },
  {
    "Brand_Product_Size": "Sunrice Medium Grain White Rice 1kg",
    "COL Price": 3.5,
    "COL ppu": "$0.35 per 100G",
    "COL Size": "1kg"
  },
  {
    "Brand_Product_Size": "Morning Fresh Lemon Dishwashing Liquid 400mL",
    "COL Price": 2.15,
    "COL ppu": "$0.54 per 100mL",
    "COL Size": "400mL"
  },
  {
    "Brand_Product_Size": "Mamee Cheese Monster Rice Sticks 6 pack",
    "COL Price": 4,
    "COL ppu": "$3.33 per 100G",
    "COL Size": "6 pack"
  },
  {
    "Brand_Product_Size": "Ogx Extra Strength Damage Remedy Coconut Oil Shampoo 385mL",
    "COL Price": 21,
    "COL ppu": "$5.45 per 100mL",
    "COL Size": "385mL"
  },
  {
    "Brand_Product_Size": "Tip Top White Gourmet Pizza Base 2 pack 440g",
    "COL Price": 3,
    "COL ppu": "$0.68 per 100G",
    "COL Size": "440g"
  },
  {
    "Brand_Product_Size": "Lucky Pine Nuts 65g",
    "COL Price": 8,
    "COL ppu": "$123.08 per 1Kg",
    "COL Size": "65g"
  },
  {
    "Brand_Product_Size": "Coles Microgreens Red Garnet each",
    "COL Price": 3,
    "COL ppu": "$3.00 per 1Ea",
    "COL Size": "each"
  },
  {
    "Brand_Product_Size": "Health Basics Dermaplus Body Wash 1L",
    "COL Price": 10,
    "COL ppu": "$1.00 per 100mL",
    "COL Size": "1L"
  },
  {
    "Brand_Product_Size": "U By Kotex Ultra Thin Sport Super Pads With Wings 10 pack",
    "COL Price": 4.5,
    "COL ppu": "$0.45 per 1Ea",
    "COL Size": "10 pack"
  },
  {
    "Brand_Product_Size": "Bega Dairylea Cheddar Cheese Block 250g",
    "COL Price": 4,
    "COL ppu": "$16.00 per 1Kg",
    "COL Size": "250g"
  },
  {
    "Brand_Product_Size": "Patak's Korma Curry Paste Mild 290g",
    "COL Price": 5.5,
    "COL ppu": "$1.90 per 100G",
    "COL Size": "290g"
  },
  {
    "Brand_Product_Size": "Coles Lime Fresh Antibacterial Hand Wash Refill 1L",
    "COL Price": 3,
    "COL ppu": "$3.00 per 1L",
    "COL Size": "1L"
  },
  {
    "Brand_Product_Size": "De-Gas Peppermint Capsules 24 pack",
    "COL Price": 7.3,
    "COL ppu": "$0.30 per 1Ea",
    "COL Size": "24 pack"
  },
  {
    "Brand_Product_Size": "Cenovis Zinc Plus Tablets 150 pack",
    "COL Price": 13,
    "COL ppu": "$8.67 per 100Ea",
    "COL Size": "150 pack"
  },
  {
    "Brand_Product_Size": "Nice & Natural Nut Bars Sweet And Salty 192g",
    "COL Price": 4,
    "COL ppu": "$2.08 per 100G",
    "COL Size": "192g"
  },
  {
    "Brand_Product_Size": "Lo Bros Organic Kombucha Passionfruit Drink Chilled 330mL",
    "COL Price": 4,
    "COL ppu": "$12.12 per 1L",
    "COL Size": "330mL"
  },
  {
    "Brand_Product_Size": "Toscano Choco Chip Waffles 4 pack 360g",
    "COL Price": 5.5,
    "COL ppu": "$1.53 per 100G",
    "COL Size": "360g"
  },
  {
    "Brand_Product_Size": "Coles Bakery High Fibre Low GI White Block Bread Loaf 680g",
    "COL Price": 3,
    "COL ppu": "$0.44 per 100G",
    "COL Size": "680g"
  },
  {
    "Brand_Product_Size": "Coles Grape Perino Tomatoes Prepacked 200g",
    "COL Price": 4.5,
    "COL ppu": "$22.50 per 1Kg",
    "COL Size": "200g"
  },
  {
    "Brand_Product_Size": "Blackmores Bio Zinc 84 Tablets 1 pack",
    "COL Price": 18,
    "COL ppu": "$18.00 per 1Ea",
    "COL Size": "1 pack"
  },
  {
    "Brand_Product_Size": "Original Source Lime Shower Gel 250mL",
    "COL Price": 4,
    "COL ppu": "$1.60 per 100mL",
    "COL Size": "250mL"
  },
  {
    "Brand_Product_Size": "Elite Must Cubes Peppermint 58g",
    "COL Price": 5,
    "COL ppu": "$8.62 per 100G",
    "COL Size": "58g"
  },
  {
    "Brand_Product_Size": "Australia's Own Low Fat Milk 2L",
    "COL Price": 2.4,
    "COL ppu": "$1.20 per 1L",
    "COL Size": "2L"
  },
  {
    "Brand_Product_Size": "Coles Variety Pack Drinks Multipack Cans 375mL 24 pack",
    "COL Price": 12.64,
    "COL ppu": "$1.40 per 1L",
    "COL Size": "24 pack"
  },
  {
    "Brand_Product_Size": "Red Bull Energy Drink Single Can 250mL",
    "COL Price": 3,
    "COL ppu": "$12.00 per 1L",
    "COL Size": "250mL"
  },
  {
    "Brand_Product_Size": "Lindt 90% Cocoa Excellence Supreme Dark Chocolate 100g",
    "COL Price": 4.5,
    "COL ppu": "$4.50 per 100G",
    "COL Size": "100g"
  },
  {
    "Brand_Product_Size": "Lifestyles Regular Condoms 20 pack",
    "COL Price": 9.9,
    "COL ppu": "$0.50 per 1Ea",
    "COL Size": "20 pack"
  },
  {
    "Brand_Product_Size": "Lindt Lindor Milk Chocolate Block 100g",
    "COL Price": 4.5,
    "COL ppu": "$4.50 per 100G",
    "COL Size": "100g"
  },
  {
    "Brand_Product_Size": "Keep It Cleaner Bliss Balls Choc Hazelnut 40g",
    "COL Price": 2.5,
    "COL ppu": "$6.25 per 100G",
    "COL Size": "40g"
  },
  {
    "Brand_Product_Size": "Vittoria Decaf Blend Capsules 10 pack",
    "COL Price": 6,
    "COL ppu": "$0.60 per 1Ea",
    "COL Size": "10 pack"
  },
  {
    "Brand_Product_Size": "Terra Maris Reggianino Grissino 250g",
    "COL Price": 4.5,
    "COL ppu": "$1.80 per 100G",
    "COL Size": "250g"
  },
  {
    "Brand_Product_Size": "Coles Deli Sliced Primo HGP Free Roast Beef approx. 125g",
    "COL Price": 3.375,
    "COL ppu": "$27.00 per 1Kg",
    "COL Size": "approx. 125g"
  },
  {
    "Brand_Product_Size": "Coles Nature's Kitchen Vegetable Lasagne 400g",
    "COL Price": 7,
    "COL ppu": "$1.75 per 100G",
    "COL Size": "400g"
  },
  {
    "Brand_Product_Size": "Nivea Daily Essentials Wash Gel Refreshing 150mL",
    "COL Price": 11,
    "COL ppu": "$7.33 per 100mL",
    "COL Size": "150mL"
  },
  {
    "Brand_Product_Size": "Nature's Way Glucosamine + Chondroitin + MSM Tablets 60 pack",
    "COL Price": 27.5,
    "COL ppu": "$0.46 per 1Ea",
    "COL Size": "60 pack"
  },
  {
    "Brand_Product_Size": "Uncle Tobys Oats Quick Sachets Breakfast Cereal Creamy Honey 700g",
    "COL Price": 8,
    "COL ppu": "$1.14 per 100G",
    "COL Size": "700g"
  },
  {
    "Brand_Product_Size": "Schweppes Lemonade 2L",
    "COL Price": 2.15,
    "COL ppu": "$1.08 per 1L",
    "COL Size": "2L"
  },
  {
    "Brand_Product_Size": "Scunci Effortless Beauty Knit Pony Wraps 5 pack",
    "COL Price": 5,
    "COL ppu": "$1.00 per 1Ea",
    "COL Size": "5 pack"
  },
  {
    "Brand_Product_Size": "McCain Frozen Superfries Straight Cut Potato Chips 900g",
    "COL Price": 3,
    "COL ppu": "$3.33 per 1Kg",
    "COL Size": "900g"
  },
  {
    "Brand_Product_Size": "Gourmet Garden Ginger Cold Blended Paste 80g",
    "COL Price": 3.5,
    "COL ppu": "$0.44 per 10G",
    "COL Size": "80g"
  },
  {
    "Brand_Product_Size": "Heinz Chilli Beanz Medium 420g",
    "COL Price": 2.5,
    "COL ppu": "$0.60 per 100G",
    "COL Size": "420g"
  },
  {
    "Brand_Product_Size": "Coles Cranberry Sauce 275g",
    "COL Price": 2.65,
    "COL ppu": "$0.96 per 100G",
    "COL Size": "275g"
  },
  {
    "Brand_Product_Size": "Coles Pot Tea Bags 100 pack 185g",
    "COL Price": 1.9,
    "COL ppu": "$1.03 per 100G",
    "COL Size": "185g"
  },
  {
    "Brand_Product_Size": "Bickfords Grape Juice 1L",
    "COL Price": 4.65,
    "COL ppu": "$4.65 per 1L",
    "COL Size": "1L"
  },
  {
    "Brand_Product_Size": "Lipton Intense Extra Strong Black Tea Bags 100 pack",
    "COL Price": 6.1,
    "COL ppu": "$0.06 per 1Ea",
    "COL Size": "100 pack"
  },
  {
    "Brand_Product_Size": "Maharajah's Choice Gulab Jamun 1kg",
    "COL Price": 7.75,
    "COL ppu": "$0.78 per 100G",
    "COL Size": "1kg"
  },
  {
    "Brand_Product_Size": "Pantene Smooth & Sleek Shampoo 375mL",
    "COL Price": 8,
    "COL ppu": "$2.13 per 100mL",
    "COL Size": "375mL"
  },
  {
    "Brand_Product_Size": "Coles Tampons Super 16 pack",
    "COL Price": 2.25,
    "COL ppu": "$0.14 per 1Ea",
    "COL Size": "16 pack"
  },
  {
    "Brand_Product_Size": "Weis Mango Ice Cream Bars 4 Pack 280mL",
    "COL Price": 7.5,
    "COL ppu": "$2.68 per 100mL",
    "COL Size": "280mL"
  },
  {
    "Brand_Product_Size": "My Dog Lamb With Garden Vegetables Wet Dog Food Tray 100g",
    "COL Price": 1.5,
    "COL ppu": "$1.50 per 100G",
    "COL Size": "100g"
  },
  {
    "Brand_Product_Size": "Coles Mac & Cheese Balls 240g",
    "COL Price": 5,
    "COL ppu": "$2.08 per 100G",
    "COL Size": "240g"
  },
  {
    "Brand_Product_Size": "Temptation Frozen Petite Quiche Lorraine's 18 pack 300g",
    "COL Price": 6,
    "COL ppu": "$2.00 per 100G",
    "COL Size": "300g"
  },
  {
    "Brand_Product_Size": "Pukka Lemon Ginger & Manuka Honey Tea Sachets 20 pack 40g",
    "COL Price": 7.5,
    "COL ppu": "$0.38 per 1Ea",
    "COL Size": "40g"
  },
  {
    "Brand_Product_Size": "Bundaberg Tropical Mango Flavour Sparkling Drink Multipack Bottles  375mL 4 pack",
    "COL Price": 6.35,
    "COL ppu": "$4.23 per 1L",
    "COL Size": "4 pack"
  },
  {
    "Brand_Product_Size": "Cenovis Hello Immunity Tablets 30 pack",
    "COL Price": 10,
    "COL ppu": "$0.33 per 1Ea",
    "COL Size": "30 pack"
  },
  {
    "Brand_Product_Size": "Coles Bakery Custard Tarts 6 Pack 360g",
    "COL Price": 5,
    "COL ppu": "$1.39 per 100G",
    "COL Size": "360g"
  },
  {
    "Brand_Product_Size": "Moro Garlic Infusion Extra Virgin Olive Oil Evoo 250mL",
    "COL Price": 5.5,
    "COL ppu": "$2.20 per 100mL",
    "COL Size": "250mL"
  },
  {
    "Brand_Product_Size": "Bean Ground & Drunk Organic Decaffeinated Medium Roast Fairtrade Coffee 250g",
    "COL Price": 8.8,
    "COL ppu": "$3.52 per 100G",
    "COL Size": "250g"
  },
  {
    "Brand_Product_Size": "Neutrogena Ultra Sheer Face & Body Sunscreen Stick SPF 50 42g",
    "COL Price": 17,
    "COL ppu": "$40.48 per 100G",
    "COL Size": "42g"
  },
  {
    "Brand_Product_Size": "La Espanola Extra Virgin Olive Oil Mild Flavour 1L",
    "COL Price": 7.5,
    "COL ppu": "$7.50 per 1L",
    "COL Size": "1L"
  },
  {
    "Brand_Product_Size": "Coles Organic Red Seedless Grapes Prepacked 500g",
    "COL Price": 7,
    "COL ppu": "$14.00 per 1Kg",
    "COL Size": "500g"
  },
  {
    "Brand_Product_Size": "Meat Mates Lamb Dinner Dog Food 170g",
    "COL Price": 2.9,
    "COL ppu": "$1.71 per 100G",
    "COL Size": "170g"
  },
  {
    "Brand_Product_Size": "Mc Ilhenny Co. Tabasco Sauce 60mL",
    "COL Price": 4.6,
    "COL ppu": "$7.67 per 100mL",
    "COL Size": "60mL"
  },
  {
    "Brand_Product_Size": "SPC Fruit Salad Less Sugar 4 pack",
    "COL Price": 3,
    "COL ppu": "$6.25 per 1Kg",
    "COL Size": "4 pack"
  },
  {
    "Brand_Product_Size": "Elanco Comfortis Plus Fleas Heartworm & Worms Medium Dog Treatment 1 pack",
    "COL Price": 33,
    "COL ppu": "$33.00 per 1Ea",
    "COL Size": "1 pack"
  },
  {
    "Brand_Product_Size": "Meredith Dairy Marinated Goats Cheese 550g",
    "COL Price": 20,
    "COL ppu": "$36.36 per 1Kg",
    "COL Size": "550g"
  },
  {
    "Brand_Product_Size": "Go Natural Twisters Strawberry & Apple 180g",
    "COL Price": 6.5,
    "COL ppu": "$3.61 per 100G",
    "COL Size": "180g"
  },
  {
    "Brand_Product_Size": "Colgate Sensitive Pro Relief Multiprotection Toothpaste 110g",
    "COL Price": 10,
    "COL ppu": "$9.09 per 100G",
    "COL Size": "110g"
  },
  {
    "Brand_Product_Size": "Coles Diet Dry Ginger Ale Sparkling Mixer 1.25L",
    "COL Price": 1,
    "COL ppu": "$0.80 per 1L",
    "COL Size": "1.25L"
  },
  {
    "Brand_Product_Size": "Natural Chip Co. 10 Pack 181g",
    "COL Price": 5.2,
    "COL ppu": "$2.87 per 100G",
    "COL Size": "181g"
  },
  {
    "Brand_Product_Size": "Monster Mango Loco Energy Juice Multipack Cans 500mL 4 pack",
    "COL Price": 12.5,
    "COL ppu": "$6.25 per 1L",
    "COL Size": "4 pack"
  },
  {
    "Brand_Product_Size": "Coles Volumising Combs 2 pack",
    "COL Price": 3.8,
    "COL ppu": "$1.90 per 1Ea",
    "COL Size": "2 pack"
  },
  {
    "Brand_Product_Size": "Coles 2 Blade Disposable Women Razor 10 pack",
    "COL Price": 2,
    "COL ppu": "$0.20 per 1Ea",
    "COL Size": "10 pack"
  },
  {
    "Brand_Product_Size": "Sukin Volumising Conditioner 500mL",
    "COL Price": 18,
    "COL ppu": "$3.60 per 100mL",
    "COL Size": "500mL"
  },
  {
    "Brand_Product_Size": "Deli Express Ivans Spinach Sundried Tomato & Feta Quiche 180g",
    "COL Price": 4.5,
    "COL ppu": "$2.50 per 100G",
    "COL Size": "180g"
  },
  {
    "Brand_Product_Size": "Saxa Iodised Cooking Salt 1kg",
    "COL Price": 1.85,
    "COL ppu": "$0.02 per 10G",
    "COL Size": "1kg"
  },
  {
    "Brand_Product_Size": "Coles Organic Coconut Flakes 200g",
    "COL Price": 4.4,
    "COL ppu": "$2.20 per 100G",
    "COL Size": "200g"
  },
  {
    "Brand_Product_Size": "The Bar Counter Chocolate Brownie Espresso Energy Bar",
    "COL Price": 2.5,
    "COL ppu": "",
    "COL Size": ""
  },
  {
    "Brand_Product_Size": "MasterFoods Lemon Herb & Garlic Seasoning 46g",
    "COL Price": 3.2,
    "COL ppu": "$0.70 per 10G",
    "COL Size": "46g"
  },
  {
    "Brand_Product_Size": "Cobram Estate Extra Virgin Olive Oil Light Spray 225g",
    "COL Price": 6.5,
    "COL ppu": "$2.89 per 100G",
    "COL Size": "225g"
  },
  {
    "Brand_Product_Size": "Momos Meals Free Range Chicken Stock 500mL",
    "COL Price": 4,
    "COL ppu": "$0.80 per 100mL",
    "COL Size": "500mL"
  },
  {
    "Brand_Product_Size": "Scentilla Plum & Cassis Soy Blend Double Wicked Candle 260g",
    "COL Price": 13,
    "COL ppu": "$5.00 per 100G",
    "COL Size": "260g"
  },
  {
    "Brand_Product_Size": "Only Organic Beef Bolognese Pasta 1-5 Years 220g",
    "COL Price": 3,
    "COL ppu": "$1.36 per 100G",
    "COL Size": "220g"
  },
  {
    "Brand_Product_Size": "My Dog Tasty Kangaroo Dog Food Can 400g",
    "COL Price": 2.2,
    "COL ppu": "$0.55 per 100G",
    "COL Size": "400g"
  },
  {
    "Brand_Product_Size": "Steggles Frozen Classic Crumb Chicken Breast Tenders 1kg",
    "COL Price": 11,
    "COL ppu": "$11.00 per 1Kg",
    "COL Size": "1kg"
  },
  {
    "Brand_Product_Size": "Fairy Ultra Dishwashing Concentrate Liquid Original 495mL",
    "COL Price": 5,
    "COL ppu": "$1.01 per 100mL",
    "COL Size": "495mL"
  },
  {
    "Brand_Product_Size": "King of Shaves Sensitive Shave Gel 150mL",
    "COL Price": 9,
    "COL ppu": "$6.00 per 100mL",
    "COL Size": "150mL"
  },
  {
    "Brand_Product_Size": "Pentavite Oral Liquid Multivitamins with Iron 200mL",
    "COL Price": 21,
    "COL ppu": "$10.50 per 100mL",
    "COL Size": "200mL"
  },
  {
    "Brand_Product_Size": "Coles Butter Cake Mix 340g",
    "COL Price": 0.75,
    "COL ppu": "$0.22 per 100G",
    "COL Size": "340g"
  },
  {
    "Brand_Product_Size": "Coles Kitchen Flatbread Tomato & Pesto 210g",
    "COL Price": 3,
    "COL ppu": "$1.43 per 100G",
    "COL Size": "210g"
  },
  {
    "Brand_Product_Size": "Coles Deli Antipasto Platter Small each",
    "COL Price": 20,
    "COL ppu": "$20.00 per 1Ea",
    "COL Size": "each"
  },
  {
    "Brand_Product_Size": "Coles Thin Black Ponytailers 28 pack",
    "COL Price": 5.6,
    "COL ppu": "$0.20 per 1Ea",
    "COL Size": "28 pack"
  },
  {
    "Brand_Product_Size": "Coles Sweet Chilli Prawn Skewers Made With Aussie Prawns Thawed each",
    "COL Price": 2.5,
    "COL ppu": "$2.50 per 1Ea",
    "COL Size": "each"
  },
  {
    "Brand_Product_Size": "Coles Premium Strawberry Jam 345g",
    "COL Price": 2.35,
    "COL ppu": "$0.68 per 100G",
    "COL Size": "345g"
  },
  {
    "Brand_Product_Size": "Cadbury Bitesize Old Gold Peanut & Honeycomb 120g",
    "COL Price": 4,
    "COL ppu": "$3.33 per 100G",
    "COL Size": "120g"
  },
  {
    "Brand_Product_Size": "Simon Johnson Dark Chocolate Salted Butter Caramels 125g",
    "COL Price": 13.5,
    "COL ppu": "$10.80 per 100G",
    "COL Size": "125g"
  },
  {
    "Brand_Product_Size": "Coles Poppy Seeds 150g",
    "COL Price": 2.5,
    "COL ppu": "$16.67 per 1Kg",
    "COL Size": "150g"
  },
  {
    "Brand_Product_Size": "Mirabella Globe LED Downlight GU5.3 6.5 Watt Cool White each",
    "COL Price": 10,
    "COL ppu": "$10.00 per 1Ea",
    "COL Size": "each"
  },
  {
    "Brand_Product_Size": "Coles 3 In 1 Surface Spray Refill 2L",
    "COL Price": 12,
    "COL ppu": "$6.00 per 1L",
    "COL Size": "2L"
  },
  {
    "Brand_Product_Size": "Cook & Dine Chopping Board each",
    "COL Price": 10,
    "COL ppu": "$10.00 per 1Ea",
    "COL Size": "each"
  },
  {
    "Brand_Product_Size": "Coles Lemongrass Sleeved each",
    "COL Price": 3,
    "COL ppu": "$3.00 per 1Ea",
    "COL Size": "each"
  },
  {
    "Brand_Product_Size": "Lindt Lindor Milk Mini Cornet 50g",
    "COL Price": 3.5,
    "COL ppu": "$7.00 per 100G",
    "COL Size": "50g"
  },
  {
    "Brand_Product_Size": "Coles Cream Cheese Spread 245g",
    "COL Price": 2.9,
    "COL ppu": "$11.84 per 1Kg",
    "COL Size": "245g"
  },
  {
    "Brand_Product_Size": "Kleenex Everyday Jumbo 2 Ply Tissues 250 pack",
    "COL Price": 3,
    "COL ppu": "$1.20 per 100Ea",
    "COL Size": "250 pack"
  },
  {
    "Brand_Product_Size": "Hudson's Jackfruit Massaman Curry 250g",
    "COL Price": 6,
    "COL ppu": "$2.40 per 100G",
    "COL Size": "250g"
  },
  {
    "Brand_Product_Size": "Greenies Original Dog Treat Regular 340g",
    "COL Price": 26,
    "COL ppu": "$7.65 per 100G",
    "COL Size": "340g"
  },
  {
    "Brand_Product_Size": "Mortein Rat Kills & Mice Dual Action Baits 4 Pack 60g",
    "COL Price": 8,
    "COL ppu": "$13.33 per 100G",
    "COL Size": "60g"
  },
  {
    "Brand_Product_Size": "Street Kitchen Thai Green Curry 285 gram",
    "COL Price": 5.5,
    "COL ppu": "",
    "COL Size": "285 gram"
  },
  {
    "Brand_Product_Size": "Coles USB- A To Lightning 1M Cable Black 1 pack",
    "COL Price": 17,
    "COL ppu": "$17.00 per 1ea",
    "COL Size": "1 pack"
  },
  {
    "Brand_Product_Size": "Coles Plain Rice Crackers 100g",
    "COL Price": 0.9,
    "COL ppu": "$0.90 per 100G",
    "COL Size": "100g"
  },
  {
    "Brand_Product_Size": "Multix Greener Plant Based Sandwich Bags 30 pack",
    "COL Price": 3.1,
    "COL ppu": "$0.10 per 1Ea",
    "COL Size": "30 pack"
  },
  {
    "Brand_Product_Size": "Coles Chicken Flavoured Instant Noodles Cup 70g",
    "COL Price": 0.75,
    "COL ppu": "$1.07 per 100G",
    "COL Size": "70g"
  },
  {
    "Brand_Product_Size": "Yaru Sparkling Spring Water 500mL",
    "COL Price": 1.65,
    "COL ppu": "$3.30 per 1L",
    "COL Size": "500mL"
  },
  {
    "Brand_Product_Size": "Coles Fresh Chillies Mixed 200g",
    "COL Price": 6,
    "COL ppu": "$30.00 per 1Kg",
    "COL Size": "200g"
  },
  {
    "Brand_Product_Size": "Crest Compact Push Lights 2 pack",
    "COL Price": 10,
    "COL ppu": "$10.00 per 1KGM",
    "COL Size": "2 pack"
  },
  {
    "Brand_Product_Size": "Simson's Pantry Premium White Wraps 180g",
    "COL Price": 2.3,
    "COL ppu": "$1.28 per 100G",
    "COL Size": "180g"
  },
  {
    "Brand_Product_Size": "Hydralyte Tablets Orange 10 pack",
    "COL Price": 8,
    "COL ppu": "$0.80 per 1Ea",
    "COL Size": "10 pack"
  },
  {
    "Brand_Product_Size": "Simply 7 Lentil Chips Honey Soy Chicken 113g",
    "COL Price": 5.25,
    "COL ppu": "$4.65 per 100G",
    "COL Size": "113g"
  },
  {
    "Brand_Product_Size": "Raid One Shot Insect Kill Flying Double Nozzle 320g",
    "COL Price": 6,
    "COL ppu": "$1.88 per 100G",
    "COL Size": "320g"
  },
  {
    "Brand_Product_Size": "Dilmah Pure Ceylon Premium Tea Bags 100 pack 200g",
    "COL Price": 5.5,
    "COL ppu": "$0.06 per 1Ea",
    "COL Size": "200g"
  },
  {
    "Brand_Product_Size": "Anna Lentils 6x420g 2.52kg",
    "COL Price": 4,
    "COL ppu": "$1.59 per 1Kg",
    "COL Size": "2.52kg"
  },
  {
    "Brand_Product_Size": "Restaurant Collection Roasted Honey Glazed Cumin Carrots 320g",
    "COL Price": 8,
    "COL ppu": "$2.50 per 100G",
    "COL Size": "320g"
  },
  {
    "Brand_Product_Size": "Deli Express Ivans Spinach Sundried Tomato & Feta Quiche 180g",
    "COL Price": 4.5,
    "COL ppu": "$2.50 per 100G",
    "COL Size": "180g"
  },
  {
    "Brand_Product_Size": "Coles Deli Express Honey Ham 150g",
    "COL Price": 5.3,
    "COL ppu": "$35.34 per 1Ea",
    "COL Size": "150g"
  },
  {
    "Brand_Product_Size": "Meat Servery Beef Porterhouse Grain Fed approx. 365g",
    "COL Price": 15.695,
    "COL ppu": "$43.00 per 1Kg",
    "COL Size": "approx. 365g"
  },
  {
    "Brand_Product_Size": "Pandaroo Chilli Flakes Crushed 75g",
    "COL Price": 2.05,
    "COL ppu": "$2.73 per 100G",
    "COL Size": "75g"
  },
  {
    "Brand_Product_Size": "VS Sassoon Ceramic Slim- Lite Straightener 1 pack",
    "COL Price": 26,
    "COL ppu": "$26.00 per 1Ea",
    "COL Size": "1 pack"
  },
  {
    "Brand_Product_Size": "Fluffy Spice Allure Concentrated Fabric Softener 2L",
    "COL Price": 6.5,
    "COL ppu": "$3.25 per 1L",
    "COL Size": "2L"
  },
  {
    "Brand_Product_Size": "Starburst Fruit Chews Party Pack 1kg",
    "COL Price": 12.5,
    "COL ppu": "$1.25 per 100G",
    "COL Size": "1kg"
  },
  {
    "Brand_Product_Size": "L'Oreal Casting Creme Gloss Medium Brown Hair Colour each",
    "COL Price": 12.8,
    "COL ppu": "$12.80 per 1Ea",
    "COL Size": "each"
  },
  {
    "Brand_Product_Size": "Rio Minis Magic Vanilla Crunch Ice Cream 360g",
    "COL Price": 11,
    "COL ppu": "$3.06 per 100G",
    "COL Size": "360g"
  },
  {
    "Brand_Product_Size": "Ritz Snackz Tasty Cheddar Cheese Crackers 100g",
    "COL Price": 2,
    "COL ppu": "$2.00 per 100G",
    "COL Size": "100g"
  },
  {
    "Brand_Product_Size": "Old El Paso Enchilada Cooking Sauce Mild 375g",
    "COL Price": 4.15,
    "COL ppu": "$1.11 per 100G",
    "COL Size": "375g"
  },
  {
    "Brand_Product_Size": "Don Melosi Premium Leg Ham approx.125g",
    "COL Price": 2.875,
    "COL ppu": "$23.00 per 1Kg",
    "COL Size": "approx.125g"
  },
  {
    "Brand_Product_Size": "Carman's Classic Fruit & Nut Muesli Bars 6 pack 270g",
    "COL Price": 6,
    "COL ppu": "$2.22 per 100G",
    "COL Size": "270g"
  },
  {
    "Brand_Product_Size": "Mix Fuller Figure Tights 70 Denier Black Size 2 1 pack",
    "COL Price": 8,
    "COL ppu": "$8.00 per 1Ea",
    "COL Size": "1 pack"
  },
  {
    "Brand_Product_Size": "Coles Natural Spring Water 600mL 6 pack",
    "COL Price": 3.6,
    "COL ppu": "$1.00 per 1L",
    "COL Size": "6 pack"
  },
  {
    "Brand_Product_Size": "Coles So Soft 3 Ply Double Length Toilet Tissue 4 Rolls 1 pack",
    "COL Price": 3.7,
    "COL ppu": "$0.24 per 100Ea",
    "COL Size": "1 pack"
  },
  {
    "Brand_Product_Size": "Pringles Original Salted Stacked Potato Chips 53g",
    "COL Price": 1.5,
    "COL ppu": "$2.83 per 100G",
    "COL Size": "53g"
  },
  {
    "Brand_Product_Size": "Coles Honey Cashews 350g",
    "COL Price": 8,
    "COL ppu": "$22.86 per 1Kg",
    "COL Size": "350g"
  },
  {
    "Brand_Product_Size": "Arnott's Chicken Crimpy Shapes 175g",
    "COL Price": 3.2,
    "COL ppu": "$1.83 per 100G",
    "COL Size": "175g"
  },
  {
    "Brand_Product_Size": "Coles MSC Thawed Raw Banana Prawns approx. 250g",
    "COL Price": 5.5,
    "COL ppu": "$22.00 per 1Kg",
    "COL Size": "approx. 250g"
  },
  {
    "Brand_Product_Size": "Schwarzkopf Dark Blonde Hair Mascara 1 pack",
    "COL Price": 22,
    "COL ppu": "$22.00 per 1Ea",
    "COL Size": "1 pack"
  },
  {
    "Brand_Product_Size": "Only Organic Mango & Yoghurt Brekkie Baby Food Pouch 8+ Months 120g",
    "COL Price": 2,
    "COL ppu": "$1.67 per 100G",
    "COL Size": "120g"
  },
  {
    "Brand_Product_Size": "Nescafe Farmers Origins Africa Ristretto Capsules 10 pack",
    "COL Price": 6.2,
    "COL ppu": "$0.62 per 1Ea",
    "COL Size": "10 pack"
  },
  {
    "Brand_Product_Size": "Sara Lee Frozen Sticky Date Pudding 475g",
    "COL Price": 5,
    "COL ppu": "$1.05 per 100G",
    "COL Size": "475g"
  },
  {
    "Brand_Product_Size": "Sanitarium So Good Long Life Unsweetened Almond & Coconut Milk 1L",
    "COL Price": 2.7,
    "COL ppu": "$2.70 per 1L",
    "COL Size": "1L"
  },
  {
    "Brand_Product_Size": "Coles Sliced Beetroot 825g",
    "COL Price": 2,
    "COL ppu": "$2.42 per 1Kg",
    "COL Size": "825g"
  },
  {
    "Brand_Product_Size": "Coles Seafood Smoked Rainbow Trout approx. 350g",
    "COL Price": 9.8,
    "COL ppu": "$28.00 per 1Kg",
    "COL Size": "approx. 350g"
  },
  {
    "Brand_Product_Size": "Pilpel Taramosalata Dip 180g",
    "COL Price": 6,
    "COL ppu": "$3.33 per 100G",
    "COL Size": "180g"
  },
  {
    "Brand_Product_Size": "I&J Raw Prawns Tail Off 500g",
    "COL Price": 19,
    "COL ppu": "$3.80 per 100G",
    "COL Size": "500g"
  },
  {
    "Brand_Product_Size": "Naturally Wild Products Australian Bison Sausages 300g",
    "COL Price": 9,
    "COL ppu": "$30.00 per 1Kg",
    "COL Size": "300g"
  },
  {
    "Brand_Product_Size": "Solo Lemon Flavour Multipack Cans 375mL 10 pack",
    "COL Price": 7.5,
    "COL ppu": "$2.00 per 1L",
    "COL Size": "10 pack"
  },
  {
    "Brand_Product_Size": "BSC Nitrobulk Build Muscle Protein Chocolate Fudge Powder 500g",
    "COL Price": 25,
    "COL ppu": "$5.00 per 100G",
    "COL Size": "500g"
  },
  {
    "Brand_Product_Size": "Finish Quantum Ultimate Lemon Dishwasher Tablets 18 pack",
    "COL Price": 10,
    "COL ppu": "$0.56 per 1Ea",
    "COL Size": "18 pack"
  },
  {
    "Brand_Product_Size": "Dynamo Profession Odour Eliminator Liquid 1.8L",
    "COL Price": 20,
    "COL ppu": "$11.11 per 1L",
    "COL Size": "1.8L"
  },
  {
    "Brand_Product_Size": "Coles Made Easy Slow Cooked Beef Ragu In Tomato Sauce 750g",
    "COL Price": 15.5,
    "COL ppu": "$20.67 per 1Kg",
    "COL Size": "750g"
  },
  {
    "Brand_Product_Size": "Coles BBQ Pack 1kg",
    "COL Price": 10,
    "COL ppu": "$10.00 per 1Kg",
    "COL Size": "1kg"
  },
  {
    "Brand_Product_Size": "Wiltshire Flexible Muffin Pan 6 Cup each",
    "COL Price": 12,
    "COL ppu": "",
    "COL Size": "each"
  },
  {
    "Brand_Product_Size": "Coles Breakfast Marmalade 460g",
    "COL Price": 1.3,
    "COL ppu": "$0.26 per 100G",
    "COL Size": "460g"
  },
  {
    "Brand_Product_Size": "Bega Peanut Butter Smooth 2kg",
    "COL Price": 16.5,
    "COL ppu": "$0.83 per 100G",
    "COL Size": "2kg"
  },
  {
    "Brand_Product_Size": "Ultimates Indulge Whitemeat Tuna With Flaked Salmon 85g",
    "COL Price": 1.2,
    "COL ppu": "$1.41 per 100G",
    "COL Size": "85g"
  },
  {
    "Brand_Product_Size": "Vetta Smart Fibre Aussie Shapes 500g",
    "COL Price": 2,
    "COL ppu": "$0.40 per 100G",
    "COL Size": "500g"
  },
  {
    "Brand_Product_Size": "Lady Jayne Detangling Brush Large each",
    "COL Price": 15,
    "COL ppu": "$15.00 per 1Ea",
    "COL Size": "each"
  },
  {
    "Brand_Product_Size": "Keep It Cleaner Vegan Health Balls Coconut & Vanilla 120g",
    "COL Price": 7.5,
    "COL ppu": "$6.25 per 100G",
    "COL Size": "120g"
  },
  {
    "Brand_Product_Size": "Blu Gourmet Pearl Couscous 400g",
    "COL Price": 5,
    "COL ppu": "$1.25 per 100G",
    "COL Size": "400g"
  },
  {
    "Brand_Product_Size": "Solo Lemon Flavour Multipack Cans 375mL 10 pack",
    "COL Price": 7.5,
    "COL ppu": "$2.00 per 1L",
    "COL Size": "10 pack"
  },
  {
    "Brand_Product_Size": "Libra 2 In 1 Double liners 20 pack",
    "COL Price": 1.89,
    "COL ppu": "$0.09 per 1Ea",
    "COL Size": "20 pack"
  },
  {
    "Brand_Product_Size": "Ottogi Gochujang Hot Pepper Paste 170g",
    "COL Price": 2.8,
    "COL ppu": "$1.65 per 100G",
    "COL Size": "170g"
  },
  {
    "Brand_Product_Size": "Vicks Baby Balsam Decongestant Chest Rub 50g",
    "COL Price": 9,
    "COL ppu": "$18.00 per 100G",
    "COL Size": "50g"
  },
  {
    "Brand_Product_Size": "Golden Circle Tropical Pieces Pineapple in Juice Canned 425g",
    "COL Price": 2.5,
    "COL ppu": "$5.88 per 1Kg",
    "COL Size": "425g"
  },
  {
    "Brand_Product_Size": "Coles Cauliflower Cheese Parcel 320g",
    "COL Price": 9,
    "COL ppu": "$2.81 per 100G",
    "COL Size": "320g"
  },
  {
    "Brand_Product_Size": "Oc Naturals Dry Moisture Shampoo 400mL",
    "COL Price": 3.5,
    "COL ppu": "$0.88 per 100mL",
    "COL Size": "400mL"
  },
  {
    "Brand_Product_Size": "Golden Circle Pine Orange Fruit Drink Multipack 250mL 6 pack",
    "COL Price": 4.5,
    "COL ppu": "$3.00 per 1L",
    "COL Size": "6 pack"
  },
  {
    "Brand_Product_Size": "Pringles Sour Cream & Onion Potato Chips 134g",
    "COL Price": 2,
    "COL ppu": "$1.49 per 100G",
    "COL Size": "134g"
  },
  {
    "Brand_Product_Size": "Manicare Eyes Expert Brush 3 pack",
    "COL Price": 22,
    "COL ppu": "$7.33 per 1Ea",
    "COL Size": "3 pack"
  },
  {
    "Brand_Product_Size": "Oak Iced Coffee Flavoured Milk 2L",
    "COL Price": 4.5,
    "COL ppu": "$2.25 per 1L",
    "COL Size": "2L"
  },
  {
    "Brand_Product_Size": "Wicked Sisters Strawberry Panacotta 2x150g 300g",
    "COL Price": 4.2,
    "COL ppu": "$1.40 per 100G",
    "COL Size": "300g"
  },
  {
    "Brand_Product_Size": "Pantene Long & Strong Conditioner 375mL",
    "COL Price": 8,
    "COL ppu": "$2.13 per 100mL",
    "COL Size": "375mL"
  },
  {
    "Brand_Product_Size": "Coles Lactose Free Uht Low Fat Milk 1L",
    "COL Price": 1.7,
    "COL ppu": "$1.70 per 1L",
    "COL Size": "1L"
  },
  {
    "Brand_Product_Size": "Bundaberg Sarsaparilla Multipack Bottles 375mL 4 pack",
    "COL Price": 6.35,
    "COL ppu": "$4.23 per 1L",
    "COL Size": "4 pack"
  },
  {
    "Brand_Product_Size": "Eulactol Gold Heel Balm 60mL",
    "COL Price": 15,
    "COL ppu": "$25.00 per 100mL",
    "COL Size": "60mL"
  },
  {
    "Brand_Product_Size": "Bakers Tennis Biscuits 200g",
    "COL Price": 3.5,
    "COL ppu": "$1.75 per 100G",
    "COL Size": "200g"
  },
  {
    "Brand_Product_Size": "Coles Replacement Brush Heads Sensitive 2 pack",
    "COL Price": 10,
    "COL ppu": "$5.00 per 1Ea",
    "COL Size": "2 pack"
  },
  {
    "Brand_Product_Size": "Coles Tiramisu Pot 2 pack",
    "COL Price": 5,
    "COL ppu": "$2.50 per 1Ea",
    "COL Size": "2 pack"
  },
  {
    "Brand_Product_Size": "Rascal And Friends Sensitive 80 Wipes 1 pack",
    "COL Price": 5,
    "COL ppu": "$5.00 per 1Ea",
    "COL Size": "1 pack"
  },
  {
    "Brand_Product_Size": "Chobani Vanilla Yoghurt Pouch 140g",
    "COL Price": 2.25,
    "COL ppu": "$1.61 per 100G",
    "COL Size": "140g"
  },
  {
    "Brand_Product_Size": "Coles Gluten Free Kids Cheeky Choc Monkey Biscuits 150g",
    "COL Price": 3.5,
    "COL ppu": "$2.33 per 100G",
    "COL Size": "150g"
  },
  {
    "Brand_Product_Size": "Steggles Frozen Hot & Spicy Chicken Breast Tenders 400g",
    "COL Price": 9,
    "COL ppu": "$22.50 per 1Kg",
    "COL Size": "400g"
  },
  {
    "Brand_Product_Size": "Jalna Pot Set Coconut Yoghurt 1kg",
    "COL Price": 7.5,
    "COL ppu": "$0.75 per 100G",
    "COL Size": "1kg"
  },
  {
    "Brand_Product_Size": "Nature's Way Slim Right Strawberry Weight Loss Drink Powder 375g",
    "COL Price": 14.5,
    "COL ppu": "$14.50 per 1Ea",
    "COL Size": "375g"
  },
  {
    "Brand_Product_Size": "Tempo Mozzarella Cheese 1kg",
    "COL Price": 21,
    "COL ppu": "$21.00 per 1Kg",
    "COL Size": "1kg"
  },
  {
    "Brand_Product_Size": "Super Nature Moroccan Chicken Tagine & Super Couscous 350g",
    "COL Price": 9,
    "COL ppu": "$2.57 per 100G",
    "COL Size": "350g"
  },
  {
    "Brand_Product_Size": "Cook & Dine Collapsible Strainer each",
    "COL Price": 8,
    "COL ppu": "$8.00 per 1Ea",
    "COL Size": "each"
  },
  {
    "Brand_Product_Size": "LPO Renew Age Defence Day Cream SPF 15 50mL",
    "COL Price": 16.8,
    "COL ppu": "$33.60 per 100mL",
    "COL Size": "50mL"
  },
  {
    "Brand_Product_Size": "Shneider's Yo Mix Crackers 350g",
    "COL Price": 5.4,
    "COL ppu": "$1.54 per 100G",
    "COL Size": "350g"
  },
  {
    "Brand_Product_Size": "Cook & Dine Red Plastic Cups 200mL 20 pack",
    "COL Price": 3,
    "COL ppu": "$0.15 per 1Ea",
    "COL Size": "20 pack"
  },
  {
    "Brand_Product_Size": "Coles Garlic Bulb Prepack 4 pack",
    "COL Price": 2.5,
    "COL ppu": "$0.63 per 1Ea",
    "COL Size": "4 pack"
  },
  {
    "Brand_Product_Size": "Australian Gold Creamy Camembert Cheese 115g",
    "COL Price": 3.6,
    "COL ppu": "$31.30 per 1Kg",
    "COL Size": "115g"
  },
  {
    "Brand_Product_Size": "Hershey's Strawberry Flavour Syrup 623g",
    "COL Price": 4,
    "COL ppu": "$0.64 per 100G",
    "COL Size": "623g"
  },
  {
    "Brand_Product_Size": "Smith's Baked Sour Cream & Chives 40g",
    "COL Price": 1.5,
    "COL ppu": "$3.75 per 100G",
    "COL Size": "40g"
  },
  {
    "Brand_Product_Size": "Decor Go Dressing Tubs 35mL 6 pack",
    "COL Price": 4.5,
    "COL ppu": "$0.75 per 1Ea",
    "COL Size": "6 pack"
  },
  {
    "Brand_Product_Size": "Chux Heavy Duty Roll 25 pack",
    "COL Price": 7,
    "COL ppu": "$0.28 per 1Ea",
    "COL Size": "25 pack"
  },
  {
    "Brand_Product_Size": "Mainland Pure Butter Unsalted 250g",
    "COL Price": 4.5,
    "COL ppu": "$1.80 per 100G",
    "COL Size": "250g"
  },
  {
    "Brand_Product_Size": "Coles Kitchen Black Bean Chicken & Egg Fried Rice 350g",
    "COL Price": 6.5,
    "COL ppu": "$1.86 per 100G",
    "COL Size": "350g"
  },
  {
    "Brand_Product_Size": "L'Oreal Paris Revitalift Serum Concentrated 30mL",
    "COL Price": 23.1,
    "COL ppu": "$77.00 per 100mL",
    "COL Size": "30mL"
  },
  {
    "Brand_Product_Size": "Dollar Sweets 100s & 1000s 190g",
    "COL Price": 2,
    "COL ppu": "$1.05 per 100G",
    "COL Size": "190g"
  },
  {
    "Brand_Product_Size": "Prochef Canola Oil Spray 400g",
    "COL Price": 3,
    "COL ppu": "$0.75 per 100G",
    "COL Size": "400g"
  },
  {
    "Brand_Product_Size": "Sof Comfort Sneaker Balls 1 pair",
    "COL Price": 6,
    "COL ppu": "",
    "COL Size": "1 pair"
  },
  {
    "Brand_Product_Size": "Rimmel Lasting Finish Foundation Natural Beige 30mL",
    "COL Price": 11.4,
    "COL ppu": "$3.80 per 10mL",
    "COL Size": "30mL"
  },
  {
    "Brand_Product_Size": "Chobani Fit Strawberry Yoghurt Pouch 140g",
    "COL Price": 1.5,
    "COL ppu": "$1.07 per 100G",
    "COL Size": "140g"
  },
  {
    "Brand_Product_Size": "Maybelline Dream Radiant Liquid Foundation Nude 30mL",
    "COL Price": 17.5,
    "COL ppu": "$5.83 per 10mL",
    "COL Size": "30mL"
  },
  {
    "Brand_Product_Size": "KB Thawed Seafood Msc Wa Rock Lobster each",
    "COL Price": 22,
    "COL ppu": "$22.00 per 1Ea",
    "COL Size": "each"
  },
  {
    "Brand_Product_Size": "Supercoat True Origin Salmon & Ocean Fish Adult Dry Dog Food 7kg",
    "COL Price": 33,
    "COL ppu": "$4.71 per 1Kg",
    "COL Size": "7kg"
  },
  {
    "Brand_Product_Size": "Lipton Spiced Chai Latte Sachets 16 pack",
    "COL Price": 10,
    "COL ppu": "$0.63 per 1Ea",
    "COL Size": "16 pack"
  },
  {
    "Brand_Product_Size": "Patak's Korma Simmer Sauce Mild 450g",
    "COL Price": 3.5,
    "COL ppu": "$0.78 per 100G",
    "COL Size": "450g"
  },
  {
    "Brand_Product_Size": "Only Good Deodorant Inspire 50mL",
    "COL Price": 10,
    "COL ppu": "$20.00 per 100mL",
    "COL Size": "50mL"
  },
  {
    "Brand_Product_Size": "Kettle Sea Salt & Vinegar Potato Chips 175g",
    "COL Price": 4.65,
    "COL ppu": "$2.66 per 100G",
    "COL Size": "175g"
  },
  {
    "Brand_Product_Size": "Vanish Napisan Oxi Action Crystal White Stain Remover 1kg",
    "COL Price": 8,
    "COL ppu": "$8.00 per 1Kg",
    "COL Size": "1kg"
  },
  {
    "Brand_Product_Size": "Lilydale Chicken Breast Bites Ciabatta & Herb 400g",
    "COL Price": 9.5,
    "COL ppu": "$23.75 per 1Kg",
    "COL Size": "400g"
  },
  {
    "Brand_Product_Size": "Coles Nature's Kitchen Oven Baked Falafel Bites 225g",
    "COL Price": 4,
    "COL ppu": "$1.78 per 100G",
    "COL Size": "225g"
  },
  {
    "Brand_Product_Size": "Biozet Attack Front & Top Loader Regular Laundry Liquid 2L",
    "COL Price": 20,
    "COL ppu": "$10.00 per 1L",
    "COL Size": "2L"
  },
  {
    "Brand_Product_Size": "Impressed Summer Greens Juice 325mL",
    "COL Price": 3.6,
    "COL ppu": "$11.08 per 1L",
    "COL Size": "325mL"
  },
  {
    "Brand_Product_Size": "Guzzi's Traditional Potato Gnocchi 500g",
    "COL Price": 3.4,
    "COL ppu": "$0.68 per 100G",
    "COL Size": "500g"
  },
  {
    "Brand_Product_Size": "Maui Coconut Milk Conditioner 385mL",
    "COL Price": 22,
    "COL ppu": "$5.71 per 100mL",
    "COL Size": "385mL"
  },
  {
    "Brand_Product_Size": "Lee Kum Kee Gluten Free Soya Sauce 250mL",
    "COL Price": 4,
    "COL ppu": "$1.60 per 100mL",
    "COL Size": "250mL"
  },
  {
    "Brand_Product_Size": "Arkadia Vanilla Chai Tea 240g",
    "COL Price": 6.5,
    "COL ppu": "$2.71 per 100G",
    "COL Size": "240g"
  },
  {
    "Brand_Product_Size": "Noshu Double Choc Snackles 110g",
    "COL Price": 6,
    "COL ppu": "$5.45 per 100G",
    "COL Size": "110g"
  },
  {
    "Brand_Product_Size": "MasterFoods Slow Cooker Lamb Casserole Recipe Base 175g",
    "COL Price": 2.2,
    "COL ppu": "$1.26 per 100G",
    "COL Size": "175g"
  },
  {
    "Brand_Product_Size": "Primo Stacker Leg Ham Cheese & Crackers 50g",
    "COL Price": 4,
    "COL ppu": "",
    "COL Size": "50g"
  },
  {
    "Brand_Product_Size": "Liddells Lactose Free Full Cream Milk 1L",
    "COL Price": 2.25,
    "COL ppu": "$2.25 per 1L",
    "COL Size": "1L"
  },
  {
    "Brand_Product_Size": "Ajax Lemon Floor Cleaner 750mL",
    "COL Price": 3.5,
    "COL ppu": "$3.50 per 1Ea",
    "COL Size": "750mL"
  },
  {
    "Brand_Product_Size": "Oral-B Pro100 Gum Care Electric Toothbrush 1 pack",
    "COL Price": 70,
    "COL ppu": "$70.00 per 1Ea",
    "COL Size": "1 pack"
  },
  {
    "Brand_Product_Size": "Vitasoy Soy Barista Milk 1L",
    "COL Price": 4,
    "COL ppu": "$4.00 per 1L",
    "COL Size": "1L"
  },
  {
    "Brand_Product_Size": "Coles Microwave Quinoa Brown Rice 250g",
    "COL Price": 2,
    "COL ppu": "$0.80 per 100G",
    "COL Size": "250g"
  },
  {
    "Brand_Product_Size": "Coles Gluten Free White Wraps 4 pack 200g",
    "COL Price": 5,
    "COL ppu": "$2.50 per 100G",
    "COL Size": "200g"
  },
  {
    "Brand_Product_Size": "Mars M&M's Bucket Peanut 575g",
    "COL Price": 12,
    "COL ppu": "$2.09 per 100G",
    "COL Size": "575g"
  },
  {
    "Brand_Product_Size": "John Frieda Brilliant Brunette Chestnut Espresso Moisturising Conditioner 250mL",
    "COL Price": 16,
    "COL ppu": "$6.40 per 100mL",
    "COL Size": "250mL"
  },
  {
    "Brand_Product_Size": "Flora Margarine Spread Original 500g",
    "COL Price": 2.8,
    "COL ppu": "$0.56 per 100G",
    "COL Size": "500g"
  },
  {
    "Brand_Product_Size": "Old Spice Classic After Shave 125mL",
    "COL Price": 15,
    "COL ppu": "$12.00 per 100mL",
    "COL Size": "125mL"
  },
  {
    "Brand_Product_Size": "Hunt And Brew Ethiopia Cold Brew Black Coffee 250mL",
    "COL Price": 3,
    "COL ppu": "$12.00 per 1L",
    "COL Size": "250mL"
  },
  {
    "Brand_Product_Size": "McCain Delish Golden Ale Flavour Chips 600g",
    "COL Price": 4,
    "COL ppu": "$6.67 per 1Kg",
    "COL Size": "600g"
  },
  {
    "Brand_Product_Size": "Maybelline Colossal Volume Express Classic Black Mascara 9.2mL",
    "COL Price": 14,
    "COL ppu": "$15.22 per 10mL",
    "COL Size": "9.2mL"
  },
  {
    "Brand_Product_Size": "Only Good Hand Wash Refresh 300mL",
    "COL Price": 6,
    "COL ppu": "$2.00 per 100mL",
    "COL Size": "300mL"
  },
  {
    "Brand_Product_Size": "Yumi's Gluten Free Classic Middle Eastern Hommus Mini 3 pack 195g",
    "COL Price": 2.5,
    "COL ppu": "$1.28 per 100G",
    "COL Size": "195g"
  },
  {
    "Brand_Product_Size": "Rascal & Friends Nappy Pants Bulk Walker 26 pack",
    "COL Price": 15,
    "COL ppu": "$0.58 per 1Ea",
    "COL Size": "26 pack"
  },
  {
    "Brand_Product_Size": "Coles Bakery Ultimate White Chocolate Chip Cookie 6 pack",
    "COL Price": 3,
    "COL ppu": "$0.50 per 1Ea",
    "COL Size": "6 pack"
  },
  {
    "Brand_Product_Size": "Cypriana Haloumi Block 750g",
    "COL Price": 17,
    "COL ppu": "$22.67 per 1Kg",
    "COL Size": "750g"
  },
  {
    "Brand_Product_Size": "Bega Almond Spread Crunchy 325g",
    "COL Price": 5,
    "COL ppu": "$1.54 per 100G",
    "COL Size": "325g"
  },
  {
    "Brand_Product_Size": "Coles Gyros 4 Pack 300g",
    "COL Price": 2.7,
    "COL ppu": "$0.90 per 100G",
    "COL Size": "300g"
  },
  {
    "Brand_Product_Size": "Coca-Cola Vanilla Flavour Coke 1.25L",
    "COL Price": 3.15,
    "COL ppu": "$2.52 per 1L",
    "COL Size": "1.25L"
  },
  {
    "Brand_Product_Size": "Kewpie Mayonnaise Yuzu Flavour 300g",
    "COL Price": 4.7,
    "COL ppu": "$1.57 per 100G",
    "COL Size": "300g"
  },
  {
    "Brand_Product_Size": "Gravox Supreme Gravy Mix 425g",
    "COL Price": 4.45,
    "COL ppu": "$0.10 per 10G",
    "COL Size": "425g"
  },
  {
    "Brand_Product_Size": "Nerada Tea Bags 50 pack 100g",
    "COL Price": 2.5,
    "COL ppu": "$2.50 per 100G",
    "COL Size": "100g"
  },
  {
    "Brand_Product_Size": "Ogx Tame & Shine Cream Argan Oil Of Morocco 177mL",
    "COL Price": 21,
    "COL ppu": "$11.86 per 100mL",
    "COL Size": "177mL"
  },
  {
    "Brand_Product_Size": "Steggles Frozen Sweet Chilli Chicken Tenders 1kg",
    "COL Price": 11,
    "COL ppu": "$11.00 per 1Kg",
    "COL Size": "1kg"
  },
  {
    "Brand_Product_Size": "Mother Earth Almond Honey Baked Oaty Slices 240g",
    "COL Price": 3,
    "COL ppu": "$1.25 per 100G",
    "COL Size": "240g"
  },
  {
    "Brand_Product_Size": "OB Finest Sourdough Crispbread Fig 110g",
    "COL Price": 5,
    "COL ppu": "$4.55 per 100G",
    "COL Size": "110g"
  },
  {
    "Brand_Product_Size": "Coles Interdental Brushes 0.45mm 10 pack",
    "COL Price": 3.75,
    "COL ppu": "$0.38 per 1Ea",
    "COL Size": "10 pack"
  },
  {
    "Brand_Product_Size": "Coles Premium Raspberry Jam 345g",
    "COL Price": 2.35,
    "COL ppu": "$0.68 per 100G",
    "COL Size": "345g"
  },
  {
    "Brand_Product_Size": "Jalna Farm To Pot Organic Yoghourt Strawberry 170g",
    "COL Price": 2.4,
    "COL ppu": "$1.41 per 100G",
    "COL Size": "170g"
  },
  {
    "Brand_Product_Size": "BHG Puzzles each",
    "COL Price": 9.99,
    "COL ppu": "$9.99 per 1Ea",
    "COL Size": "each"
  },
  {
    "Brand_Product_Size": "McCain Frozen Superfries Shoestring Potato Chips 900g",
    "COL Price": 3,
    "COL ppu": "$3.33 per 1Kg",
    "COL Size": "900g"
  },
  {
    "Brand_Product_Size": "Magnum Luxe Ice Cream Gold Caramelised Chocolate Tub 440mL",
    "COL Price": 9,
    "COL ppu": "$2.05 per 100mL",
    "COL Size": "440mL"
  },
  {
    "Brand_Product_Size": "Erawan Tapioca Starch 500g",
    "COL Price": 1,
    "COL ppu": "$0.20 per 100G",
    "COL Size": "500g"
  },
  {
    "Brand_Product_Size": "Shabbat Shalom Serviettes 1 pack",
    "COL Price": 5.45,
    "COL ppu": "$5.45 per 1Ea",
    "COL Size": "1 pack"
  },
  {
    "Brand_Product_Size": "Clairol Natural Instincts 5 Hazelnut Medium Brown Hair Colour 1 pack",
    "COL Price": 12.8,
    "COL ppu": "$12.80 per 1Ea",
    "COL Size": "1 pack"
  },
  {
    "Brand_Product_Size": "Coles Brushed Baby Potato 1kg",
    "COL Price": 3,
    "COL ppu": "$3.00 per 1Kg",
    "COL Size": "1kg"
  },
  {
    "Brand_Product_Size": "Coles Beechwood Smoked Boneless Leg Ham 800g",
    "COL Price": 15,
    "COL ppu": "$18.75 per 1Kg",
    "COL Size": "800g"
  },
  {
    "Brand_Product_Size": "Mersey Valley Pickled Onion Cheddar Cheese 235g",
    "COL Price": 5.5,
    "COL ppu": "$23.41 per 1Kg",
    "COL Size": "235g"
  },
  {
    "Brand_Product_Size": "Tetley Decaffeinated Green Tea Bags 50 pack 87.5g",
    "COL Price": 3,
    "COL ppu": "$3.43 per 100G",
    "COL Size": "87.5g"
  },
  {
    "Brand_Product_Size": "Original Juice Co. Apple Carrot & Ginger Juice 350mL",
    "COL Price": 3,
    "COL ppu": "$8.57 per 1L",
    "COL Size": "350mL"
  },
  {
    "Brand_Product_Size": "Coles Bacon Streaky 200g",
    "COL Price": 6,
    "COL ppu": "$30.00 per 1Kg",
    "COL Size": "200g"
  },
  {
    "Brand_Product_Size": "Coles Dried Apple Slices 200g",
    "COL Price": 4,
    "COL ppu": "$2.00 per 100G",
    "COL Size": "200g"
  },
  {
    "Brand_Product_Size": "Coles Deli Snack BBQ Pasta Salad each",
    "COL Price": 3,
    "COL ppu": "$3.00 per 1Ea",
    "COL Size": "each"
  },
  {
    "Brand_Product_Size": "Coles Bakery Ultimate Chocolate Chip Cookie 6 pack",
    "COL Price": 3,
    "COL ppu": "$0.50 per 1Ea",
    "COL Size": "6 pack"
  },
  {
    "Brand_Product_Size": "Coles Deli Shaved Hans Milano Loin Ham approx. 125g",
    "COL Price": 3.375,
    "COL ppu": "$27.00 per 1Kg",
    "COL Size": "approx. 125g"
  },
  {
    "Brand_Product_Size": "Kewpie Mayonnaise 1 kg",
    "COL Price": 9.5,
    "COL ppu": "$0.95 per 100G",
    "COL Size": "1 kg"
  },
  {
    "Brand_Product_Size": "Coles Beef Flavoured Instant Noodles Cup 70g",
    "COL Price": 0.75,
    "COL ppu": "$1.07 per 100G",
    "COL Size": "70g"
  },
  {
    "Brand_Product_Size": "Obento Sushi Bamboo Mat each",
    "COL Price": 2.1,
    "COL ppu": "$2.10 per 1Ea",
    "COL Size": "each"
  },
  {
    "Brand_Product_Size": "Schwarzkopf Extra Care Liquid Silk Shampoo 400mL",
    "COL Price": 6.9,
    "COL ppu": "$1.73 per 100mL",
    "COL Size": "400mL"
  },
  {
    "Brand_Product_Size": "L'Oreal Paris Age Perfect Light Creme Blonde 9.13 Hair Colour 1 pack",
    "COL Price": 20,
    "COL ppu": "$20.00 per 1Ea",
    "COL Size": "1 pack"
  },
  {
    "Brand_Product_Size": "Soletti Pretzels Cocktail Duo Mix 160g",
    "COL Price": 1.9,
    "COL ppu": "$1.19 per 100G",
    "COL Size": "160g"
  },
  {
    "Brand_Product_Size": "Unicorn Classic Double Brie 125g",
    "COL Price": 3.5,
    "COL ppu": "$28.00 per 1Kg",
    "COL Size": "125g"
  },
  {
    "Brand_Product_Size": "Primo Pork Roast Seasoned approx. 125g",
    "COL Price": 2.5,
    "COL ppu": "$20.00 per 1Kg",
    "COL Size": "approx. 125g"
  },
  {
    "Brand_Product_Size": "Coles Deli Mediterranean Olives approx. 130g each",
    "COL Price": 2.6,
    "COL ppu": "$20.00 per 1Kg",
    "COL Size": "approx. 130g each"
  },
  {
    "Brand_Product_Size": "Schmackos BBQ Chicken Satay Stick Dog Treat 90g",
    "COL Price": 4.8,
    "COL ppu": "$5.33 per 100G",
    "COL Size": "90g"
  },
  {
    "Brand_Product_Size": "Uncle Tobys Raspberry Goji & White Choc Bars 5pack 175g",
    "COL Price": 5,
    "COL ppu": "$2.86 per 100G",
    "COL Size": "175g"
  },
  {
    "Brand_Product_Size": "Connoisseur Mint With Cookies Gourmet Ice Cream Sticks 4 Pack 455mL",
    "COL Price": 8.6,
    "COL ppu": "$1.89 per 100mL",
    "COL Size": "455mL"
  },
  {
    "Brand_Product_Size": "Palmolive Luminous Oils Rejuvenating Shower Gel 400mL",
    "COL Price": 6,
    "COL ppu": "$1.50 per 100mL",
    "COL Size": "400mL"
  },
  {
    "Brand_Product_Size": "Nestle Milo Plant Based Chocolate Malt Powder Drink 395g",
    "COL Price": 7,
    "COL ppu": "$1.77 per 100G",
    "COL Size": "395g"
  },
  {
    "Brand_Product_Size": "Orchy Passionfruit Nectar Drink Chilled 3L",
    "COL Price": 6.55,
    "COL ppu": "$2.18 per 1L",
    "COL Size": "3L"
  },
  {
    "Brand_Product_Size": "Coles Deli Salads Tub Jumbo Classic Coleslaw each",
    "COL Price": 10,
    "COL ppu": "$10.00 per 1Ea",
    "COL Size": "each"
  },
  {
    "Brand_Product_Size": "Rascal & Friends Nappy Pants Toddler Jumbo 56 pack",
    "COL Price": 27,
    "COL ppu": "$0.48 per 1Ea",
    "COL Size": "56 pack"
  },
  {
    "Brand_Product_Size": "Jarrah Brazilian Latte Coffee 250g",
    "COL Price": 3.5,
    "COL ppu": "$1.40 per 100G",
    "COL Size": "250g"
  },
  {
    "Brand_Product_Size": "Whittaker's Toasted Coconut Slab Milk Chocolate Bar 50g",
    "COL Price": 1,
    "COL ppu": "$2.00 per 100G",
    "COL Size": "50g"
  },
  {
    "Brand_Product_Size": "UFC Bean Sprouts 410g",
    "COL Price": 2.3,
    "COL ppu": "$0.56 per 100G",
    "COL Size": "410g"
  },
  {
    "Brand_Product_Size": "Curash Baby Care 2 In 1 Shampoo & Conditioner 400mL",
    "COL Price": 7,
    "COL ppu": "$1.75 per 100mL",
    "COL Size": "400mL"
  },
  {
    "Brand_Product_Size": "Coles Kids Total Power Battery Toothbrush 1 each",
    "COL Price": 10,
    "COL ppu": "",
    "COL Size": "1 each"
  },
  {
    "Brand_Product_Size": "Coles Indian Roti Plain 6 Pack 280g",
    "COL Price": 2.7,
    "COL ppu": "$0.96 per 100G",
    "COL Size": "280g"
  },
  {
    "Brand_Product_Size": "Purr Tasty Tuna Whitemeat Cat Food 85g",
    "COL Price": 1,
    "COL ppu": "$1.18 per 100G",
    "COL Size": "85g"
  },
  {
    "Brand_Product_Size": "Campbell's Chunky Peppered Steak & Potato Beef Soup 505g",
    "COL Price": 3.5,
    "COL ppu": "$0.69 per 100G",
    "COL Size": "505g"
  },
  {
    "Brand_Product_Size": "Coles RSPCA Approved Chicken Breast Middle Eastern Rub 600g",
    "COL Price": 12.5,
    "COL ppu": "$2.08 per 100G",
    "COL Size": "600g"
  },
  {
    "Brand_Product_Size": "Golden Circle Lime Cordial 2L",
    "COL Price": 3,
    "COL ppu": "$1.50 per 1L",
    "COL Size": "2L"
  },
  {
    "Brand_Product_Size": "Natvia Topping Salted Caramel 250mL",
    "COL Price": 5.7,
    "COL ppu": "$2.28 per 100mL",
    "COL Size": "250mL"
  },
  {
    "Brand_Product_Size": "Arnott's Teddy Bear Biscuits 250g",
    "COL Price": 3,
    "COL ppu": "$1.20 per 100G",
    "COL Size": "250g"
  },
  {
    "Brand_Product_Size": "Pop Tops Orange Fruit Drink Multipack 250mL 6 pack",
    "COL Price": 4.9,
    "COL ppu": "$0.82 per 1Ea",
    "COL Size": "6 pack"
  },
  {
    "Brand_Product_Size": "Mersey Valley Original Cheddar Cheese 235g",
    "COL Price": 5.5,
    "COL ppu": "$23.41 per 1Kg",
    "COL Size": "235g"
  },
  {
    "Brand_Product_Size": "Hanabi Frozen Edamame Soybean Pods 400g",
    "COL Price": 3,
    "COL ppu": "$0.75 per 100G",
    "COL Size": "400g"
  },
  {
    "Brand_Product_Size": "Lipton Lemon Light Ice Tea Drink 1.5L",
    "COL Price": 1.97,
    "COL ppu": "$1.31 per 1L",
    "COL Size": "1.5L"
  },
  {
    "Brand_Product_Size": "Starbucks Espresso Capsules 30 pack",
    "COL Price": 18.3,
    "COL ppu": "$0.61 per 1Ea",
    "COL Size": "30 pack"
  },
  {
    "Brand_Product_Size": "Coles Ultra Dish Liquid Brush Refills 3 pack",
    "COL Price": 4.5,
    "COL ppu": "$1.50 per 1Ea",
    "COL Size": "3 pack"
  },
  {
    "Brand_Product_Size": "Smash Blue Stainless Steel Thermal Flask 550mL each",
    "COL Price": 20,
    "COL ppu": "$20.00 per 1Ea",
    "COL Size": "each"
  },
  {
    "Brand_Product_Size": "Pics Really Good Peanut & Chocolate Butter 290g",
    "COL Price": 9,
    "COL ppu": "$3.10 per 100G",
    "COL Size": "290g"
  },
  {
    "Brand_Product_Size": "Femfresh Limited Edition Pocket Wipes 10 pack",
    "COL Price": 3,
    "COL ppu": "$0.30 per 1Ea",
    "COL Size": "10 pack"
  },
  {
    "Brand_Product_Size": "DampRid Moisture Absorber Refill 1.19kg",
    "COL Price": 8.5,
    "COL ppu": "$0.71 per 100G",
    "COL Size": "1.19kg"
  },
  {
    "Brand_Product_Size": "Dairylea Burger Cheese Slices 12 Pack 250g",
    "COL Price": 3.5,
    "COL ppu": "$14.00 per 1Kg",
    "COL Size": "250g"
  },
  {
    "Brand_Product_Size": "Healtheries Kidscare Rice Wheels Funmix 252g",
    "COL Price": 7.5,
    "COL ppu": "$2.98 per 100G",
    "COL Size": "252g"
  },
  {
    "Brand_Product_Size": "Lindt Caramel Square Milk Bag 124g",
    "COL Price": 6,
    "COL ppu": "$4.84 per 100G",
    "COL Size": "124g"
  },
  {
    "Brand_Product_Size": "St Ives Blemish Control Apricot Scrub 150mL",
    "COL Price": 10,
    "COL ppu": "$6.67 per 100mL",
    "COL Size": "150mL"
  },
  {
    "Brand_Product_Size": "Huggies Little Swimmers Unisex Swim Pants Large 14Kg+ 10 pack",
    "COL Price": 15,
    "COL ppu": "$1.50 per 1Ea",
    "COL Size": "10 pack"
  },
  {
    "Brand_Product_Size": "Coles Carrots Batons 500g",
    "COL Price": 2.35,
    "COL ppu": "$4.70 per 1Kg",
    "COL Size": "500g"
  },
  {
    "Brand_Product_Size": "Coles Laundry Powder Concentrate Sensitive 2kg",
    "COL Price": 6.5,
    "COL ppu": "$3.25 per 1Kg",
    "COL Size": "2kg"
  },
  {
    "Brand_Product_Size": "Coles Traditional Licorice Soft Black 250g",
    "COL Price": 2,
    "COL ppu": "$0.80 per 100G",
    "COL Size": "250g"
  },
  {
    "Brand_Product_Size": "Gaganis Premium Yellow Split Peas 1kg",
    "COL Price": 2.4,
    "COL ppu": "$2.40 per 1Kg",
    "COL Size": "1kg"
  },
  {
    "Brand_Product_Size": "Pump Spring Water 1.25L",
    "COL Price": 3.3,
    "COL ppu": "$2.64 per 1L",
    "COL Size": "1.25L"
  },
  {
    "Brand_Product_Size": "Maharajah's Choice Plain Pappadams 200g",
    "COL Price": 2.9,
    "COL ppu": "$1.45 per 100G",
    "COL Size": "200g"
  },
  {
    "Brand_Product_Size": "Cold Power Clean & Fresh Advanced Laundry Liquid 1.8L",
    "COL Price": 8.75,
    "COL ppu": "$4.86 per 1L",
    "COL Size": "1.8L"
  },
  {
    "Brand_Product_Size": "Hunt & Brew Cold Brew Brazil Milk Coffee Chilled 400mL",
    "COL Price": 3.4,
    "COL ppu": "$8.50 per 1L",
    "COL Size": "400mL"
  },
  {
    "Brand_Product_Size": "Arnott's Cheddar Shapes 175g",
    "COL Price": 3.2,
    "COL ppu": "$1.83 per 100G",
    "COL Size": "175g"
  },
  {
    "Brand_Product_Size": "Lee Kum Kee Cantonese Chicken Stir Fry Sauce Pouch 120g",
    "COL Price": 2.2,
    "COL ppu": "$1.83 per 100G",
    "COL Size": "120g"
  },
  {
    "Brand_Product_Size": "Nature's Gift Just Natural Strips Gravy Style With Kangaroo in Gravy Dog Food 100g",
    "COL Price": 1,
    "COL ppu": "$1.00 per 100G",
    "COL Size": "100g"
  },
  {
    "Brand_Product_Size": "Aeroplane Cool Lime Jelly Crystals 85g",
    "COL Price": 1.15,
    "COL ppu": "$1.35 per 100G",
    "COL Size": "85g"
  },
  {
    "Brand_Product_Size": "Vitasoy Calci-Plus Long Life Soy Milk 1L 1L",
    "COL Price": 3,
    "COL ppu": "$3.00 per 1L",
    "COL Size": "1L"
  },
  {
    "Brand_Product_Size": "Optimum Dry Dog Food Adult Chicken Vegetable Rice 7kg",
    "COL Price": 24.5,
    "COL ppu": "$0.35 per 100G",
    "COL Size": "7kg"
  },
  {
    "Brand_Product_Size": "Bundaberg Pineapple & Coconut Sparkling Drink Multipack Bottles 375mL 4 pack",
    "COL Price": 6.35,
    "COL ppu": "$4.23 per 1L",
    "COL Size": "4 pack"
  },
  {
    "Brand_Product_Size": "Duck Toilet Fresh Disc Bleach Citrus 36mL",
    "COL Price": 6,
    "COL ppu": "$16.67 per 100mL",
    "COL Size": "36mL"
  },
  {
    "Brand_Product_Size": "Coles Vanilla Cake Mix 340g",
    "COL Price": 0.75,
    "COL ppu": "$0.22 per 100G",
    "COL Size": "340g"
  },
  {
    "Brand_Product_Size": "Capilano Pure Honey 500g",
    "COL Price": 8.6,
    "COL ppu": "$1.72 per 100G",
    "COL Size": "500g"
  },
  {
    "Brand_Product_Size": "Swisse Ultiboost Tablets Magnesium 60 pack",
    "COL Price": 10.5,
    "COL ppu": "$0.18 per 1Ea",
    "COL Size": "60 pack"
  },
  {
    "Brand_Product_Size": "Coles Deli Fresh Whole Salmon approx. 3kg each",
    "COL Price": 72,
    "COL ppu": "$24.00 per 1Kg",
    "COL Size": "approx. 3kg each"
  },
  {
    "Brand_Product_Size": "The Spice Tailor Delhi Biryani 360g",
    "COL Price": 5.5,
    "COL ppu": "$1.53 per 100G",
    "COL Size": "360g"
  },
  {
    "Brand_Product_Size": "Mentos Mystery 37.5g",
    "COL Price": 1.4,
    "COL ppu": "$3.73 per 100G",
    "COL Size": "37.5g"
  },
  {
    "Brand_Product_Size": "Coles Plain Waffle Ice Cream Cones 12 pack",
    "COL Price": 3.2,
    "COL ppu": "$0.27 per 1Ea",
    "COL Size": "12 pack"
  },
  {
    "Brand_Product_Size": "Coles Sweet Chilli Prawn Skewers Made With Aussie Prawns Thawed 5Pk 5 pack",
    "COL Price": 12.5,
    "COL ppu": "$2.50 per 1Ea",
    "COL Size": "5 pack"
  },
  {
    "Brand_Product_Size": "Twinings Herbal Infusions Live Well Defence 18 pack",
    "COL Price": 6.5,
    "COL ppu": "$0.36 per 1Ea",
    "COL Size": "18 pack"
  },
  {
    "Brand_Product_Size": "Carman's Bar Nut Almond Hazelnut & Vanilla 45g",
    "COL Price": 3,
    "COL ppu": "$6.67 per 100G",
    "COL Size": "45g"
  },
  {
    "Brand_Product_Size": "The Juice Brothers Pulp Free Orange Juice 1.5L",
    "COL Price": 7,
    "COL ppu": "$4.67 per 1L",
    "COL Size": "1.5L"
  },
  {
    "Brand_Product_Size": "Coles Bake & Create Enchanted Sprinkles 120g",
    "COL Price": 5.8,
    "COL ppu": "$4.83 per 100G",
    "COL Size": "120g"
  },
  {
    "Brand_Product_Size": "Finish All In 1 Max Dishwasher Tablets 27 pack",
    "COL Price": 12,
    "COL ppu": "$0.44 per 1Ea",
    "COL Size": "27 pack"
  },
  {
    "Brand_Product_Size": "Mirabella LED Globe GLS Edison Screw 5.5 Watt Cool White each",
    "COL Price": 7,
    "COL ppu": "$7.00 per 1Ea",
    "COL Size": "each"
  },
  {
    "Brand_Product_Size": "Neriot Candle Refills 72 pack",
    "COL Price": 18.8,
    "COL ppu": "$0.26 per 1Ea",
    "COL Size": "72 pack"
  },
  {
    "Brand_Product_Size": "MasterFoods Side Dish Creamy Herb & Garlic Potato Bake Recipe Base 175g",
    "COL Price": 2.2,
    "COL ppu": "$1.26 per 100G",
    "COL Size": "175g"
  },
  {
    "Brand_Product_Size": "Dose & Co. Collagen Protein Powder Creamy Vanilla 420g",
    "COL Price": 32,
    "COL ppu": "$7.62 per 100G",
    "COL Size": "420g"
  },
  {
    "Brand_Product_Size": "Coles Minced Garlic 500g",
    "COL Price": 2.25,
    "COL ppu": "$0.05 per 10G",
    "COL Size": "500g"
  },
  {
    "Brand_Product_Size": "Peckish Cheese Rice Crackers 100g",
    "COL Price": 2.2,
    "COL ppu": "$2.20 per 100G",
    "COL Size": "100g"
  },
  {
    "Brand_Product_Size": "Heritage Mill Caramel Apple Prebiotic 6 Bars 210g",
    "COL Price": 3.95,
    "COL ppu": "$1.88 per 100G",
    "COL Size": "210g"
  },
  {
    "Brand_Product_Size": "Darikay Mushroom Soup 550g",
    "COL Price": 6.5,
    "COL ppu": "$1.18 per 100G",
    "COL Size": "550g"
  },
  {
    "Brand_Product_Size": "Smith's Poppables Sweet Chilli & Sour Cream 90g",
    "COL Price": 3.5,
    "COL ppu": "$3.89 per 100G",
    "COL Size": "90g"
  },
  {
    "Brand_Product_Size": "Vittoria Italian Blend Capsules 10 pack",
    "COL Price": 6,
    "COL ppu": "$0.60 per 1Ea",
    "COL Size": "10 pack"
  },
  {
    "Brand_Product_Size": "Quorn Frozen Vegan Fillets 252g",
    "COL Price": 7,
    "COL ppu": "$2.78 per 100G",
    "COL Size": "252g"
  },
  {
    "Brand_Product_Size": "Paper Mate Inkjoy Black Ball Point 4 pack",
    "COL Price": 4.5,
    "COL ppu": "",
    "COL Size": "4 pack"
  },
  {
    "Brand_Product_Size": "L'Oreal True Match Cream Beige Concealer 6.8mL",
    "COL Price": 14,
    "COL ppu": "$20.59 per 10mL",
    "COL Size": "6.8mL"
  },
  {
    "Brand_Product_Size": "Richmond Valley Veal Eye Fillet approx. 260g each",
    "COL Price": 12.48,
    "COL ppu": "$48.00 per 1Kg",
    "COL Size": "approx. 260g each"
  },
  {
    "Brand_Product_Size": "Wrigley's Extra Soft Chew Sugar Free White Peppermint Chewing Gum  Bottle 30 Piece 67g",
    "COL Price": 4,
    "COL ppu": "$5.97 per 100G",
    "COL Size": "67g"
  },
  {
    "Brand_Product_Size": "Bosisto's Desert Lime & Eucalyptus Revitalising Hand Wash Refill 1L",
    "COL Price": 12,
    "COL ppu": "$12.00 per 1L",
    "COL Size": "1L"
  },
  {
    "Brand_Product_Size": "Meb Zaatar Flatbread 130g",
    "COL Price": 4,
    "COL ppu": "$3.08 per 100G",
    "COL Size": "130g"
  },
  {
    "Brand_Product_Size": "Nature's Way Vita Gummies Vitamin C 120 pack",
    "COL Price": 20,
    "COL ppu": "$0.17 per 1Ea",
    "COL Size": "120 pack"
  },
  {
    "Brand_Product_Size": "Jinmailang Wide Noodle 1kg",
    "COL Price": 2.5,
    "COL ppu": "$2.50 per 1Kg",
    "COL Size": "1kg"
  },
  {
    "Brand_Product_Size": "The Juice Brothers Tropical Juice Blend 1.5L",
    "COL Price": 7,
    "COL ppu": "$4.67 per 1L",
    "COL Size": "1.5L"
  },
  {
    "Brand_Product_Size": "Cenovis Multivitamin and Minerals Tablets 200 pack",
    "COL Price": 14,
    "COL ppu": "$7.00 per 100Ea",
    "COL Size": "200 pack"
  },
  {
    "Brand_Product_Size": "Mersey Valley Ploughmans Cheddar Cheese 235g",
    "COL Price": 5.5,
    "COL ppu": "$23.41 per 1Kg",
    "COL Size": "235g"
  },
  {
    "Brand_Product_Size": "Fab Gold Absolute Laundry Liquid 3.6L",
    "COL Price": 15,
    "COL ppu": "$4.17 per 1L",
    "COL Size": "3.6L"
  },
  {
    "Brand_Product_Size": "Yumi's Gluten Free Traditional Middle Eastern Hommus Dip 200g",
    "COL Price": 3,
    "COL ppu": "$1.50 per 100G",
    "COL Size": "200g"
  },
  {
    "Brand_Product_Size": "KOi Jasmine & Sandalwood Hand Cream 100mL each",
    "COL Price": 8,
    "COL ppu": "$8.00 per 100mL",
    "COL Size": "each"
  },
  {
    "Brand_Product_Size": "Coles Coffee Whitener Regular 500g",
    "COL Price": 3.2,
    "COL ppu": "$0.64 per 100G",
    "COL Size": "500g"
  },
  {
    "Brand_Product_Size": "Fry's Frozen 4 Quinoa & Brown Rice Protein Burgers 320g",
    "COL Price": 4.8,
    "COL ppu": "$1.50 per 100G",
    "COL Size": "320g"
  },
  {
    "Brand_Product_Size": "Vaalia Kids Lactose Free Yoghurt Blueberry 140g",
    "COL Price": 1.7,
    "COL ppu": "$1.21 per 100G",
    "COL Size": "140g"
  },
  {
    "Brand_Product_Size": "Our Family Table crumbed Crispy Squid Chips 300g",
    "COL Price": 9,
    "COL ppu": "$30.00 per 1Kg",
    "COL Size": "300g"
  },
  {
    "Brand_Product_Size": "Bic Twin Lady 15 pack",
    "COL Price": 8,
    "COL ppu": "$0.53 per 1Ea",
    "COL Size": "15 pack"
  },
  {
    "Brand_Product_Size": "Coles Ultimate 40% Choc Chip Triple Choc Dipped Cookie 400g",
    "COL Price": 4.5,
    "COL ppu": "$1.13 per 100G",
    "COL Size": "400g"
  },
  {
    "Brand_Product_Size": "Coles All Butter Mini Croissants 8 Pack 160g",
    "COL Price": 3.5,
    "COL ppu": "$2.19 per 100G",
    "COL Size": "160g"
  },
  {
    "Brand_Product_Size": "Hart & Soul Gluten Free Chicken Noodle Soup 155g",
    "COL Price": 4,
    "COL ppu": "$2.58 per 100G",
    "COL Size": "155g"
  },
  {
    "Brand_Product_Size": "Deemah Date Bars 450g",
    "COL Price": 3.8,
    "COL ppu": "$0.84 per 100G",
    "COL Size": "450g"
  },
  {
    "Brand_Product_Size": "Oak Classic Chocolate Flavoured Milk 2L",
    "COL Price": 4.5,
    "COL ppu": "$2.25 per 1L",
    "COL Size": "2L"
  },
  {
    "Brand_Product_Size": "Only Organic Wild Rice Risotto & Spring Lamb 6+ Months 120g",
    "COL Price": 2,
    "COL ppu": "$1.67 per 100G",
    "COL Size": "120g"
  },
  {
    "Brand_Product_Size": "Schweppes Mixers Soda Water Multipack Bottles 300mL 4 pack",
    "COL Price": 5.9,
    "COL ppu": "$4.92 per 1L",
    "COL Size": "4 pack"
  },
  {
    "Brand_Product_Size": "Sukin Blemish Control Pore Perfecting Toner 125mL",
    "COL Price": 16,
    "COL ppu": "$12.80 per 100mL",
    "COL Size": "125mL"
  },
  {
    "Brand_Product_Size": "Continental Hot Pot Rich Beef & Mushrooms Savoury Casserole Base 4 Sachets 80g",
    "COL Price": 3,
    "COL ppu": "$3.75 per 100G",
    "COL Size": "80g"
  },
  {
    "Brand_Product_Size": "Latina Fresh Roast Chicken & Garlic Ravioli 625g",
    "COL Price": 8,
    "COL ppu": "$1.28 per 100G",
    "COL Size": "625g"
  },
  {
    "Brand_Product_Size": "V.I.P. Natures Goodness Grain Free Chicken & Duck With Garden Vegetable Canned Dog Food 400g",
    "COL Price": 1.9,
    "COL ppu": "$0.48 per 100G",
    "COL Size": "400g"
  },
  {
    "Brand_Product_Size": "Lindt Milk Cornet 333g",
    "COL Price": 20,
    "COL ppu": "$6.01 per 100G",
    "COL Size": "333g"
  },
  {
    "Brand_Product_Size": "Core Power Foods Pasta La Vista 350g",
    "COL Price": 9,
    "COL ppu": "$2.57 per 100G",
    "COL Size": "350g"
  },
  {
    "Brand_Product_Size": "Coles Lamb Koftas 450g",
    "COL Price": 8.5,
    "COL ppu": "$18.89 per 1Kg",
    "COL Size": "450g"
  },
  {
    "Brand_Product_Size": "Olay Luminous Niacinamide Super Serum 30mL",
    "COL Price": 60,
    "COL ppu": "$200.01 per 100mL",
    "COL Size": "30mL"
  },
  {
    "Brand_Product_Size": "Indomie Mi Goreng Fried Noodle Cup 75g",
    "COL Price": 1.8,
    "COL ppu": "$2.40 per 100G",
    "COL Size": "75g"
  },
  {
    "Brand_Product_Size": "Primo Gluten Free Thinly Sliced Chicken Breast 80g",
    "COL Price": 3.25,
    "COL ppu": "$40.63 per 1Kg",
    "COL Size": "80g"
  },
  {
    "Brand_Product_Size": "Melitta Blue Mountain Style Medium Roast Ground Coffee 250g",
    "COL Price": 5.3,
    "COL ppu": "$2.12 per 100G",
    "COL Size": "250g"
  },
  {
    "Brand_Product_Size": "Lean Cuisine Satay Chicken Noodles 280g",
    "COL Price": 4.5,
    "COL ppu": "$1.61 per 100G",
    "COL Size": "280g"
  },
  {
    "Brand_Product_Size": "Ayam Organic Coconut Milk 400mL",
    "COL Price": 3,
    "COL ppu": "$0.75 per 100mL",
    "COL Size": "400mL"
  },
  {
    "Brand_Product_Size": "Coles High Fibre Multigrain Sandwich Bread 700g",
    "COL Price": 2.3,
    "COL ppu": "$0.33 per 100G",
    "COL Size": "700g"
  },
  {
    "Brand_Product_Size": "Atkins Endulge Chocolate Bar 30g",
    "COL Price": 3,
    "COL ppu": "$10.00 per 100G",
    "COL Size": "30g"
  },
  {
    "Brand_Product_Size": "Coles Raspberry Flavoured Drink 1.25L",
    "COL Price": 1,
    "COL ppu": "$0.80 per 1L",
    "COL Size": "1.25L"
  },
  {
    "Brand_Product_Size": "Garnier Fructis Coconut Water Nutri-Repair Shampoo 850mL",
    "COL Price": 7.5,
    "COL ppu": "$0.88 per 100mL",
    "COL Size": "850mL"
  },
  {
    "Brand_Product_Size": "Tommee Tippee Carton 18-36m Soothers 3 pack",
    "COL Price": 12,
    "COL ppu": "$4.00 per 1Ea",
    "COL Size": "3 pack"
  },
  {
    "Brand_Product_Size": "Duru Bulgur Brown Fine 1kg",
    "COL Price": 2.4,
    "COL ppu": "$2.40 per 1Kg",
    "COL Size": "1kg"
  },
  {
    "Brand_Product_Size": "Colgate Cushion Clean Soft Toothbrush 1 pack",
    "COL Price": 4.8,
    "COL ppu": "$4.80 per 1Ea",
    "COL Size": "1 pack"
  },
  {
    "Brand_Product_Size": "Mars M&M's Regular Large Bag 380g",
    "COL Price": 6,
    "COL ppu": "$1.58 per 100G",
    "COL Size": "380g"
  },
  {
    "Brand_Product_Size": "Boss Vanilla Latte Coffee 237mL",
    "COL Price": 3.65,
    "COL ppu": "$15.40 per 1L",
    "COL Size": "237mL"
  },
  {
    "Brand_Product_Size": "Armor All Tyre Foam 500g",
    "COL Price": 10,
    "COL ppu": "$10.00 per 1ea",
    "COL Size": "500g"
  },
  {
    "Brand_Product_Size": "Black Swan Classic Hommus Dip 400g",
    "COL Price": 4.5,
    "COL ppu": "$1.13 per 100G",
    "COL Size": "400g"
  },
  {
    "Brand_Product_Size": "Mortein Odourless Crawling Insect Surface Spray each",
    "COL Price": 11,
    "COL ppu": "$3.14 per 100G",
    "COL Size": "each"
  },
  {
    "Brand_Product_Size": "Nature Valley Crunchy Oats & Honey Family 504g",
    "COL Price": 8,
    "COL ppu": "$1.59 per 100G",
    "COL Size": "504g"
  },
  {
    "Brand_Product_Size": "Valcom Panaeng Curry Paste 210g",
    "COL Price": 3.2,
    "COL ppu": "$1.52 per 100G",
    "COL Size": "210g"
  },
  {
    "Brand_Product_Size": "Whittaker's West Coast Buttermilk Caramelised White Chocolate 100g",
    "COL Price": 4.5,
    "COL ppu": "$4.50 per 100G",
    "COL Size": "100g"
  },
  {
    "Brand_Product_Size": "Primo Deli Express Chicken Frankfurt 750g",
    "COL Price": 6.5,
    "COL ppu": "$0.87 per 100G",
    "COL Size": "750g"
  },
  {
    "Brand_Product_Size": "Beta Genica-8 Range Step 2 800 gram",
    "COL Price": 42,
    "COL ppu": "",
    "COL Size": "800 gram"
  },
  {
    "Brand_Product_Size": "Obento Yakitori Sauce 250mL",
    "COL Price": 3,
    "COL ppu": "$1.20 per 100mL",
    "COL Size": "250mL"
  },
  {
    "Brand_Product_Size": "Continental Cup A Soup Dutch Curry With Rice Serves 2 55g",
    "COL Price": 2.1,
    "COL ppu": "$3.82 per 100G",
    "COL Size": "55g"
  },
  {
    "Brand_Product_Size": "Arnott's Original Pizza Shapes 190g",
    "COL Price": 3.2,
    "COL ppu": "$1.68 per 100G",
    "COL Size": "190g"
  },
  {
    "Brand_Product_Size": "Cocobella Dairy Free Mango Coconut Yoghurt 500g",
    "COL Price": 6,
    "COL ppu": "$1.20 per 100G",
    "COL Size": "500g"
  },
  {
    "Brand_Product_Size": "Continental Four Cheeses Pasta & Sauce Serves 3 100g",
    "COL Price": 2.2,
    "COL ppu": "$2.20 per 100G",
    "COL Size": "100g"
  },
  {
    "Brand_Product_Size": "Hask Argan Oil Shampoo 355mL",
    "COL Price": 15,
    "COL ppu": "$4.23 per 100mL",
    "COL Size": "355mL"
  },
  {
    "Brand_Product_Size": "Coles Smart Buy Hair Spray 250g",
    "COL Price": 2.2,
    "COL ppu": "$0.88 per 100G",
    "COL Size": "250g"
  },
  {
    "Brand_Product_Size": "Coles Bake & Create Fantasy Decorations 12 pack",
    "COL Price": 3,
    "COL ppu": "$0.25 per 1Ea",
    "COL Size": "12 pack"
  },
  {
    "Brand_Product_Size": "Kiddylicious Coconut Rolls 8 pack",
    "COL Price": 5.5,
    "COL ppu": "$9.82 per 100G",
    "COL Size": "8 pack"
  },
  {
    "Brand_Product_Size": "Vaalia Kids Strawberry Yoghurt Pouch 140g",
    "COL Price": 1.7,
    "COL ppu": "$1.21 per 100G",
    "COL Size": "140g"
  },
  {
    "Brand_Product_Size": "Queens Slipper Cards Playing 1 pack",
    "COL Price": 3.65,
    "COL ppu": "",
    "COL Size": "1 pack"
  },
  {
    "Brand_Product_Size": "Cheezels Cheese Snacks Multipack 6 pack 114g",
    "COL Price": 3.35,
    "COL ppu": "$2.94 per 100G",
    "COL Size": "114g"
  },
  {
    "Brand_Product_Size": "Cook & Dine Preserving Jar 450 mL 1each",
    "COL Price": 2.5,
    "COL ppu": "$2.50 per 1Ea",
    "COL Size": "1each"
  },
  {
    "Brand_Product_Size": "King Island Dairy Camembert Cove approx. 100g",
    "COL Price": 6,
    "COL ppu": "$60.00 per 1Kg",
    "COL Size": "approx. 100g"
  },
  {
    "Brand_Product_Size": "Brut Refresh Aftershave Lotion 100mL",
    "COL Price": 5.25,
    "COL ppu": "$5.25 per 100mL",
    "COL Size": "100mL"
  },
  {
    "Brand_Product_Size": "Continental Cook-In-Bag Recipe Base Honey Bbq Chicken 45g",
    "COL Price": 2.3,
    "COL ppu": "$5.11 per 100G",
    "COL Size": "45g"
  },
  {
    "Brand_Product_Size": "Purr Tasty Tuna Salmon & Chicken in Jelly Cat Food 85g",
    "COL Price": 1,
    "COL ppu": "$1.18 per 100G",
    "COL Size": "85g"
  },
  {
    "Brand_Product_Size": "Coles Kitchen Garlic Naan 2 360g",
    "COL Price": 3.5,
    "COL ppu": "$0.97 per 100G",
    "COL Size": "360g"
  },
  {
    "Brand_Product_Size": "Beerenberg Balsamic Beetroot Relish 280g",
    "COL Price": 5,
    "COL ppu": "$1.79 per 100G",
    "COL Size": "280g"
  },
  {
    "Brand_Product_Size": "Cadbury Milk & Dark Chocolates Roses Gift Pouch 150g",
    "COL Price": 5,
    "COL ppu": "$3.33 per 100G",
    "COL Size": "150g"
  },
  {
    "Brand_Product_Size": "Dineamic Meal Chicken & Chorizo Paella 360g",
    "COL Price": 9.95,
    "COL ppu": "$2.76 per 100G",
    "COL Size": "360g"
  },
  {
    "Brand_Product_Size": "Fry's Family Fishless Fillets 240g",
    "COL Price": 4.8,
    "COL ppu": "$2.00 per 100G",
    "COL Size": "240g"
  },
  {
    "Brand_Product_Size": "Chicken Tonight Classic Creamy Cheese & Bacon Simmer Sauce 490g",
    "COL Price": 2.5,
    "COL ppu": "$0.51 per 100G",
    "COL Size": "490g"
  },
  {
    "Brand_Product_Size": "Tip Top Cafe Coconut Cranberry 500g",
    "COL Price": 3,
    "COL ppu": "$0.60 per 100G",
    "COL Size": "500g"
  },
  {
    "Brand_Product_Size": "Coles Beef 3 Star Regular Mince 500g",
    "COL Price": 7,
    "COL ppu": "$1.40 per 100G",
    "COL Size": "500g"
  },
  {
    "Brand_Product_Size": "Lighthouse Biscuit, Pastry & Cake Plain Flour 1kg",
    "COL Price": 3.75,
    "COL ppu": "$3.75 per 1Kg",
    "COL Size": "1kg"
  },
  {
    "Brand_Product_Size": "Green's Chocolate Self Saucing Pudding 260g",
    "COL Price": 2.8,
    "COL ppu": "$1.08 per 100G",
    "COL Size": "260g"
  },
  {
    "Brand_Product_Size": "Fibre One Salted Caramel Squares 5 pack 120g",
    "COL Price": 5.5,
    "COL ppu": "$4.58 per 100G",
    "COL Size": "120g"
  },
  {
    "Brand_Product_Size": "Schwarzkopf Medium Brown Hair Mascara 1 pack",
    "COL Price": 22,
    "COL ppu": "$22.00 per 1Ea",
    "COL Size": "1 pack"
  },
  {
    "Brand_Product_Size": "Cancer Council Face Moisturiser Matte Invisible SPF 50+ 75mL",
    "COL Price": 13,
    "COL ppu": "$17.33 per 100mL",
    "COL Size": "75mL"
  },
  {
    "Brand_Product_Size": "Nestle Kit Kat Orange Dark Chocolate Block 170g",
    "COL Price": 5,
    "COL ppu": "$2.94 per 100G",
    "COL Size": "170g"
  },
  {
    "Brand_Product_Size": "Coles Kitchen Chicken & Bacon Pasta Bake 350g",
    "COL Price": 7.5,
    "COL ppu": "$2.14 per 100G",
    "COL Size": "350g"
  },
  {
    "Brand_Product_Size": "Bundaberg Diet Sarsaparilla Multipack Bottles 375mL 4 pack",
    "COL Price": 6.35,
    "COL ppu": "$4.23 per 1L",
    "COL Size": "4 pack"
  },
  {
    "Brand_Product_Size": "Wellness Road White Chia Seeds 300g",
    "COL Price": 5.5,
    "COL ppu": "$1.83 per 100G",
    "COL Size": "300g"
  },
  {
    "Brand_Product_Size": "Eastcoast Beverages Orange Juice Chilled 2L",
    "COL Price": 4.75,
    "COL ppu": "$2.38 per 1L",
    "COL Size": "2L"
  },
  {
    "Brand_Product_Size": "Supercoat True Origin Chicken & Duck Adult Dry Dog Food 2.5kg",
    "COL Price": 16,
    "COL ppu": "$0.64 per 100G",
    "COL Size": "2.5kg"
  },
  {
    "Brand_Product_Size": "Coles RSPCA Approved Free Range Chicken Drumsticks approx. 1.1kg each",
    "COL Price": 6.05,
    "COL ppu": "$5.50 per 1Kg",
    "COL Size": "approx. 1.1kg each"
  },
  {
    "Brand_Product_Size": "Garnier Olia Dark Blonde 7.0 Hair Colour 1 pack",
    "COL Price": 8.5,
    "COL ppu": "$8.50 per 1Ea",
    "COL Size": "1 pack"
  },
  {
    "Brand_Product_Size": "Ob Finest Banana Date & Walnut Crackers 150g",
    "COL Price": 6,
    "COL ppu": "$4.00 per 100G",
    "COL Size": "150g"
  },
  {
    "Brand_Product_Size": "Edgell Picked & Peeled Diced Beetroot 425g",
    "COL Price": 2,
    "COL ppu": "$4.71 per 1Kg",
    "COL Size": "425g"
  },
  {
    "Brand_Product_Size": "Hercules Resealable Value Pack Sandwich Bags 200 pack",
    "COL Price": 7.35,
    "COL ppu": "$0.04 per 1Ea",
    "COL Size": "200 pack"
  },
  {
    "Brand_Product_Size": "KOi Coffee Body Scrub 200mL",
    "COL Price": 8,
    "COL ppu": "$4.00 per 100mL",
    "COL Size": "200mL"
  },
  {
    "Brand_Product_Size": "Campbell's V8 Apple Berry Fusion Juice Multipack 250mL 3 pack",
    "COL Price": 3,
    "COL ppu": "$4.00 per 1L",
    "COL Size": "3 pack"
  },
  {
    "Brand_Product_Size": "Armor All Windscreen Wash 500mL",
    "COL Price": 5,
    "COL ppu": "$5.00 per 1ea",
    "COL Size": "500mL"
  },
  {
    "Brand_Product_Size": "Coles Sweet Chilli Sauce 500mL",
    "COL Price": 1.79,
    "COL ppu": "$0.36 per 100mL",
    "COL Size": "500mL"
  },
  {
    "Brand_Product_Size": "Uncle Tobys Quick Oats Porridge 1kg",
    "COL Price": 6,
    "COL ppu": "$0.60 per 100G",
    "COL Size": "1kg"
  },
  {
    "Brand_Product_Size": "Freedom Foods Vanilla Maple Almond Clusters 360g",
    "COL Price": 6,
    "COL ppu": "$1.67 per 100G",
    "COL Size": "360g"
  },
  {
    "Brand_Product_Size": "Greens Cinnamon Scroll Mix 520g",
    "COL Price": 3.2,
    "COL ppu": "$0.62 per 100G",
    "COL Size": "520g"
  },
  {
    "Brand_Product_Size": "L'Oreal Black Mascara 9mL",
    "COL Price": 21,
    "COL ppu": "$23.33 per 10mL",
    "COL Size": "9mL"
  },
  {
    "Brand_Product_Size": "Ajishima Instant Miso Soup Spinach & Mushroom 12g",
    "COL Price": 2.6,
    "COL ppu": "$2.17 per 10G",
    "COL Size": "12g"
  },
  {
    "Brand_Product_Size": "Coles RSPCA Approved Chicken Drumsticks Large Pack approx. 1.475kg each",
    "COL Price": 5.9,
    "COL ppu": "$4.00 per 1Kg",
    "COL Size": "approx. 1.475kg each"
  },
  {
    "Brand_Product_Size": "Vegeta Pork Casserole With Potatoes & Carrots 400g",
    "COL Price": 4,
    "COL ppu": "$1.00 per 100G",
    "COL Size": "400g"
  },
  {
    "Brand_Product_Size": "Gaganis Original Sesame Halva With Cocoa 250g",
    "COL Price": 5,
    "COL ppu": "$2.00 per 100G",
    "COL Size": "250g"
  },
  {
    "Brand_Product_Size": "Coles Limes 5 pack",
    "COL Price": 4,
    "COL ppu": "$0.80 per 1ea",
    "COL Size": "5 pack"
  },
  {
    "Brand_Product_Size": "Coles Cafe Style Raisin Toast 650g",
    "COL Price": 2.8,
    "COL ppu": "$0.43 per 100G",
    "COL Size": "650g"
  },
  {
    "Brand_Product_Size": "Paesanella Cheese Cherry Bocconcini 180g",
    "COL Price": 4.75,
    "COL ppu": "$26.39 per 1Kg",
    "COL Size": "180g"
  },
  {
    "Brand_Product_Size": "Coles Bakery Stone Baked By Laurent Turkish Loaf each",
    "COL Price": 3.5,
    "COL ppu": "$3.50 per 1Ea",
    "COL Size": "each"
  },
  {
    "Brand_Product_Size": "Don Champagne Ham 250g",
    "COL Price": 3.2,
    "COL ppu": "$12.80 per 1Kg",
    "COL Size": "250g"
  },
  {
    "Brand_Product_Size": "Coles Thawed Seafood Cooked Jumbo Black Tiger Prawns 3kg",
    "COL Price": 111,
    "COL ppu": "$37.00 per 1kg",
    "COL Size": "3kg"
  },
  {
    "Brand_Product_Size": "Santa Vittoria Sparkling Mineral Water 1.5L",
    "COL Price": 2.7,
    "COL ppu": "$1.80 per 1L",
    "COL Size": "1.5L"
  },
  {
    "Brand_Product_Size": "Madura Earl Grey Tea Bags 50 pack 100g",
    "COL Price": 4.85,
    "COL ppu": "$4.85 per 100G",
    "COL Size": "100g"
  },
  {
    "Brand_Product_Size": "Rafferty's Garden Italian Lasagne Baby Food 10+ Months 170g",
    "COL Price": 2.45,
    "COL ppu": "$1.44 per 100G",
    "COL Size": "170g"
  },
  {
    "Brand_Product_Size": "Sunbites Caramelised Onion & Balsamic Snack Crackers 110g",
    "COL Price": 3,
    "COL ppu": "$2.73 per 100G",
    "COL Size": "110g"
  },
  {
    "Brand_Product_Size": "Nerada Organic Lemon & Ginger Tea Bags 40 pack 60g",
    "COL Price": 4,
    "COL ppu": "$0.07 per 1G",
    "COL Size": "60g"
  },
  {
    "Brand_Product_Size": "Coles Celery Sticks Prepacked 300g",
    "COL Price": 4.5,
    "COL ppu": "$15.00 per 1Kg",
    "COL Size": "300g"
  },
  {
    "Brand_Product_Size": "Kynd Magnesium Bio 30 pack",
    "COL Price": 30,
    "COL ppu": "$100.00 per 100Ea",
    "COL Size": "30 pack"
  },
  {
    "Brand_Product_Size": "Bonsoy Soy Milk 1L",
    "COL Price": 4.8,
    "COL ppu": "$4.80 per 1L",
    "COL Size": "1L"
  },
  {
    "Brand_Product_Size": "Herbal Essences Bio Renew Micellar & Blue Ginger Conditioner 400mL",
    "COL Price": 12,
    "COL ppu": "$3.00 per 100mL",
    "COL Size": "400mL"
  },
  {
    "Brand_Product_Size": "Coles Pistachio Roasted & Salted 800g",
    "COL Price": 16,
    "COL ppu": "$20.00 per 1Kg",
    "COL Size": "800g"
  },
  {
    "Brand_Product_Size": "Duracell 80 Lumen Rubber Flashlight 2 AAA each",
    "COL Price": 10,
    "COL ppu": "$10.00 per 1Ea",
    "COL Size": "each"
  },
  {
    "Brand_Product_Size": "Coles Mint Jelly 300g",
    "COL Price": 1.8,
    "COL ppu": "$0.60 per 100G",
    "COL Size": "300g"
  },
  {
    "Brand_Product_Size": "Betty Crocker Creamy Deluxe Milk Chocolate Frosting 400g",
    "COL Price": 4,
    "COL ppu": "$10.00 per 1Kg",
    "COL Size": "400g"
  },
  {
    "Brand_Product_Size": "Coles Brussels Sprouts Prepacked 400g",
    "COL Price": 3,
    "COL ppu": "$7.50 per 1Kg",
    "COL Size": "400g"
  },
  {
    "Brand_Product_Size": "Coles White Mud Cake 600g",
    "COL Price": 4.8,
    "COL ppu": "$0.80 per 100G",
    "COL Size": "600g"
  },
  {
    "Brand_Product_Size": "Farmers Union Greek Style Low Fat Natural Yoghurt 500g",
    "COL Price": 3.5,
    "COL ppu": "$0.70 per 100G",
    "COL Size": "500g"
  },
  {
    "Brand_Product_Size": "Coles Chicken Flavoured Instant Noodles 5 Pack 425g",
    "COL Price": 1,
    "COL ppu": "$0.24 per 100G",
    "COL Size": "425g"
  },
  {
    "Brand_Product_Size": "Garnier Fructis Full & Luscious Shampoo 315mL",
    "COL Price": 3.5,
    "COL ppu": "$1.11 per 100mL",
    "COL Size": "315mL"
  },
  {
    "Brand_Product_Size": "MasterFoods Whole Cumin Seeds 28g",
    "COL Price": 3.25,
    "COL ppu": "$1.16 per 10G",
    "COL Size": "28g"
  },
  {
    "Brand_Product_Size": "Veggs Vegetarian Free Range X Large Eggs 12 pack 700g",
    "COL Price": 6.5,
    "COL ppu": "$0.93 per 100G",
    "COL Size": "700g"
  },
  {
    "Brand_Product_Size": "Coles Tasty Cheddar Cheese 500g",
    "COL Price": 5.3,
    "COL ppu": "$1.06 per 100G",
    "COL Size": "500g"
  },
  {
    "Brand_Product_Size": "Coles Finest Gorgonzola Dolce Dop 200g",
    "COL Price": 8,
    "COL ppu": "$4.00 per 100G",
    "COL Size": "200g"
  },
  {
    "Brand_Product_Size": "Stevia Sweet Granules Baking 600g",
    "COL Price": 14.75,
    "COL ppu": "$2.46 per 100G",
    "COL Size": "600g"
  },
  {
    "Brand_Product_Size": "Coles Chicken & Pesto Pasta Bake 1.2 kg",
    "COL Price": 10,
    "COL ppu": "$0.83 per 100G",
    "COL Size": "1.2 kg"
  },
  {
    "Brand_Product_Size": "Neutrogena Night Calming Make Up Remover Wipes 25 pack",
    "COL Price": 8.2,
    "COL ppu": "$0.33 per 1Ea",
    "COL Size": "25 pack"
  },
  {
    "Brand_Product_Size": "Coles Microgreens Choi each",
    "COL Price": 3,
    "COL ppu": "$3.00 per 1Ea",
    "COL Size": "each"
  },
  {
    "Brand_Product_Size": "Cub All Round Sipper Cup 9+ Months each",
    "COL Price": 7,
    "COL ppu": "$7.00 per 1Ea",
    "COL Size": "each"
  },
  {
    "Brand_Product_Size": "Hoyts Dried Onion Flakes 40g",
    "COL Price": 1.65,
    "COL ppu": "$0.41 per 10G",
    "COL Size": "40g"
  },
  {
    "Brand_Product_Size": "John West Wild Alaskan Red Sockeye Salmon Skin On 280g",
    "COL Price": 15,
    "COL ppu": "$53.57 per 1Kg",
    "COL Size": "280g"
  },
  {
    "Brand_Product_Size": "Arnott's Iced Vovo Biscuit Lamington 210g",
    "COL Price": 3,
    "COL ppu": "$1.43 per 100G",
    "COL Size": "210g"
  },
  {
    "Brand_Product_Size": "Coles Tasmanian Salmon Boneless & Skin On 4 Pieces 460g",
    "COL Price": 12,
    "COL ppu": "$26.09 per 1Kg",
    "COL Size": "460g"
  },
  {
    "Brand_Product_Size": "Ito En Matcha Traditional Green Tea Bags 20 Pack 30g",
    "COL Price": 6,
    "COL ppu": "$20.00 per 100G",
    "COL Size": "30g"
  },
  {
    "Brand_Product_Size": "Coles Basil Pesto Gourmet Dips 150g",
    "COL Price": 2.7,
    "COL ppu": "$1.80 per 100G",
    "COL Size": "150g"
  },
  {
    "Brand_Product_Size": "Bondi Sands Tanning Foam Dark 200mL",
    "COL Price": 20,
    "COL ppu": "$10.00 per 100mL",
    "COL Size": "200mL"
  },
  {
    "Brand_Product_Size": "Ayam Thai Red Curry Paste 195g",
    "COL Price": 2.75,
    "COL ppu": "$1.41 per 100G",
    "COL Size": "195g"
  },
  {
    "Brand_Product_Size": "Hi Life Rapid Loss Chocolate Powder 750g",
    "COL Price": 24,
    "COL ppu": "$3.20 per 100G",
    "COL Size": "750g"
  },
  {
    "Brand_Product_Size": "Ambi Pur Air Effects Thai Dragon Fruit Air Freshener 275g",
    "COL Price": 6,
    "COL ppu": "$2.18 per 100G",
    "COL Size": "275g"
  },
  {
    "Brand_Product_Size": "Uncle Tobys Plus Protein Breakfast Cereal 410g",
    "COL Price": 4,
    "COL ppu": "$0.98 per 100G",
    "COL Size": "410g"
  },
  {
    "Brand_Product_Size": "Valley Produce Co. Vegetable Flatbread  Kale Artisan Crackers 130g",
    "COL Price": 4.9,
    "COL ppu": "$3.77 per 100G",
    "COL Size": "130g"
  },
  {
    "Brand_Product_Size": "Table Of Plenty Mini Rice Cake Triple Berry 84g",
    "COL Price": 5.5,
    "COL ppu": "$6.55 per 100G",
    "COL Size": "84g"
  },
  {
    "Brand_Product_Size": "Optimum Functional Dog Treat Joint & Mobility Health With Turkey 100g",
    "COL Price": 5.5,
    "COL ppu": "$5.50 per 100G",
    "COL Size": "100g"
  },
  {
    "Brand_Product_Size": "Birds Eye Frozen Fish Fingers 40 Pieces 1kg",
    "COL Price": 10,
    "COL ppu": "$10.00 per 1Kg",
    "COL Size": "1kg"
  },
  {
    "Brand_Product_Size": "Buderim Ginger Ginger Refresher Cordial 750mL",
    "COL Price": 4,
    "COL ppu": "$5.33 per 1L",
    "COL Size": "750mL"
  },
  {
    "Brand_Product_Size": "Alfa One Pure Rice Bran Oil 3L",
    "COL Price": 9,
    "COL ppu": "$0.30 per 100mL",
    "COL Size": "3L"
  },
  {
    "Brand_Product_Size": "Arnott's Chocolate Coated Teddy Bear Biscuits 200g",
    "COL Price": 4,
    "COL ppu": "$2.00 per 100G",
    "COL Size": "200g"
  },
  {
    "Brand_Product_Size": "Always Fresh Black Olives Sliced 235g",
    "COL Price": 3.47,
    "COL ppu": "$14.77 per 1Kg",
    "COL Size": "235g"
  },
  {
    "Brand_Product_Size": "Allen's Kool Mints 150g",
    "COL Price": 3,
    "COL ppu": "$2.00 per 100G",
    "COL Size": "150g"
  },
  {
    "Brand_Product_Size": "Coles Cauliflower Half each",
    "COL Price": 2,
    "COL ppu": "$2.00 per 1Ea",
    "COL Size": "each"
  },
  {
    "Brand_Product_Size": "Arnott's Tina Wafers 250g",
    "COL Price": 3.05,
    "COL ppu": "$1.22 per 100G",
    "COL Size": "250g"
  },
  {
    "Brand_Product_Size": "Coles Kitchen Scalloped Potato 350g",
    "COL Price": 6,
    "COL ppu": "$1.71 per 100G",
    "COL Size": "350g"
  },
  {
    "Brand_Product_Size": "Heinz Soup Of The Day Thai Style Chicken With Chilli & Lime Soup Pouch 430g",
    "COL Price": 3,
    "COL ppu": "$0.70 per 100G",
    "COL Size": "430g"
  },
  {
    "Brand_Product_Size": "Dine Perfect Portions Pate Entree with Delicate Whitefish & Tuna Wet Cat Food Tray 2 Pack 75g",
    "COL Price": 1.75,
    "COL ppu": "$2.33 per 100G",
    "COL Size": "75g"
  },
  {
    "Brand_Product_Size": "Coles Spiral Hair Coils 5 pack",
    "COL Price": 5.6,
    "COL ppu": "$1.12 per 1Ea",
    "COL Size": "5 pack"
  },
  {
    "Brand_Product_Size": "Atkins Plus Protein Packed Shake Iced Coffee Low Carb 400mL",
    "COL Price": 4.3,
    "COL ppu": "$1.08 per 100mL",
    "COL Size": "400mL"
  },
  {
    "Brand_Product_Size": "Coles Tomato Sauce 600mL",
    "COL Price": 1.8,
    "COL ppu": "$0.30 per 100mL",
    "COL Size": "600mL"
  },
  {
    "Brand_Product_Size": "Schwarzkopf Extra Care Supreme Length Hair Coditioner 400mL",
    "COL Price": 6.9,
    "COL ppu": "$1.73 per 100mL",
    "COL Size": "400mL"
  },
  {
    "Brand_Product_Size": "Swisse Ultiboost Magnesium 150mg 200 Tablets 1 pack",
    "COL Price": 19.5,
    "COL ppu": "$19.50 per 1Ea",
    "COL Size": "1 pack"
  },
  {
    "Brand_Product_Size": "Coles Nut Deluxe Dry Roasted Almonds & Peanuts 75g",
    "COL Price": 2,
    "COL ppu": "$2.67 per 100G",
    "COL Size": "75g"
  },
  {
    "Brand_Product_Size": "Ambi Pur Mini Clip Thai Dragon Fruit Car Air Freshener 2mL",
    "COL Price": 3,
    "COL ppu": "$15.00 per 10mL",
    "COL Size": "2mL"
  },
  {
    "Brand_Product_Size": "Uncle Tobys Blueberry & Ancient Grain Bars 5 pack 175g",
    "COL Price": 5,
    "COL ppu": "$2.86 per 100G",
    "COL Size": "175g"
  },
  {
    "Brand_Product_Size": "Coles Deli Pendle Leg Ham On the Bone approx. 125g",
    "COL Price": 3.125,
    "COL ppu": "$25.00 per 1Kg",
    "COL Size": "approx. 125g"
  },
  {
    "Brand_Product_Size": "Old El Paso Spice Mix For Guacamole Mild 30g",
    "COL Price": 2,
    "COL ppu": "$0.67 per 10G",
    "COL Size": "30g"
  },
  {
    "Brand_Product_Size": "Provedore Mild Chorizo Salami 100g",
    "COL Price": 6,
    "COL ppu": "$6.00 per 100G",
    "COL Size": "100g"
  },
  {
    "Brand_Product_Size": "Vaseline Hair Tonic Hair Preparation For Men 100mL",
    "COL Price": 6.6,
    "COL ppu": "$6.60 per 100mL",
    "COL Size": "100mL"
  },
  {
    "Brand_Product_Size": "Nature's Way Beauty Collagen Liquid 500mL",
    "COL Price": 29.4,
    "COL ppu": "$5.88 per 100mL",
    "COL Size": "500mL"
  },
  {
    "Brand_Product_Size": "Frank's Red Hot Buffalo Wings Sauce 148mL",
    "COL Price": 3,
    "COL ppu": "$2.03 per 100mL",
    "COL Size": "148mL"
  },
  {
    "Brand_Product_Size": "Canesten Athlete's Foot Cream 50g",
    "COL Price": 14,
    "COL ppu": "$28.00 per 100G",
    "COL Size": "50g"
  },
  {
    "Brand_Product_Size": "CSR White Sugar 500g",
    "COL Price": 1.55,
    "COL ppu": "$0.31 per 100G",
    "COL Size": "500g"
  },
  {
    "Brand_Product_Size": "Pantene 3 Minute Miracle Repair & Protect Conditioner 180mL",
    "COL Price": 8,
    "COL ppu": "$4.44 per 100mL",
    "COL Size": "180mL"
  },
  {
    "Brand_Product_Size": "Band-Aid Adhesive Clear Strips 40 pack",
    "COL Price": 5,
    "COL ppu": "$0.13 per 1Ea",
    "COL Size": "40 pack"
  },
  {
    "Brand_Product_Size": "3M Command Sawtooth Hanger 3 pack",
    "COL Price": 13.5,
    "COL ppu": "$13.50 per 1ea",
    "COL Size": "3 pack"
  },
  {
    "Brand_Product_Size": "Ayam Organic Coconut Cream 400mL",
    "COL Price": 3,
    "COL ppu": "$0.75 per 100mL",
    "COL Size": "400mL"
  },
  {
    "Brand_Product_Size": "Coles Kids Pack Pears 1kg",
    "COL Price": 3.5,
    "COL ppu": "$3.50 per 1Kg",
    "COL Size": "1kg"
  },
  {
    "Brand_Product_Size": "Devondale Semi Skim Long Life Milk 1L",
    "COL Price": 1.45,
    "COL ppu": "$1.45 per 1L",
    "COL Size": "1L"
  },
  {
    "Brand_Product_Size": "Coles Summer Fruits Muesli 750g",
    "COL Price": 3.1,
    "COL ppu": "$0.41 per 100G",
    "COL Size": "750g"
  },
  {
    "Brand_Product_Size": "Arnott's Tim Tam Crafted Salted Double Chocolate Biscuits 175g",
    "COL Price": 4,
    "COL ppu": "$2.29 per 100G",
    "COL Size": "175g"
  },
  {
    "Brand_Product_Size": "Coles Long Handled Section Comb 1 pack",
    "COL Price": 5.6,
    "COL ppu": "$5.60 per 1Ea",
    "COL Size": "1 pack"
  },
  {
    "Brand_Product_Size": "Dilmah Exceptional Rose With French Vanilla Tea 20 pack",
    "COL Price": 2,
    "COL ppu": "$0.10 per 1Ea",
    "COL Size": "20 pack"
  },
  {
    "Brand_Product_Size": "Mainland On The Go Extra Tasty Cheese & Artisan Crackers With Date & Apricot 38g",
    "COL Price": 2.5,
    "COL ppu": "",
    "COL Size": "38g"
  },
  {
    "Brand_Product_Size": "Lucozade Original Energy Drink 380mL",
    "COL Price": 2.35,
    "COL ppu": "$6.18 per 1L",
    "COL Size": "380mL"
  },
  {
    "Brand_Product_Size": "Aussie Bodies Keto Wafer Choc Hazelnut 35g",
    "COL Price": 3,
    "COL ppu": "$8.57 per 100G",
    "COL Size": "35g"
  },
  {
    "Brand_Product_Size": "Jols Forest Berries Pastilles 25g",
    "COL Price": 1.5,
    "COL ppu": "$6.00 per 100G",
    "COL Size": "25g"
  },
  {
    "Brand_Product_Size": "Bonds No Show Footlets Assorted Colours size 4+ 1 pack",
    "COL Price": 5,
    "COL ppu": "$5.00 per 1ea",
    "COL Size": "1 pack"
  },
  {
    "Brand_Product_Size": "Corams Baby Gripe Water 200mL",
    "COL Price": 6,
    "COL ppu": "$3.00 per 100mL",
    "COL Size": "200mL"
  },
  {
    "Brand_Product_Size": "Cat & Pals Balls With Bells Cat Toy 1 pack",
    "COL Price": 4,
    "COL ppu": "$4.00 per 1Ea",
    "COL Size": "1 pack"
  },
  {
    "Brand_Product_Size": "MTR Dal Fry Mild 300g",
    "COL Price": 2.75,
    "COL ppu": "$0.92 per 100G",
    "COL Size": "300g"
  },
  {
    "Brand_Product_Size": "Always Fresh Cucumbers Bread & Butter 700g",
    "COL Price": 3.7,
    "COL ppu": "$5.29 per 1Kg",
    "COL Size": "700g"
  },
  {
    "Brand_Product_Size": "Arnott's Tim Tam Double Coat Chocolate Biscuits 200g",
    "COL Price": 4,
    "COL ppu": "$2.00 per 100G",
    "COL Size": "200g"
  },
  {
    "Brand_Product_Size": "Easiyo Greek Style Coconut Yoghurt 240g",
    "COL Price": 4.7,
    "COL ppu": "$1.96 per 100G",
    "COL Size": "240g"
  },
  {
    "Brand_Product_Size": "Remedy Kombucha Mango Passion 750mL",
    "COL Price": 7.5,
    "COL ppu": "$10.00 per 1L",
    "COL Size": "750mL"
  },
  {
    "Brand_Product_Size": "Modo Ecoliving Recycled Coloured Pencils 12 pack",
    "COL Price": 3.2,
    "COL ppu": "$0.27 per 1Ea",
    "COL Size": "12 pack"
  },
  {
    "Brand_Product_Size": "Baby Mum-Mum Organic Rice Rusks Blueberry & Carrot 12+ Months 36g",
    "COL Price": 3,
    "COL ppu": "$8.33 per 100G",
    "COL Size": "36g"
  },
  {
    "Brand_Product_Size": "MasterFoods Butter Chicken Cooking Sauce 485g",
    "COL Price": 3.7,
    "COL ppu": "$0.76 per 100G",
    "COL Size": "485g"
  },
  {
    "Brand_Product_Size": "Aveeno Skin Relief Body Wash 1L",
    "COL Price": 25,
    "COL ppu": "$2.50 per 100mL",
    "COL Size": "1L"
  },
  {
    "Brand_Product_Size": "Coles Bake & Create Fantasy Sprinkles Jar 105g",
    "COL Price": 5.8,
    "COL ppu": "$5.52 per 100G",
    "COL Size": "105g"
  },
  {
    "Brand_Product_Size": "Haagen-Dazs Vanilla Ice Cream Tub 457mL",
    "COL Price": 7,
    "COL ppu": "$1.53 per 100mL",
    "COL Size": "457mL"
  },
  {
    "Brand_Product_Size": "Lemnos Cyprus Style Haloumi Cheese 180g",
    "COL Price": 6,
    "COL ppu": "$3.33 per 100G",
    "COL Size": "180g"
  },
  {
    "Brand_Product_Size": "Freedom Foods Barley+ Protein Clusters 400g",
    "COL Price": 6,
    "COL ppu": "$1.50 per 100G",
    "COL Size": "400g"
  },
  {
    "Brand_Product_Size": "Toshiba USB 3.0 BE03 16GB each",
    "COL Price": 12.8,
    "COL ppu": "$12.80 per 1Ea",
    "COL Size": "each"
  },
  {
    "Brand_Product_Size": "Coles Organic Spaghetti Pasta 500g",
    "COL Price": 1.65,
    "COL ppu": "$0.33 per 100G",
    "COL Size": "500g"
  },
  {
    "Brand_Product_Size": "TCC Light Coconut Cream 400mL",
    "COL Price": 2.15,
    "COL ppu": "$0.54 per 100mL",
    "COL Size": "400mL"
  },
  {
    "Brand_Product_Size": "Musashi Jam Donut Flavour Deluxe Protein Bar 60g",
    "COL Price": 3,
    "COL ppu": "$5.00 per 100G",
    "COL Size": "60g"
  },
  {
    "Brand_Product_Size": "Barkly Grandmother Full Leg Ham approx. 125g each",
    "COL Price": 4.375,
    "COL ppu": "$35.00 per 1Kg",
    "COL Size": "approx. 125g each"
  },
  {
    "Brand_Product_Size": "Gravox Roast Meat Gravy Mix 120g",
    "COL Price": 3.5,
    "COL ppu": "$0.29 per 10G",
    "COL Size": "120g"
  },
  {
    "Brand_Product_Size": "Somerdale Il Truffelino 150g",
    "COL Price": 8,
    "COL ppu": "$53.34 per 1Kg",
    "COL Size": "150g"
  },
  {
    "Brand_Product_Size": "Gillette Venus Embrace Shaving Razor & 2 Blade Refill 1 pack",
    "COL Price": 15,
    "COL ppu": "$15.00 per 1Ea",
    "COL Size": "1 pack"
  },
  {
    "Brand_Product_Size": "Betadine Ready To Use Sore Throat Gargle 120mL",
    "COL Price": 13.3,
    "COL ppu": "$11.08 per 100mL",
    "COL Size": "120mL"
  },
  {
    "Brand_Product_Size": "Ricci's Bikkies Garlic Olive & Parmesan 120g",
    "COL Price": 6.9,
    "COL ppu": "$5.75 per 100G",
    "COL Size": "120g"
  },
  {
    "Brand_Product_Size": "Childs Farm Strawberry & Organic Mint 3 In 1 Swim 250mL",
    "COL Price": 8,
    "COL ppu": "$3.20 per 100mL",
    "COL Size": "250mL"
  },
  {
    "Brand_Product_Size": "Schwarzkopf Extra Care Strong Hold Hair Spray 100g",
    "COL Price": 4.2,
    "COL ppu": "$4.20 per 100G",
    "COL Size": "100g"
  },
  {
    "Brand_Product_Size": "Coles Natural Macadamia 400g",
    "COL Price": 18,
    "COL ppu": "$45.00 per 1Kg",
    "COL Size": "400g"
  },
  {
    "Brand_Product_Size": "Sabco Slide To Wring Mop each",
    "COL Price": 30,
    "COL ppu": "$30.00 per 1Ea",
    "COL Size": "each"
  },
  {
    "Brand_Product_Size": "Heineken Non Alcohol 330mL 6 pack",
    "COL Price": 13,
    "COL ppu": "$6.57 per 1L",
    "COL Size": "6 pack"
  },
  {
    "Brand_Product_Size": "Freedom Foods Messy Monkeys A2 Protein Strawberry Flavoured Multipack Dairy Milk 200mL 6 pack",
    "COL Price": 6,
    "COL ppu": "$5.00 per 1L",
    "COL Size": "6 pack"
  },
  {
    "Brand_Product_Size": "Sunkist Orange Multipack Mini Cans 200mL 6 pack",
    "COL Price": 6.2,
    "COL ppu": "$5.17 per 1L",
    "COL Size": "6 pack"
  },
  {
    "Brand_Product_Size": "Aussie Bodies Shine Collagen Choc 45g",
    "COL Price": 3,
    "COL ppu": "$6.67 per 100G",
    "COL Size": "45g"
  },
  {
    "Brand_Product_Size": "Steggles Turkey Breast Mince 400g",
    "COL Price": 8,
    "COL ppu": "$20.00 per 1Kg",
    "COL Size": "400g"
  },
  {
    "Brand_Product_Size": "Mix No Shine Opaque Tights 70 Denier Black Tall/X-Tall 1 pack",
    "COL Price": 8,
    "COL ppu": "$8.00 per 1Ea",
    "COL Size": "1 pack"
  },
  {
    "Brand_Product_Size": "Richmond Valley Veal Sizzle Steak 400g",
    "COL Price": 16,
    "COL ppu": "$40.00 per 1Kg",
    "COL Size": "400g"
  },
  {
    "Brand_Product_Size": "Aussie Bodies Shine Collagen Coconut Delite 45g",
    "COL Price": 3,
    "COL ppu": "$6.67 per 100G",
    "COL Size": "45g"
  },
  {
    "Brand_Product_Size": "UW Womens Smooth Lines Bikini 14/16 2 pack",
    "COL Price": 12,
    "COL ppu": "$6.00 per 1Ea",
    "COL Size": "2 pack"
  },
  {
    "Brand_Product_Size": "Hart & Soul Gluten Free Thai Coconut Tom Kha Soup Pouch 400g",
    "COL Price": 3,
    "COL ppu": "$0.75 per 100G",
    "COL Size": "400g"
  },
  {
    "Brand_Product_Size": "Pandaroo Rice Seasoning Seaweed 50g",
    "COL Price": 5,
    "COL ppu": "$10.00 per 100G",
    "COL Size": "50g"
  },
  {
    "Brand_Product_Size": "Coles Ultimate Apple Pie Cookies 12 Pack 225g",
    "COL Price": 3.5,
    "COL ppu": "$1.56 per 100G",
    "COL Size": "225g"
  },
  {
    "Brand_Product_Size": "Nice & Natural Roasted Peanut Almond Bars 6 Pack 192g",
    "COL Price": 4,
    "COL ppu": "$2.08 per 100G",
    "COL Size": "192g"
  },
  {
    "Brand_Product_Size": "I&J Lemon Crumb Fish Fillets 550g",
    "COL Price": 6,
    "COL ppu": "$10.91 per 1Kg",
    "COL Size": "550g"
  },
  {
    "Brand_Product_Size": "Republica Organic Magnesium Muscle Recovery 20 pack",
    "COL Price": 10,
    "COL ppu": "$0.50 per 1Ea",
    "COL Size": "20 pack"
  },
  {
    "Brand_Product_Size": "Blackmores Super Strength Horseradish Garlic + C Capsules 50 pack",
    "COL Price": 18,
    "COL ppu": "$36.00 per 100Ea",
    "COL Size": "50 pack"
  },
  {
    "Brand_Product_Size": "Nature's Gift Duck Chicken & Vegetable Canned Dog Food 700g",
    "COL Price": 2,
    "COL ppu": "$0.29 per 100G",
    "COL Size": "700g"
  },
  {
    "Brand_Product_Size": "Gravox Roast Pork Gravy 165g",
    "COL Price": 2,
    "COL ppu": "$0.12 per 10G",
    "COL Size": "165g"
  },
  {
    "Brand_Product_Size": "MasterFoods Slow Cooker Beef & Red Wine Casserole Recipe Base 175g",
    "COL Price": 2.2,
    "COL ppu": "$1.26 per 100G",
    "COL Size": "175g"
  },
  {
    "Brand_Product_Size": "Clairol Natural Instincts 2 Midnight Black Hair Colour 1 pack",
    "COL Price": 12.8,
    "COL ppu": "$12.80 per 1Ea",
    "COL Size": "1 pack"
  },
  {
    "Brand_Product_Size": "Coles Powergreens Veggie Shred 300g",
    "COL Price": 4,
    "COL ppu": "$13.33 per 1Kg",
    "COL Size": "300g"
  },
  {
    "Brand_Product_Size": "Carman's Fibre Rich Probiotic Honey & Almond 240g",
    "COL Price": 4,
    "COL ppu": "$1.67 per 100G",
    "COL Size": "240g"
  },
  {
    "Brand_Product_Size": "Bonds No Show Footlets Assorted Colours size 8+ each",
    "COL Price": 5,
    "COL ppu": "$5.00 per 1ea",
    "COL Size": "each"
  },
  {
    "Brand_Product_Size": "Coles Liquorice Allsorts 300g",
    "COL Price": 2,
    "COL ppu": "$0.67 per 100G",
    "COL Size": "300g"
  },
  {
    "Brand_Product_Size": "Coles Canola Oil 4L",
    "COL Price": 8.8,
    "COL ppu": "$0.22 per 100mL",
    "COL Size": "4L"
  },
  {
    "Brand_Product_Size": "Queen Finest Madagascar Vanilla Bean Paste 50g",
    "COL Price": 10,
    "COL ppu": "$20.00 per 100G",
    "COL Size": "50g"
  },
  {
    "Brand_Product_Size": "Black Swan Crafted Smoked Salmon & Avocado Dip 200g",
    "COL Price": 4.3,
    "COL ppu": "$2.15 per 100G",
    "COL Size": "200g"
  },
  {
    "Brand_Product_Size": "Coles Brown Paper Lunch Bags 100 pack",
    "COL Price": 2.5,
    "COL ppu": "$0.03 per 1Ea",
    "COL Size": "100 pack"
  },
  {
    "Brand_Product_Size": "Coles Passionfruit Pot 2 pack",
    "COL Price": 5,
    "COL ppu": "$2.50 per 1Ea",
    "COL Size": "2 pack"
  },
  {
    "Brand_Product_Size": "Sabco Big Scrub Brush each",
    "COL Price": 7,
    "COL ppu": "$7.00 per 1Ea",
    "COL Size": "each"
  },
  {
    "Brand_Product_Size": "Creative Gourmet Pancake Bites Proffertjes 255g",
    "COL Price": 8,
    "COL ppu": "$3.14 per 100G",
    "COL Size": "255g"
  },
  {
    "Brand_Product_Size": "Nuttelex Olive Spread 500g",
    "COL Price": 3.2,
    "COL ppu": "$0.64 per 100G",
    "COL Size": "500g"
  },
  {
    "Brand_Product_Size": "Nature's Way Plant Wisdom Vegan Multi-Vitamin Tablets 60 pack",
    "COL Price": 12.5,
    "COL ppu": "$0.21 per 1Ea",
    "COL Size": "60 pack"
  },
  {
    "Brand_Product_Size": "Birds Eye Deli Flat Head Fish Bites 250g",
    "COL Price": 9,
    "COL ppu": "$36.00 per 1Kg",
    "COL Size": "250g"
  },
  {
    "Brand_Product_Size": "Coles Roast Herb Select Punnet 20g",
    "COL Price": 3.9,
    "COL ppu": "$1.95 per 10G",
    "COL Size": "20g"
  },
  {
    "Brand_Product_Size": "Coles Rockmelon Half each",
    "COL Price": 2.7,
    "COL ppu": "$2.70 per 1Ea",
    "COL Size": "each"
  },
  {
    "Brand_Product_Size": "Magazine Woman's Day Super Puzzler each",
    "COL Price": 5.5,
    "COL ppu": "$5.50 per 1Ea",
    "COL Size": "each"
  },
  {
    "Brand_Product_Size": "Nature Valley Crunchy Oats & Honey Family 504g",
    "COL Price": 8,
    "COL ppu": "$1.59 per 100G",
    "COL Size": "504g"
  },
  {
    "Brand_Product_Size": "Sprite Lemon-Lime Flavour Multipack Cans 375mL 24 pack",
    "COL Price": 16.17,
    "COL ppu": "$1.80 per 1L",
    "COL Size": "24 pack"
  },
  {
    "Brand_Product_Size": "Farmers Union Yoghurt Strawberry 950g",
    "COL Price": 5.5,
    "COL ppu": "$0.58 per 100G",
    "COL Size": "950g"
  },
  {
    "Brand_Product_Size": "2XP SPF 50+ Hydrate Sunscreen Lotion 400mL",
    "COL Price": 25,
    "COL ppu": "$6.25 per 100mL",
    "COL Size": "400mL"
  },
  {
    "Brand_Product_Size": "Purr Chicken With Ocean Fish Adult Dry Cat Food 1kg",
    "COL Price": 7.5,
    "COL ppu": "$7.50 per 1Kg",
    "COL Size": "1kg"
  },
  {
    "Brand_Product_Size": "Maggi Apricot Chicken Real Herbs & Spices Dry Recipe Base 35g",
    "COL Price": 1.75,
    "COL ppu": "$5.00 per 100G",
    "COL Size": "35g"
  },
  {
    "Brand_Product_Size": "Gaganis Original Sesame Halva With Cocoa 250g",
    "COL Price": 5,
    "COL ppu": "$2.00 per 100G",
    "COL Size": "250g"
  },
  {
    "Brand_Product_Size": "Peckish Original Rice Crackers 100g",
    "COL Price": 2.2,
    "COL ppu": "$2.20 per 100G",
    "COL Size": "100g"
  },
  {
    "Brand_Product_Size": "Mcvitie's Jaffa Cakes Biscuits Choc 110g",
    "COL Price": 3,
    "COL ppu": "$2.73 per 100G",
    "COL Size": "110g"
  },
  {
    "Brand_Product_Size": "Wellaby's Classic Cheese Crackers 100g",
    "COL Price": 4,
    "COL ppu": "$4.00 per 100G",
    "COL Size": "100g"
  },
  {
    "Brand_Product_Size": "Coles Swiss Style Cheese Slices 200g",
    "COL Price": 3.7,
    "COL ppu": "$1.85 per 100G",
    "COL Size": "200g"
  },
  {
    "Brand_Product_Size": "Sanofi Glycerine 200mL",
    "COL Price": 9,
    "COL ppu": "$4.50 per 100mL",
    "COL Size": "200mL"
  },
  {
    "Brand_Product_Size": "Coles Kitchen Vegetable Lasagne 1.2 kg",
    "COL Price": 12,
    "COL ppu": "$1.00 per 100G",
    "COL Size": "1.2 kg"
  },
  {
    "Brand_Product_Size": "T2 Melbourne Breakfast Flavoured Black Tea Bags 25 pack 50g",
    "COL Price": 14,
    "COL ppu": "$28.00 per 100G",
    "COL Size": "50g"
  },
  {
    "Brand_Product_Size": "Lindt Excellence Orange Dark Chocolate Block 100g",
    "COL Price": 4.5,
    "COL ppu": "$4.50 per 100G",
    "COL Size": "100g"
  },
  {
    "Brand_Product_Size": "Deli Express Hans Mild Twiggy 500g",
    "COL Price": 12.5,
    "COL ppu": "$25.00 per 1Kg",
    "COL Size": "500g"
  },
  {
    "Brand_Product_Size": "Coles Creamy Vegetable With Croutons Soup Serves 2 60g",
    "COL Price": 1,
    "COL ppu": "$1.67 per 100G",
    "COL Size": "60g"
  },
  {
    "Brand_Product_Size": "Eco Tools Essential Eye Collection 6 pack",
    "COL Price": 20,
    "COL ppu": "$20.00 per 1Ea",
    "COL Size": "6 pack"
  },
  {
    "Brand_Product_Size": "Coles Finest Fig & Walnut Pepperberry Paste 100g",
    "COL Price": 4.5,
    "COL ppu": "$4.50 per 100G",
    "COL Size": "100g"
  },
  {
    "Brand_Product_Size": "Kikkoman Gluten Free Soy Sauce 250mL",
    "COL Price": 4.5,
    "COL ppu": "$1.80 per 100mL",
    "COL Size": "250mL"
  },
  {
    "Brand_Product_Size": "Arnott's Full O' Fruit Biscuits 250g",
    "COL Price": 3.5,
    "COL ppu": "$1.40 per 100G",
    "COL Size": "250g"
  },
  {
    "Brand_Product_Size": "Soda Press Co Classic Indian Syrup 440mL",
    "COL Price": 7,
    "COL ppu": "$14.00 per 1L",
    "COL Size": "440mL"
  },
  {
    "Brand_Product_Size": "Cancer Council Face Moisturiser Sunscreen SPF 50+ Medium 75mL",
    "COL Price": 13,
    "COL ppu": "$17.33 per 100mL",
    "COL Size": "75mL"
  },
  {
    "Brand_Product_Size": "Actizyme Drain & Septic Cleaner 450g",
    "COL Price": 21,
    "COL ppu": "$4.67 per 100G",
    "COL Size": "450g"
  },
  {
    "Brand_Product_Size": "Coles Free Range Jumbo Eggs 12 pack 800g",
    "COL Price": 5,
    "COL ppu": "$0.63 per 100G",
    "COL Size": "800g"
  },
  {
    "Brand_Product_Size": "Squeaky Gate All Rounder Australian Extra Virgin Olive Oil 375mL",
    "COL Price": 5.5,
    "COL ppu": "$1.47 per 100mL",
    "COL Size": "375mL"
  },
  {
    "Brand_Product_Size": "Morning Fresh Ultimate Lemon Dishwashing Liquid 350mL",
    "COL Price": 4.3,
    "COL ppu": "$1.23 per 100mL",
    "COL Size": "350mL"
  },
  {
    "Brand_Product_Size": "Bega Strong & Bitey Vintage Cheese Block 500g",
    "COL Price": 8,
    "COL ppu": "$1.60 per 100G",
    "COL Size": "500g"
  },
  {
    "Brand_Product_Size": "Pedigree Homestyle Lamb Pasta & Vegies Adult Wet Dog Food Can 1.2kg",
    "COL Price": 3.5,
    "COL ppu": "$0.29 per 100G",
    "COL Size": "1.2kg"
  },
  {
    "Brand_Product_Size": "Coles Bakery Hot Dog Rolls 6 pack",
    "COL Price": 2,
    "COL ppu": "$0.33 per 1Ea",
    "COL Size": "6 pack"
  },
  {
    "Brand_Product_Size": "Coles Organic Full Cream Milk 1L",
    "COL Price": 1.9,
    "COL ppu": "$1.90 per 1L",
    "COL Size": "1L"
  },
  {
    "Brand_Product_Size": "Coles Kitchen Superfood Vegetable Mix 350g",
    "COL Price": 3,
    "COL ppu": "$0.86 per 100G",
    "COL Size": "350g"
  },
  {
    "Brand_Product_Size": "Eight Mile Beef Rib Eye Steak with Truffle Butter 400g",
    "COL Price": 19,
    "COL ppu": "$4.75 per 100G",
    "COL Size": "400g"
  },
  {
    "Brand_Product_Size": "Bio Nature Organic Lentils 400g",
    "COL Price": 1.6,
    "COL ppu": "$4.00 per 1Kg",
    "COL Size": "400g"
  },
  {
    "Brand_Product_Size": "Coles Pillow Sandwich Bags 150 pack",
    "COL Price": 1,
    "COL ppu": "$0.01 per 1Ea",
    "COL Size": "150 pack"
  },
  {
    "Brand_Product_Size": "Coles Cajun Seasoning Hot 51g",
    "COL Price": 2.4,
    "COL ppu": "$0.47 per 10G",
    "COL Size": "51g"
  },
  {
    "Brand_Product_Size": "Jif Power & Shine Spray Bathroom 700mL",
    "COL Price": 2.5,
    "COL ppu": "$0.36 per 100mL",
    "COL Size": "700mL"
  },
  {
    "Brand_Product_Size": "Coles Good Yums Kids Vanilla Yoghurt Pouch 100g",
    "COL Price": 1.2,
    "COL ppu": "$1.20 per 100G",
    "COL Size": "100g"
  },
  {
    "Brand_Product_Size": "Willow Small Gel Ice Pack 3 pack",
    "COL Price": 10,
    "COL ppu": "$3.33 per 1Ea",
    "COL Size": "3 pack"
  },
  {
    "Brand_Product_Size": "Nature's Gift Just Natural Meal Time With Beef Barley & Vegetables Dog Food 1.2kg",
    "COL Price": 3.5,
    "COL ppu": "$0.29 per 100G",
    "COL Size": "1.2kg"
  },
  {
    "Brand_Product_Size": "Bertocchi Sliced Triple Smoked Leg Ham approx.125g",
    "COL Price": 3.25,
    "COL ppu": "$26.00 per 1Kg",
    "COL Size": "approx.125g"
  },
  {
    "Brand_Product_Size": "Coles Deli Thawed Cooked Peeled Prawns Cutlets approx. 250g",
    "COL Price": 7.25,
    "COL ppu": "$29.00 per 1Kg",
    "COL Size": "approx. 250g"
  },
  {
    "Brand_Product_Size": "Trill Fruit & Nut Blend Bird Food 200g",
    "COL Price": 4,
    "COL ppu": "$2.00 per 100G",
    "COL Size": "200g"
  },
  {
    "Brand_Product_Size": "Coles Kitchen Kaleslaw Salad Kit 350g",
    "COL Price": 5,
    "COL ppu": "$14.29 per 1Kg",
    "COL Size": "350g"
  },
  {
    "Brand_Product_Size": "Coles Bolognese Arancini 120g",
    "COL Price": 2.8,
    "COL ppu": "$2.33 per 100G",
    "COL Size": "120g"
  },
  {
    "Brand_Product_Size": "Coles Cornflour 300g",
    "COL Price": 1.5,
    "COL ppu": "$5.00 per 1Kg",
    "COL Size": "300g"
  },
  {
    "Brand_Product_Size": "Coles Puffed Rice Bar Chocolate 120g",
    "COL Price": 2.5,
    "COL ppu": "$2.08 per 100G",
    "COL Size": "120g"
  },
  {
    "Brand_Product_Size": "Tooshies By Tom Organic Bamboo Nappies Size 3 Crawler 44 pack",
    "COL Price": 20,
    "COL ppu": "$0.45 per 1Ea",
    "COL Size": "44 pack"
  },
  {
    "Brand_Product_Size": "Coles Beetroot & Almond Dip 150g",
    "COL Price": 3,
    "COL ppu": "$2.00 per 100G",
    "COL Size": "150g"
  },
  {
    "Brand_Product_Size": "Mix Silky Control Pantyhose Black Ave 1 pack",
    "COL Price": 4,
    "COL ppu": "$4.00 per 1Ea",
    "COL Size": "1 pack"
  },
  {
    "Brand_Product_Size": "L'Oreal Revitalift Ginseng Glow Energising Day Cream 50mL",
    "COL Price": 27.3,
    "COL ppu": "$54.60 per 100mL",
    "COL Size": "50mL"
  },
  {
    "Brand_Product_Size": "Arnott's Classic Dark Chocolate Tim Tam 200g",
    "COL Price": 4,
    "COL ppu": "$2.00 per 100G",
    "COL Size": "200g"
  },
  {
    "Brand_Product_Size": "Mortein Fast Knockdown Multi Insect Killer Spray 300g",
    "COL Price": 8.5,
    "COL ppu": "$2.83 per 100G",
    "COL Size": "300g"
  },
  {
    "Brand_Product_Size": "Colgate 360 Degree Medium Toothbrush 1 pack",
    "COL Price": 5,
    "COL ppu": "$5.00 per 1Ea",
    "COL Size": "1 pack"
  },
  {
    "Brand_Product_Size": "Health Lab Peanut Butter Choc Nut Butterball 3x40g 120g",
    "COL Price": 8,
    "COL ppu": "$6.67 per 100G",
    "COL Size": "120g"
  },
  {
    "Brand_Product_Size": "Mildura Original Orange Mango 2L",
    "COL Price": 4,
    "COL ppu": "$2.00 per 1L",
    "COL Size": "2L"
  },
  {
    "Brand_Product_Size": "Pro:Voke Touch Of Silver Intensive Brightening Shampoo 200mL",
    "COL Price": 13,
    "COL ppu": "$6.50 per 100mL",
    "COL Size": "200mL"
  },
  {
    "Brand_Product_Size": "Coles Minced Garlic 250g",
    "COL Price": 1.25,
    "COL ppu": "$0.05 per 10G",
    "COL Size": "250g"
  },
  {
    "Brand_Product_Size": "Coles I'M Free From Scotch Fingers 175g",
    "COL Price": 3,
    "COL ppu": "$1.71 per 100G",
    "COL Size": "175g"
  },
  {
    "Brand_Product_Size": "Coles Orange & Mango Juice 3L",
    "COL Price": 4.2,
    "COL ppu": "$1.40 per 1L",
    "COL Size": "3L"
  },
  {
    "Brand_Product_Size": "Kvuzat Yavneh Cucumber In Mini Brine 540g",
    "COL Price": 5.7,
    "COL ppu": "$1.06 per 100G",
    "COL Size": "540g"
  },
  {
    "Brand_Product_Size": "McCain Man Size Chicken Kiev 480g",
    "COL Price": 6,
    "COL ppu": "$1.25 per 100G",
    "COL Size": "480g"
  },
  {
    "Brand_Product_Size": "Liddells Chocolate Flavoured Long Life Milk 1L",
    "COL Price": 3.25,
    "COL ppu": "$3.25 per 1L",
    "COL Size": "1L"
  },
  {
    "Brand_Product_Size": "Alpro Yoghurt Cashew Blueberry Acai 500g",
    "COL Price": 7,
    "COL ppu": "$1.40 per 100G",
    "COL Size": "500g"
  },
  {
    "Brand_Product_Size": "Heinz Soup of The Day Spicy Pumpkin Pouch 430g",
    "COL Price": 3,
    "COL ppu": "$0.70 per 100G",
    "COL Size": "430g"
  },
  {
    "Brand_Product_Size": "Artisan Muscatels On Vine 100g",
    "COL Price": 9,
    "COL ppu": "$90.00 per 1Kg",
    "COL Size": "100g"
  },
  {
    "Brand_Product_Size": "Polident Denture Cleansing Wipes 20 pack",
    "COL Price": 5,
    "COL ppu": "$0.25 per 1Ea",
    "COL Size": "20 pack"
  },
  {
    "Brand_Product_Size": "Coles Kitchen 2 Plain Naan 350g",
    "COL Price": 3.5,
    "COL ppu": "$1.00 per 100G",
    "COL Size": "350g"
  },
  {
    "Brand_Product_Size": "Super Nature Frozen Super Protein Satay Chicken with Quinoa, Chickpea & Wild Rice Mix Wellness Bowl 350g",
    "COL Price": 6.3,
    "COL ppu": "$1.80 per 100G",
    "COL Size": "350g"
  },
  {
    "Brand_Product_Size": "Robert Timms Premium Espresso Extra Dark Roasted Granulated Coffee 200g",
    "COL Price": 8,
    "COL ppu": "$4.00 per 100G",
    "COL Size": "200g"
  },
  {
    "Brand_Product_Size": "Podravka Proljetna Spring Vegetable Soup 60g",
    "COL Price": 2.35,
    "COL ppu": "$3.92 per 100G",
    "COL Size": "60g"
  },
  {
    "Brand_Product_Size": "McKenzie's Sea Salt Grinder 410g",
    "COL Price": 7.5,
    "COL ppu": "$0.18 per 10G",
    "COL Size": "410g"
  },
  {
    "Brand_Product_Size": "Coles Kitchen Chicken Korma & Rice 350g",
    "COL Price": 6.5,
    "COL ppu": "$1.86 per 100G",
    "COL Size": "350g"
  },
  {
    "Brand_Product_Size": "McCain Hash Browns 6 pack 390g",
    "COL Price": 1.25,
    "COL ppu": "$0.32 per 100G",
    "COL Size": "390g"
  },
  {
    "Brand_Product_Size": "Baci Assorted Chocolate Truffle With Hazelnuts 175g",
    "COL Price": 9.5,
    "COL ppu": "$5.43 per 100G",
    "COL Size": "175g"
  },
  {
    "Brand_Product_Size": "Coles Apricot Spread 460g",
    "COL Price": 1.3,
    "COL ppu": "$0.28 per 100G",
    "COL Size": "460g"
  },
  {
    "Brand_Product_Size": "Coles Cherry Bocconcini 220g",
    "COL Price": 4,
    "COL ppu": "$1.82 per 100G",
    "COL Size": "220g"
  },
  {
    "Brand_Product_Size": "Jalna Pouch Of Purity Organic Strawberry Yoghurt 100g",
    "COL Price": 1,
    "COL ppu": "$1.00 per 100G",
    "COL Size": "100g"
  },
  {
    "Brand_Product_Size": "Pampas Frozen Filo Pastry 18-20 Sheets 375g",
    "COL Price": 4,
    "COL ppu": "$1.07 per 100G",
    "COL Size": "375g"
  },
  {
    "Brand_Product_Size": "Perfect Italiano Parmesan Cheese Block 200g",
    "COL Price": 5,
    "COL ppu": "$25.00 per 1Kg",
    "COL Size": "200g"
  },
  {
    "Brand_Product_Size": "Cascade Dry Ginger Ale Multipack Mini Cans 200mL 4 pack",
    "COL Price": 4.4,
    "COL ppu": "$5.50 per 1L",
    "COL Size": "4 pack"
  },
  {
    "Brand_Product_Size": "L'Oreal True Match Foundation Vanilla N2 30mL",
    "COL Price": 21,
    "COL ppu": "$7.00 per 10mL",
    "COL Size": "30mL"
  },
  {
    "Brand_Product_Size": "Chocofreta Plain Milk Chocolate Covered Wafer 38g",
    "COL Price": 1.65,
    "COL ppu": "$4.34 per 100G",
    "COL Size": "38g"
  },
  {
    "Brand_Product_Size": "Cook & Dine Porcelain Mug each",
    "COL Price": 1,
    "COL ppu": "$1.00 per 1Ea",
    "COL Size": "each"
  },
  {
    "Brand_Product_Size": "Coles Spirals Pasta 500g",
    "COL Price": 0.8,
    "COL ppu": "$0.16 per 100G",
    "COL Size": "500g"
  },
  {
    "Brand_Product_Size": "Mentos Mint Multipack 112g",
    "COL Price": 2.6,
    "COL ppu": "$2.32 per 100G",
    "COL Size": "112g"
  },
  {
    "Brand_Product_Size": "Dr. Oetker Frozen Gluten Free Ristorante Mozzarella Pizza 370g",
    "COL Price": 9.5,
    "COL ppu": "$2.57 per 100G",
    "COL Size": "370g"
  },
  {
    "Brand_Product_Size": "Cottons Ultra Thin with Wings Regular Pads 14 pack",
    "COL Price": 4.9,
    "COL ppu": "$0.35 per 1Ea",
    "COL Size": "14 pack"
  },
  {
    "Brand_Product_Size": "Twinings Lemon & Ginger Herbal Infusions Tea Bags 10 pack 15g",
    "COL Price": 2.9,
    "COL ppu": "$0.29 per 1Ea",
    "COL Size": "15g"
  },
  {
    "Brand_Product_Size": "Ollies Kitchen Gnocchi Pumpkin 500g",
    "COL Price": 3.75,
    "COL ppu": "$0.75 per 100G",
    "COL Size": "500g"
  },
  {
    "Brand_Product_Size": "Coles Kanzi Apples approx. 180g each",
    "COL Price": 1.17,
    "COL ppu": "$6.50 per 1Kg",
    "COL Size": "approx. 180g each"
  },
  {
    "Brand_Product_Size": "Skin Republic Pink Holographic Peel Off Mask 25mL",
    "COL Price": 13,
    "COL ppu": "$5.20 per 10mL",
    "COL Size": "25mL"
  },
  {
    "Brand_Product_Size": "Nivea Sun Sensitive Skin Moisturising Sunscreen SPF50+ + Aloe Vera & Chamomile 100mL",
    "COL Price": 11,
    "COL ppu": "$11.00 per 100mL",
    "COL Size": "100mL"
  },
  {
    "Brand_Product_Size": "Coles Natural Spring Water 600mL 24 pack",
    "COL Price": 9,
    "COL ppu": "$0.63 per 1L",
    "COL Size": "24 pack"
  },
  {
    "Brand_Product_Size": "Elastoplast Ankle Support each",
    "COL Price": 15,
    "COL ppu": "$15.00 per 1Ea",
    "COL Size": "each"
  },
  {
    "Brand_Product_Size": "Caltrate Bone & Muscle Calcium with Vitamin D3 100 Tablets 1 pack",
    "COL Price": 17,
    "COL ppu": "$17.00 per 1Ea",
    "COL Size": "1 pack"
  },
  {
    "Brand_Product_Size": "Huggies Ultra Dry Nappy For Girls 16 Kg & Over Size 6 30 pack",
    "COL Price": 13,
    "COL ppu": "$0.43 per 1Ea",
    "COL Size": "30 pack"
  },
  {
    "Brand_Product_Size": "Herbert Adams Frozen Slow Cooked Beef with Portobello Mushroom & Merlot Pies 2pack 400g",
    "COL Price": 7.8,
    "COL ppu": "$1.95 per 100G",
    "COL Size": "400g"
  },
  {
    "Brand_Product_Size": "Chux Non Scratch Scourer Scrub 6 pack",
    "COL Price": 4.8,
    "COL ppu": "$0.80 per 1Ea",
    "COL Size": "6 pack"
  },
  {
    "Brand_Product_Size": "Podravka Chicken Paste 95g",
    "COL Price": 2.1,
    "COL ppu": "$2.21 per 100G",
    "COL Size": "95g"
  },
  {
    "Brand_Product_Size": "Harvest Box We Love Nuts 135g",
    "COL Price": 4.95,
    "COL ppu": "$3.67 per 100G",
    "COL Size": "135g"
  },
  {
    "Brand_Product_Size": "Heritage Mill Caramel Coffee Clusters Muesli 1kg",
    "COL Price": 7,
    "COL ppu": "$0.70 per 100G",
    "COL Size": "1kg"
  },
  {
    "Brand_Product_Size": "Cetaphil Daily Advance Ultra Hydrating Moisturiser for Dry to Very Dry Skin 226g",
    "COL Price": 15.4,
    "COL ppu": "$6.81 per 100G",
    "COL Size": "226g"
  },
  {
    "Brand_Product_Size": "Freedom Foods Ultra Rice Maple Crunch Gluten Free 300g",
    "COL Price": 5,
    "COL ppu": "$1.67 per 100G",
    "COL Size": "300g"
  },
  {
    "Brand_Product_Size": "Coles Green Cucumber each",
    "COL Price": 2.2,
    "COL ppu": "$2.20 per 1Ea",
    "COL Size": "each"
  },
  {
    "Brand_Product_Size": "Continental Cream Of Chicken Soup Serves 4 45g",
    "COL Price": 1.4,
    "COL ppu": "$3.11 per 100G",
    "COL Size": "45g"
  },
  {
    "Brand_Product_Size": "Coles Asia Vermicelli Rice Noodle 340g",
    "COL Price": 2,
    "COL ppu": "$0.59 per 100G",
    "COL Size": "340g"
  },
  {
    "Brand_Product_Size": "Cadbury Dairy Milk Chocolate Roll Pack 55g",
    "COL Price": 1,
    "COL ppu": "$1.82 per 100G",
    "COL Size": "55g"
  },
  {
    "Brand_Product_Size": "Whittaker's Jelly Tip Chocolate Block 250g",
    "COL Price": 6,
    "COL ppu": "$2.40 per 100G",
    "COL Size": "250g"
  },
  {
    "Brand_Product_Size": "Ferrero Rocher 16 Pack Boxed Chocolate Gift 200g",
    "COL Price": 13.5,
    "COL ppu": "$6.75 per 100G",
    "COL Size": "200g"
  },
  {
    "Brand_Product_Size": "Huggies Ultra Dry Nappy Pants For Boys 9-14 Kg Size 4 29 pack",
    "COL Price": 17,
    "COL ppu": "$0.59 per 1Ea",
    "COL Size": "29 pack"
  },
  {
    "Brand_Product_Size": "Gravox Diane Finishing Sauce 165g",
    "COL Price": 2,
    "COL ppu": "$1.21 per 100G",
    "COL Size": "165g"
  },
  {
    "Brand_Product_Size": "Siena Cafe Crema Whole Roasted Coffee Beans 1kg",
    "COL Price": 10.6,
    "COL ppu": "$10.60 per 1Kg",
    "COL Size": "1kg"
  },
  {
    "Brand_Product_Size": "Herbal Essences Coconut Milk Mask 50mL",
    "COL Price": 5,
    "COL ppu": "$10.00 per 100mL",
    "COL Size": "50mL"
  },
  {
    "Brand_Product_Size": "Coles Mexico Smokey Salsa Roja Medium 300g",
    "COL Price": 4,
    "COL ppu": "$1.33 per 100G",
    "COL Size": "300g"
  },
  {
    "Brand_Product_Size": "Coles Red Kidney Beans 420g",
    "COL Price": 0.8,
    "COL ppu": "$0.19 per 100G",
    "COL Size": "420g"
  },
  {
    "Brand_Product_Size": "Rexona Women Advanced Antiperspirant 220mL",
    "COL Price": 7.5,
    "COL ppu": "$3.41 per 100mL",
    "COL Size": "220mL"
  },
  {
    "Brand_Product_Size": "Sunbites Sea Salt Snack Crackers 105g",
    "COL Price": 3,
    "COL ppu": "$2.86 per 100G",
    "COL Size": "105g"
  },
  {
    "Brand_Product_Size": "Coles Kitchen Garlic & Herb Flatbread 210g",
    "COL Price": 3,
    "COL ppu": "$1.43 per 100G",
    "COL Size": "210g"
  },
  {
    "Brand_Product_Size": "Korbond Dark Thread Selection 12 pack",
    "COL Price": 3.5,
    "COL ppu": "$3.50 per 1Ea",
    "COL Size": "12 pack"
  },
  {
    "Brand_Product_Size": "U By Kotex Ultrathin Sport Regular Wings 12 pack",
    "COL Price": 4.5,
    "COL ppu": "$0.38 per 1Ea",
    "COL Size": "12 pack"
  },
  {
    "Brand_Product_Size": "Ostelin Calcium & Vitamin D3 Tablets 60 pack",
    "COL Price": 11,
    "COL ppu": "$0.18 per 1Ea",
    "COL Size": "60 pack"
  },
  {
    "Brand_Product_Size": "Coles Smoke Flavour Tuna 95g",
    "COL Price": 0.9,
    "COL ppu": "$0.95 per 100G",
    "COL Size": "95g"
  },
  {
    "Brand_Product_Size": "Love' Em Beef Straps Dog Treat 150g",
    "COL Price": 3,
    "COL ppu": "$2.00 per 100G",
    "COL Size": "150g"
  },
  {
    "Brand_Product_Size": "Kb's Basa Fillets 1kg",
    "COL Price": 7.5,
    "COL ppu": "$7.50 per 1Kg",
    "COL Size": "1kg"
  },
  {
    "Brand_Product_Size": "Nature Valley Crunchy Oats & Honey 6 Twin Bars 252g",
    "COL Price": 5.5,
    "COL ppu": "$2.18 per 100G",
    "COL Size": "252g"
  },
  {
    "Brand_Product_Size": "Cadbury Freddo Party Cake Ice Cream 1.5L",
    "COL Price": 15,
    "COL ppu": "$1.00 per 100mL",
    "COL Size": "1.5L"
  },
  {
    "Brand_Product_Size": "Black Swan Spring Onion Dip 200g",
    "COL Price": 3.5,
    "COL ppu": "$1.75 per 100G",
    "COL Size": "200g"
  },
  {
    "Brand_Product_Size": "Sanitarium So Good Long Life Unsweetened Cashew Milk 1L",
    "COL Price": 3,
    "COL ppu": "$3.00 per 1L",
    "COL Size": "1L"
  },
  {
    "Brand_Product_Size": "Coles Finest Dutch Palmiers With Cheese & Onion 100g",
    "COL Price": 4,
    "COL ppu": "$4.00 per 100G",
    "COL Size": "100g"
  },
  {
    "Brand_Product_Size": "Oak Chocolate Flavoured Milk 300mL",
    "COL Price": 2.1,
    "COL ppu": "$7.00 per 1L",
    "COL Size": "300mL"
  },
  {
    "Brand_Product_Size": "Nutty Bruce Organic Almond & Oat Milk 1L",
    "COL Price": 5.5,
    "COL ppu": "$5.50 per 1L",
    "COL Size": "1L"
  },
  {
    "Brand_Product_Size": "Coles Shredded Pizza Blend 700g",
    "COL Price": 7.7,
    "COL ppu": "$1.10 per 100G",
    "COL Size": "700g"
  },
  {
    "Brand_Product_Size": "Babylove Unisex Stretchy Junior Nappy Pants 15-25 Kg Size 6 22 pack",
    "COL Price": 17,
    "COL ppu": "$0.77 per 1Ea",
    "COL Size": "22 pack"
  },
  {
    "Brand_Product_Size": "Red Rock Deli Variety Multipack Potato Chips 10 pack",
    "COL Price": 5.5,
    "COL ppu": "$1.96 per 100G",
    "COL Size": "10 pack"
  },
  {
    "Brand_Product_Size": "Lavazza Prontissimo Coffee Espresso 95g",
    "COL Price": 10,
    "COL ppu": "$10.53 per 100G",
    "COL Size": "95g"
  },
  {
    "Brand_Product_Size": "Total Care Knot Remover & Flea Comb Dog 1 pack",
    "COL Price": 14,
    "COL ppu": "$14.00 per 1Ea",
    "COL Size": "1 pack"
  },
  {
    "Brand_Product_Size": "Nestle Plaistowe Dark Chocolate Block 200g",
    "COL Price": 4,
    "COL ppu": "$2.00 per 100G",
    "COL Size": "200g"
  },
  {
    "Brand_Product_Size": "Sunbeam Sultanas & Apricot Snack 6 Pack 222g",
    "COL Price": 2.1,
    "COL ppu": "$9.46 per 1Kg",
    "COL Size": "222g"
  },
  {
    "Brand_Product_Size": "Harmony Sunflower Seed 1.5kg",
    "COL Price": 6.6,
    "COL ppu": "$0.44 per 100G",
    "COL Size": "1.5kg"
  },
  {
    "Brand_Product_Size": "Cadbury Scorched Almonds 120g",
    "COL Price": 4,
    "COL ppu": "$3.33 per 100G",
    "COL Size": "120g"
  },
  {
    "Brand_Product_Size": "Grandma Moses Soy & Linseed Sourdough 900g",
    "COL Price": 7.5,
    "COL ppu": "$0.83 per 100G",
    "COL Size": "900g"
  },
  {
    "Brand_Product_Size": "Sara Lee Strawberries & Cream Ice Cream Tub 1L",
    "COL Price": 10,
    "COL ppu": "$10.00 per 1L",
    "COL Size": "1L"
  },
  {
    "Brand_Product_Size": "Coles Stonebaked By Laurent White Sourdough Rolls Garlic Bread 3 pack",
    "COL Price": 4,
    "COL ppu": "$1.33 per 1Ea",
    "COL Size": "3 pack"
  },
  {
    "Brand_Product_Size": "Kellogg's K-Time Baked Twists Strawberry & Yoghurt Flavour Filled Snack Bars 5 pack 185g",
    "COL Price": 4,
    "COL ppu": "$2.16 per 100G",
    "COL Size": "185g"
  },
  {
    "Brand_Product_Size": "Deeko Printed Lunch Serviettes 25 pack",
    "COL Price": 4.8,
    "COL ppu": "$0.19 per 1Ea",
    "COL Size": "25 pack"
  },
  {
    "Brand_Product_Size": "Dettol Multipurpose Antibacterial Disinfectant Surface Cleaning 120 Wipes Lemon 1 pack",
    "COL Price": 10,
    "COL ppu": "$8.33 per 100Ea",
    "COL Size": "1 pack"
  },
  {
    "Brand_Product_Size": "Primo Cheese & Cookies Twiggy Bites 45g",
    "COL Price": 4,
    "COL ppu": "$8.89 per 100G",
    "COL Size": "45g"
  },
  {
    "Brand_Product_Size": "Coles Deli Style Chips Mash & Gravy 160g",
    "COL Price": 3,
    "COL ppu": "$1.88 per 100G",
    "COL Size": "160g"
  },
  {
    "Brand_Product_Size": "Mayver's Dark Roast Peanut Butter Crunchy 375g",
    "COL Price": 5,
    "COL ppu": "$1.33 per 100G",
    "COL Size": "375g"
  },
  {
    "Brand_Product_Size": "De La Canasta Mango Pulp 170g",
    "COL Price": 1.5,
    "COL ppu": "$8.82 per 1Kg",
    "COL Size": "170g"
  },
  {
    "Brand_Product_Size": "Garnier Nutrisse 5.25 Frosted Chestnut Permanent Hair Colour 1 pack",
    "COL Price": 7.5,
    "COL ppu": "$7.50 per 1Ea",
    "COL Size": "1 pack"
  },
  {
    "Brand_Product_Size": "Cook & Dine Glass Storage Jar 1L each",
    "COL Price": 8,
    "COL ppu": "$8.00 per 1Ea",
    "COL Size": "each"
  },
  {
    "Brand_Product_Size": "Coles I'm Perfect Apples Prepacked 2kg",
    "COL Price": 7.5,
    "COL ppu": "$3.75 per 1Kg",
    "COL Size": "2kg"
  },
  {
    "Brand_Product_Size": "Coles Cookies & Cream Ice Cream Sandwich 4 Pack 440mL",
    "COL Price": 2.9,
    "COL ppu": "$0.66 per 100mL",
    "COL Size": "440mL"
  },
  {
    "Brand_Product_Size": "Coles Nut Deluxe Dry Roasted Almonds & Peanuts 75g",
    "COL Price": 2,
    "COL ppu": "$2.67 per 100G",
    "COL Size": "75g"
  },
  {
    "Brand_Product_Size": "Medjool Dates Medjol Date 5kg Gift Box each",
    "COL Price": 55,
    "COL ppu": "$11.00 per 1Kg",
    "COL Size": "each"
  },
  {
    "Brand_Product_Size": "Dairy Farmers Thickened Cream 300mL",
    "COL Price": 3,
    "COL ppu": "$1.00 per 100mL",
    "COL Size": "300mL"
  },
  {
    "Brand_Product_Size": "Garnier Fructis Grow Strong Shampoo 315mL",
    "COL Price": 3.5,
    "COL ppu": "$1.11 per 100mL",
    "COL Size": "315mL"
  },
  {
    "Brand_Product_Size": "Don Deli Classic Ham approx. 125g",
    "COL Price": 2,
    "COL ppu": "$16.00 per 1Kg",
    "COL Size": "approx. 125g"
  },
  {
    "Brand_Product_Size": "Head & Shoulders Clean & Balanced 2In1 350mL",
    "COL Price": 6.75,
    "COL ppu": "$1.93 per 100mL",
    "COL Size": "350mL"
  },
  {
    "Brand_Product_Size": "Bref Deluxe In Bowl Cleaner Lovely Jasmine 50 gram",
    "COL Price": 3,
    "COL ppu": "",
    "COL Size": "50 gram"
  },
  {
    "Brand_Product_Size": "Coles Deli Thawed Barramundi Fillets approx. 350g each",
    "COL Price": 4.9,
    "COL ppu": "$14.00 per 1Kg",
    "COL Size": "approx. 350g each"
  },
  {
    "Brand_Product_Size": "Nicabate Extra Fresh Mint Nicotine Chewing Gum 4mg 200 pack",
    "COL Price": 40,
    "COL ppu": "$0.20 per 1Ea",
    "COL Size": "200 pack"
  },
  {
    "Brand_Product_Size": "Cadbury Old Gold Jamaica Rum N Raisin Block 180g",
    "COL Price": 3.5,
    "COL ppu": "$1.94 per 100G",
    "COL Size": "180g"
  },
  {
    "Brand_Product_Size": "Coles Beer Battered Steakhouse Chips 750g",
    "COL Price": 2.7,
    "COL ppu": "$3.60 per 1Kg",
    "COL Size": "750g"
  },
  {
    "Brand_Product_Size": "Blackmores Multivitamin For Women 50 pack",
    "COL Price": 10,
    "COL ppu": "$0.20 per 1Ea",
    "COL Size": "50 pack"
  },
  {
    "Brand_Product_Size": "Aeroplane Lite Pineapple Jelly Crystals 2 pack 18g",
    "COL Price": 2,
    "COL ppu": "$11.11 per 100G",
    "COL Size": "18g"
  },
  {
    "Brand_Product_Size": "Illy Espresso Classico Capsules 10 pack",
    "COL Price": 7.5,
    "COL ppu": "$0.75 per 1Ea",
    "COL Size": "10 pack"
  },
  {
    "Brand_Product_Size": "Petstages Dogwood Stick Medium Dog Toy 1 pack",
    "COL Price": 16,
    "COL ppu": "$16.00 per 1Ea",
    "COL Size": "1 pack"
  },
  {
    "Brand_Product_Size": "Nice & Natural Cashew Butter With Real Dark Chocolate 5 Bars 175g",
    "COL Price": 5,
    "COL ppu": "$2.86 per 100G",
    "COL Size": "175g"
  },
  {
    "Brand_Product_Size": "L'Oreal Paris Elvive Total Repair 5 Restoring Conditioner 700mL",
    "COL Price": 10,
    "COL ppu": "$1.43 per 100mL",
    "COL Size": "700mL"
  },
  {
    "Brand_Product_Size": "Super Nature Frozen Dairy Free Super Pulses Thai Green Chicken Curry 300g",
    "COL Price": 4,
    "COL ppu": "$1.33 per 100G",
    "COL Size": "300g"
  },
  {
    "Brand_Product_Size": "Tena Ultimate Coverage Ultra Long Liners 22 pack",
    "COL Price": 4,
    "COL ppu": "$0.18 per 1Ea",
    "COL Size": "22 pack"
  },
  {
    "Brand_Product_Size": "Coles Ultra Advanced Dishwasher Tablets 40 pack",
    "COL Price": 6,
    "COL ppu": "$0.15 per 1Ea",
    "COL Size": "40 pack"
  },
  {
    "Brand_Product_Size": "L'Oreal Preference 5.3 Virginia Hair Colour 1 pack",
    "COL Price": 9.5,
    "COL ppu": "$9.50 per 1Ea",
    "COL Size": "1 pack"
  },
  {
    "Brand_Product_Size": "Coles Milk Chocolate Digestive Biscuits 200g",
    "COL Price": 1.65,
    "COL ppu": "$0.83 per 100G",
    "COL Size": "200g"
  },
  {
    "Brand_Product_Size": "CUB Lightly Scented 80 Baby Wipes 1 pack",
    "COL Price": 2,
    "COL ppu": "$2.00 per 1Ea",
    "COL Size": "1 pack"
  },
  {
    "Brand_Product_Size": "Darikay Lentil Soup 550g",
    "COL Price": 6.5,
    "COL ppu": "$1.18 per 100G",
    "COL Size": "550g"
  },
  {
    "Brand_Product_Size": "Robert Timms Cafe Series Freeze Dried Medium Roast 90g",
    "COL Price": 3.97,
    "COL ppu": "$4.41 per 100G",
    "COL Size": "90g"
  },
  {
    "Brand_Product_Size": "Ben & Jerry's Dairy Free Chocolate Fudge Brownie Ice Cream Tub 458mL",
    "COL Price": 8,
    "COL ppu": "$1.75 per 100mL",
    "COL Size": "458mL"
  },
  {
    "Brand_Product_Size": "Schweppes Sarsaparilla 1.1L",
    "COL Price": 2.15,
    "COL ppu": "$1.95 per 1L",
    "COL Size": "1.1L"
  },
  {
    "Brand_Product_Size": "M & M Kosher Chicken Thigh Portions approx. 500g pack",
    "COL Price": 6.5,
    "COL ppu": "$13.00 per 1Kg",
    "COL Size": "approx. 500g pack"
  },
  {
    "Brand_Product_Size": "Coles RSPCA Approved BBQ Chicken Breast approx. 125g",
    "COL Price": 2.875,
    "COL ppu": "$23.00 per 1Kg",
    "COL Size": "approx. 125g"
  },
  {
    "Brand_Product_Size": "Coles Tartare Sauce 230g",
    "COL Price": 2,
    "COL ppu": "$0.87 per 100G",
    "COL Size": "230g"
  },
  {
    "Brand_Product_Size": "Taco Manana Gluten Free White Corn Tortilla 6 Pack 165g",
    "COL Price": 5,
    "COL ppu": "$3.03 per 100G",
    "COL Size": "165g"
  },
  {
    "Brand_Product_Size": "Rio Minis Magic Vanilla Crunch Ice Cream 360g",
    "COL Price": 11,
    "COL ppu": "$3.06 per 100G",
    "COL Size": "360g"
  },
  {
    "Brand_Product_Size": "Coles Bags Freezer Medium 80 pack",
    "COL Price": 0.6,
    "COL ppu": "$0.01 per 1Ea",
    "COL Size": "80 pack"
  },
  {
    "Brand_Product_Size": "Schick Xtreme 3 Disposable Razors for Women 4 pack",
    "COL Price": 2.5,
    "COL ppu": "$0.63 per 1Ea",
    "COL Size": "4 pack"
  },
  {
    "Brand_Product_Size": "Mirabella Tubular Globe Appliance Small Edison Screw 40 watt Clear 2 pack",
    "COL Price": 5,
    "COL ppu": "$2.50 per 1Ea",
    "COL Size": "2 pack"
  },
  {
    "Brand_Product_Size": "Willow Insulated Plastic Jug with Tap each",
    "COL Price": 30,
    "COL ppu": "$30.00 per 1Ea",
    "COL Size": "each"
  },
  {
    "Brand_Product_Size": "Primo Pork Roast Seasoned approx. 125g",
    "COL Price": 2.5,
    "COL ppu": "$20.00 per 1Kg",
    "COL Size": "approx. 125g"
  },
  {
    "Brand_Product_Size": "Toolworx Tool Kit 17 pack",
    "COL Price": 20.25,
    "COL ppu": "$1.19 per 1Ea",
    "COL Size": "17 pack"
  },
  {
    "Brand_Product_Size": "Cook & Dine Spin Wash Side Plates 4 pack",
    "COL Price": 14,
    "COL ppu": "$3.50 per 1Ea",
    "COL Size": "4 pack"
  },
  {
    "Brand_Product_Size": "Black Swan Limited Edition Cheeseburger Flavoured Dip 200g",
    "COL Price": 4.3,
    "COL ppu": "$2.15 per 100G",
    "COL Size": "200g"
  },
  {
    "Brand_Product_Size": "Coles Ultra Coffee Machine Descaler 250mL",
    "COL Price": 4,
    "COL ppu": "$1.60 per 100mL",
    "COL Size": "250mL"
  },
  {
    "Brand_Product_Size": "Coles Lamb Rack Roast approx 1kg",
    "COL Price": 33,
    "COL ppu": "$33.00 per 1Kg",
    "COL Size": "approx 1kg"
  },
  {
    "Brand_Product_Size": "Vitasoy Protein Plus 1L",
    "COL Price": 3,
    "COL ppu": "$3.00 per 1L",
    "COL Size": "1L"
  },
  {
    "Brand_Product_Size": "Creative Gourmet Frozen Passionfruit Pulp 300g",
    "COL Price": 5.65,
    "COL ppu": "$18.83 per 1Kg",
    "COL Size": "300g"
  },
  {
    "Brand_Product_Size": "Easiyo Greek Style Unsweetened Yoghurt 170g",
    "COL Price": 4.7,
    "COL ppu": "$2.76 per 100G",
    "COL Size": "170g"
  },
  {
    "Brand_Product_Size": "Super Nature Frozen Super Green Chickpea Curry with Quinoa  and Brown Rice Wellness Bowl 350g",
    "COL Price": 6.3,
    "COL ppu": "$1.80 per 100G",
    "COL Size": "350g"
  },
  {
    "Brand_Product_Size": "Barker's Raspberry Jam 455g",
    "COL Price": 5,
    "COL ppu": "$1.10 per 100G",
    "COL Size": "455g"
  },
  {
    "Brand_Product_Size": "Betty Crocker White Chocolate Fudge Blondie Brownie Baking Mix 500g",
    "COL Price": 5.2,
    "COL ppu": "$1.04 per 100G",
    "COL Size": "500g"
  },
  {
    "Brand_Product_Size": "Pepsi Cola Soft Drink 2L",
    "COL Price": 2.15,
    "COL ppu": "$1.08 per 1L",
    "COL Size": "2L"
  },
  {
    "Brand_Product_Size": "John West Naturally Smoked Tempters Salmon 95g",
    "COL Price": 2,
    "COL ppu": "$21.05 per 1Kg",
    "COL Size": "95g"
  },
  {
    "Brand_Product_Size": "Coles Bakery Marks Chocolate Ripple Cake 7 Inch each",
    "COL Price": 30,
    "COL ppu": "$30.00 per 1Ea",
    "COL Size": "each"
  },
  {
    "Brand_Product_Size": "Oral-B CrossAction Electric Toothbrush Head 2 pack",
    "COL Price": 17,
    "COL ppu": "$8.50 per 1Ea",
    "COL Size": "2 pack"
  },
  {
    "Brand_Product_Size": "Sandhurst Semi Sundried Tomatoes 270g",
    "COL Price": 4.8,
    "COL ppu": "$17.78 per 1Kg",
    "COL Size": "270g"
  },
  {
    "Brand_Product_Size": "Bonds Mens Hipster Briefs Medium 4 pack",
    "COL Price": 21.7,
    "COL ppu": "$21.70 per 4Ea",
    "COL Size": "4 pack"
  },
  {
    "Brand_Product_Size": "Herbal Essences Bio Renew Shampoo Micellar & Ginger 400mL",
    "COL Price": 12,
    "COL ppu": "$3.00 per 100mL",
    "COL Size": "400mL"
  },
  {
    "Brand_Product_Size": "Heinz Baked Beans In Tomato Sauce 220g",
    "COL Price": 1.65,
    "COL ppu": "$0.75 per 100G",
    "COL Size": "220g"
  },
  {
    "Brand_Product_Size": "Sunsilk Addictive Brilliant Shine Shampoo 700mL",
    "COL Price": 10,
    "COL ppu": "$1.43 per 100mL",
    "COL Size": "700mL"
  },
  {
    "Brand_Product_Size": "Botanica By Air Wick Liquid Electric Prime Le French Lavender & Honey Blossom 19mL",
    "COL Price": 12.5,
    "COL ppu": "$6.58 per 10mL",
    "COL Size": "19mL"
  },
  {
    "Brand_Product_Size": "Coles Kitchen Balanced Meal Middle Eastern Tagine 320g",
    "COL Price": 7.5,
    "COL ppu": "$2.34 per 100G",
    "COL Size": "320g"
  },
  {
    "Brand_Product_Size": "Woofin Good Kangaroo Jerky Strips Dog Treat 100g",
    "COL Price": 7,
    "COL ppu": "$7.00 per 100G",
    "COL Size": "100g"
  },
  {
    "Brand_Product_Size": "Real Foods Sesame Corn Thins 150g",
    "COL Price": 2,
    "COL ppu": "$1.33 per 100G",
    "COL Size": "150g"
  },
  {
    "Brand_Product_Size": "Faber Castell Colour Pencil Assorted 12 pack",
    "COL Price": 6,
    "COL ppu": "$0.50 per 1Ea",
    "COL Size": "12 pack"
  },
  {
    "Brand_Product_Size": "Dove Nourishing Secrets Coconut & Jasmine Roll On 50mL",
    "COL Price": 3.9,
    "COL ppu": "$7.80 per 100mL",
    "COL Size": "50mL"
  },
  {
    "Brand_Product_Size": "Schweppes Tonic Water Zero Sugar Mixers 1.1L",
    "COL Price": 2.15,
    "COL ppu": "$1.95 per 1L",
    "COL Size": "1.1L"
  },
  {
    "Brand_Product_Size": "Dettol Instant Hand Sanitiser Pump 500mL",
    "COL Price": 14.95,
    "COL ppu": "$2.99 per 100mL",
    "COL Size": "500mL"
  },
  {
    "Brand_Product_Size": "Arnott's Tim Tam Chocolate Mint Biscuits 160g",
    "COL Price": 4,
    "COL ppu": "$2.50 per 100G",
    "COL Size": "160g"
  },
  {
    "Brand_Product_Size": "Coles Tomato Juice 2L",
    "COL Price": 2,
    "COL ppu": "$1.00 per 1L",
    "COL Size": "2L"
  },
  {
    "Brand_Product_Size": "Oob Organic Frozen Banana 450g",
    "COL Price": 5,
    "COL ppu": "$1.11 per 100G",
    "COL Size": "450g"
  },
  {
    "Brand_Product_Size": "Deemah Bisweel Cookies With Cocoa Cream Filling 18 Pieces 360g",
    "COL Price": 3.5,
    "COL ppu": "$0.97 per 100G",
    "COL Size": "360g"
  },
  {
    "Brand_Product_Size": "Freedom Foods Active Balance Multigrain & Cranberry 350g",
    "COL Price": 6,
    "COL ppu": "$1.71 per 100G",
    "COL Size": "350g"
  },
  {
    "Brand_Product_Size": "Twinings Pure Camomile Infusions Tea Bags 80 pack 120g",
    "COL Price": 5.6,
    "COL ppu": "$0.07 per 1Ea",
    "COL Size": "120g"
  },
  {
    "Brand_Product_Size": "Clearasil Ultra Deep Pore Facial Scrub 150mL",
    "COL Price": 14.5,
    "COL ppu": "$9.67 per 100mL",
    "COL Size": "150mL"
  },
  {
    "Brand_Product_Size": "Coles Butter Chicken Simmer Sauce 485g",
    "COL Price": 2.4,
    "COL ppu": "$0.49 per 100G",
    "COL Size": "485g"
  },
  {
    "Brand_Product_Size": "Olay Total Effects 7 in One UV Protection Gentle Day Face Cream SPF 15 50g",
    "COL Price": 33.5,
    "COL ppu": "$67.00 per 100G",
    "COL Size": "50g"
  },
  {
    "Brand_Product_Size": "Coles Beef Family Roast approx. 1.7kg",
    "COL Price": 22.95,
    "COL ppu": "$13.50 per 1Kg",
    "COL Size": "approx. 1.7kg"
  },
  {
    "Brand_Product_Size": "Leggo's Stir Through Tomato Roasted Garlic & Caramelised Onion 350g",
    "COL Price": 3,
    "COL ppu": "$0.86 per 100G",
    "COL Size": "350g"
  },
  {
    "Brand_Product_Size": "Coles Cotton Fresh Fabric Conditioner 2L",
    "COL Price": 3.25,
    "COL ppu": "$1.63 per 1L",
    "COL Size": "2L"
  },
  {
    "Brand_Product_Size": "Coles Deli Castello Blue Cheese approx. 100g",
    "COL Price": 4.5,
    "COL ppu": "$45.00 per 1Kg",
    "COL Size": "approx. 100g"
  },
  {
    "Brand_Product_Size": "Coles Classics Triple Coated Caramel Ice Stick 4 Pack 352 mL",
    "COL Price": 4,
    "COL ppu": "$1.14 per 100mL",
    "COL Size": "352 mL"
  },
  {
    "Brand_Product_Size": "Coles No Added Hormone Beef Diced Rump Steak approx. 650g",
    "COL Price": 15.6,
    "COL ppu": "$24.00 per 1Kg",
    "COL Size": "approx. 650g"
  },
  {
    "Brand_Product_Size": "Coles Frozen Seafood Basket With A Crispy Golden Coating 12 Pieces 300g",
    "COL Price": 7,
    "COL ppu": "$23.33 per 1Kg",
    "COL Size": "300g"
  },
  {
    "Brand_Product_Size": "Rafferty's Garden Pureed Sweet Potato Carrot & Apple 4+ Months 120g",
    "COL Price": 1.5,
    "COL ppu": "$1.25 per 100G",
    "COL Size": "120g"
  },
  {
    "Brand_Product_Size": "Twinings Pure Peppermint Tea Bags 80 pack 160g",
    "COL Price": 5.6,
    "COL ppu": "$0.07 per 1Ea",
    "COL Size": "160g"
  },
  {
    "Brand_Product_Size": "Proud & Punch Strawberry Smoothie Pops Ice Cream Sticks 6 pack 420mL",
    "COL Price": 6,
    "COL ppu": "$1.43 per 100mL",
    "COL Size": "420mL"
  },
  {
    "Brand_Product_Size": "Coles Pastel Document Wallet 5 pack",
    "COL Price": 5.5,
    "COL ppu": "$1.10 per 1Ea",
    "COL Size": "5 pack"
  },
  {
    "Brand_Product_Size": "Red Bull Energy Drink Watermelon 250mL",
    "COL Price": 3,
    "COL ppu": "$12.00 per 1L",
    "COL Size": "250mL"
  },
  {
    "Brand_Product_Size": "Childs Farm Bubble Bath Organic Raspberry 250mL",
    "COL Price": 8,
    "COL ppu": "$3.20 per 100mL",
    "COL Size": "250mL"
  },
  {
    "Brand_Product_Size": "FAB Frangipani Front & Top Loader Laundry Liquid 2L",
    "COL Price": 8,
    "COL ppu": "$4.00 per 1L",
    "COL Size": "2L"
  },
  {
    "Brand_Product_Size": "McKenzie's Citric Acid 75g",
    "COL Price": 2.25,
    "COL ppu": "$3.00 per 100G",
    "COL Size": "75g"
  },
  {
    "Brand_Product_Size": "Spc Puree & Simple Pouch Apple & Banana 90g",
    "COL Price": 1.4,
    "COL ppu": "$1.56 per 100G",
    "COL Size": "90g"
  },
  {
    "Brand_Product_Size": "Garnier Nutrisse 9.13 Light Ash Beige Blonde Permanent Hair Colour 1 pack",
    "COL Price": 7.5,
    "COL ppu": "$7.50 per 1Ea",
    "COL Size": "1 pack"
  },
  {
    "Brand_Product_Size": "Mr Chen's Malaysian Curry Laksa Kit 605g",
    "COL Price": 7.5,
    "COL ppu": "$1.24 per 100G",
    "COL Size": "605g"
  },
  {
    "Brand_Product_Size": "Don Shredded Ham approx. 125g",
    "COL Price": 2.125,
    "COL ppu": "$17.00 per 1Kg",
    "COL Size": "approx. 125g"
  },
  {
    "Brand_Product_Size": "Coles Honey Cashews 350g",
    "COL Price": 8,
    "COL ppu": "$22.86 per 1Kg",
    "COL Size": "350g"
  },
  {
    "Brand_Product_Size": "Coles Strawberries Prepacked 250g",
    "COL Price": 4.9,
    "COL ppu": "$19.60 per 1Kg",
    "COL Size": "250g"
  },
  {
    "Brand_Product_Size": "Magazine Who each",
    "COL Price": 5.5,
    "COL ppu": "$5.50 per 1Ea",
    "COL Size": "each"
  },
  {
    "Brand_Product_Size": "Coles Simply Dog Heat Transfer Collar Sml 1 pack",
    "COL Price": 10,
    "COL ppu": "$10.00 per 1Ea",
    "COL Size": "1 pack"
  },
  {
    "Brand_Product_Size": "Selleys BBQ Touch Clean 400g",
    "COL Price": 8.6,
    "COL ppu": "$2.15 per 100G",
    "COL Size": "400g"
  },
  {
    "Brand_Product_Size": "Kellogg's Rice Bubbles Puffed Rice Breakfast Cereal 410g",
    "COL Price": 5.3,
    "COL ppu": "$1.29 per 100G",
    "COL Size": "410g"
  },
  {
    "Brand_Product_Size": "Helga's Traditional White Bread 750g",
    "COL Price": 3.9,
    "COL ppu": "$0.52 per 100G",
    "COL Size": "750g"
  },
  {
    "Brand_Product_Size": "Coles Belgian Milk Chocolate Block 200g",
    "COL Price": 2.3,
    "COL ppu": "$1.15 per 100G",
    "COL Size": "200g"
  },
  {
    "Brand_Product_Size": "Dettol 2 in 1 Hands and Surfaces Antibacterial 60 Wipes 1 pack",
    "COL Price": 8.5,
    "COL ppu": "$8.50 per 1Ea",
    "COL Size": "1 pack"
  },
  {
    "Brand_Product_Size": "Puregg Simply Egg Whites 500g",
    "COL Price": 5.5,
    "COL ppu": "$1.10 per 100G",
    "COL Size": "500g"
  },
  {
    "Brand_Product_Size": "Dare Double Espresso Flavoured Milk 500mL",
    "COL Price": 2.6,
    "COL ppu": "$5.20 per 1L",
    "COL Size": "500mL"
  },
  {
    "Brand_Product_Size": "Jalna Farm To Pot Organic Yoghourt Honey 1kg",
    "COL Price": 7.95,
    "COL ppu": "$0.80 per 100G",
    "COL Size": "1kg"
  },
  {
    "Brand_Product_Size": "Coles Multipack Mini Biscuits Choc Chip Cookies 8 Pack 180g",
    "COL Price": 2.3,
    "COL ppu": "$1.28 per 100G",
    "COL Size": "180g"
  },
  {
    "Brand_Product_Size": "Go Natural Protein Double Choc Snap 120g",
    "COL Price": 7,
    "COL ppu": "$5.83 per 100G",
    "COL Size": "120g"
  },
  {
    "Brand_Product_Size": "Hanabi Lotus Root Slices 400g",
    "COL Price": 3,
    "COL ppu": "$0.75 per 100G",
    "COL Size": "400g"
  },
  {
    "Brand_Product_Size": "MasterFoods Teriyaki Marinade 375g",
    "COL Price": 2.5,
    "COL ppu": "$0.67 per 100G",
    "COL Size": "375g"
  },
  {
    "Brand_Product_Size": "White Magic Scrubtastic Flat Pot Scrubber each",
    "COL Price": 5,
    "COL ppu": "$5.00 per 1Ea",
    "COL Size": "each"
  },
  {
    "Brand_Product_Size": "Annabel Karmel Meals Spaghetti And Meatballs 200g",
    "COL Price": 4,
    "COL ppu": "$2.00 per 100G",
    "COL Size": "200g"
  },
  {
    "Brand_Product_Size": "Coles Urban Coffee Culture Medium Roast Ground Coffee 250g",
    "COL Price": 4.5,
    "COL ppu": "$1.80 per 100G",
    "COL Size": "250g"
  },
  {
    "Brand_Product_Size": "Uncle Tobys Chewy Bars Choc Chip 185g",
    "COL Price": 2.15,
    "COL ppu": "$1.16 per 100G",
    "COL Size": "185g"
  },
  {
    "Brand_Product_Size": "Modo Timber Cutlery 24pack",
    "COL Price": 3,
    "COL ppu": "$0.13 per 1Ea",
    "COL Size": "24pack"
  },
  {
    "Brand_Product_Size": "Coles Butcher Lamb Loin Chops approx. 905g",
    "COL Price": 24.435,
    "COL ppu": "$27.00 per 1Kg",
    "COL Size": "approx. 905g"
  },
  {
    "Brand_Product_Size": "Ricci's Bikkies Garlic Olive & Parmesan 120g",
    "COL Price": 6.9,
    "COL ppu": "$5.75 per 100G",
    "COL Size": "120g"
  },
  {
    "Brand_Product_Size": "Capilano Organic Honey Up Side Down 340g",
    "COL Price": 9.65,
    "COL ppu": "$2.84 per 100G",
    "COL Size": "340g"
  },
  {
    "Brand_Product_Size": "Nestle Bakers' Choice White Chocolate Bits 200g",
    "COL Price": 3.95,
    "COL ppu": "$1.98 per 100G",
    "COL Size": "200g"
  },
  {
    "Brand_Product_Size": "Ajishima Japanese Instant Miso Soup Fried Tofu 2 Pack 12g",
    "COL Price": 2.6,
    "COL ppu": "$2.17 per 10G",
    "COL Size": "12g"
  },
  {
    "Brand_Product_Size": "Connoisseur Chocolate Brownie With Chocolate Custard Gourmet Ice Cream Tub 1L",
    "COL Price": 7.5,
    "COL ppu": "$0.75 per 100mL",
    "COL Size": "1L"
  },
  {
    "Brand_Product_Size": "Optrex Actimist 2 in1 Dry & Irritated Eye Spray 10mL",
    "COL Price": 20,
    "COL ppu": "$200.00 per 100mL",
    "COL Size": "10mL"
  },
  {
    "Brand_Product_Size": "Maggi Original Liquid Seasoning 200mL",
    "COL Price": 4.2,
    "COL ppu": "$2.10 per 100mL",
    "COL Size": "200mL"
  },
  {
    "Brand_Product_Size": "L'Oreal Preference P67 London Hair Colour 1 pack",
    "COL Price": 9.5,
    "COL ppu": "$9.50 per 1Ea",
    "COL Size": "1 pack"
  },
  {
    "Brand_Product_Size": "Coles Sunflower Oil 4L",
    "COL Price": 10.5,
    "COL ppu": "$0.26 per 100mL",
    "COL Size": "4L"
  },
  {
    "Brand_Product_Size": "Primo Smoked Sliced Turkey 80g",
    "COL Price": 3.25,
    "COL ppu": "$40.63 per 1Kg",
    "COL Size": "80g"
  },
  {
    "Brand_Product_Size": "Drovers Choice Beef Porterhouse Steak approx. 920g each",
    "COL Price": 23.92,
    "COL ppu": "$26.00 per 1Kg",
    "COL Size": "approx. 920g each"
  },
  {
    "Brand_Product_Size": "Sweet William Original Dairy Free Chocolate Bar No Added Sugar 50g",
    "COL Price": 2.4,
    "COL ppu": "$4.80 per 100G",
    "COL Size": "50g"
  },
  {
    "Brand_Product_Size": "Tom's Of Maine Creamy Coconut Bar Soap 141g",
    "COL Price": 4.95,
    "COL ppu": "$3.51 per 100G",
    "COL Size": "141g"
  },
  {
    "Brand_Product_Size": "Mr Chen's Frozen Steam Selection Dumplings 9 pack 240g",
    "COL Price": 3.75,
    "COL ppu": "$1.56 per 100G",
    "COL Size": "240g"
  },
  {
    "Brand_Product_Size": "Nicorette Quickmist Mouth Spray Freshmint 2 pack",
    "COL Price": 60,
    "COL ppu": "$30.00 per 1Ea",
    "COL Size": "2 pack"
  },
  {
    "Brand_Product_Size": "Coles Thin BBQ Pork Sausages 560g",
    "COL Price": 5.5,
    "COL ppu": "$0.98 per 100G",
    "COL Size": "560g"
  },
  {
    "Brand_Product_Size": "Coles Rockmelon Half each",
    "COL Price": 2.7,
    "COL ppu": "$2.70 per 1Ea",
    "COL Size": "each"
  },
  {
    "Brand_Product_Size": "Gillette Fusion ProGlide Sensitive Shaving Gel Ocean Cool 170g",
    "COL Price": 8.5,
    "COL ppu": "$5.00 per 100G",
    "COL Size": "170g"
  },
  {
    "Brand_Product_Size": "MasterFoods Mixed Herbs 40g",
    "COL Price": 3.5,
    "COL ppu": "$0.88 per 10G",
    "COL Size": "40g"
  },
  {
    "Brand_Product_Size": "Coles Thawed Seafood Arrow Squid Rings approx. 250g",
    "COL Price": 5,
    "COL ppu": "$20.00 per 1Kg",
    "COL Size": "approx. 250g"
  },
  {
    "Brand_Product_Size": "Coles Finest Angus Beef Sausages 500g",
    "COL Price": 7.5,
    "COL ppu": "$1.50 per 100G",
    "COL Size": "500g"
  },
  {
    "Brand_Product_Size": "V.I.P. Fussy Cat Grainfree Chicken & Turkey with Cranberry Cat Food 2.5 kg",
    "COL Price": 14,
    "COL ppu": "$0.56 per 100G",
    "COL Size": "2.5 kg"
  },
  {
    "Brand_Product_Size": "Sambucol Cold & Flu+ Pain Relief 24 pack",
    "COL Price": 20,
    "COL ppu": "$0.83 per 1Ea",
    "COL Size": "24 pack"
  },
  {
    "Brand_Product_Size": "Uncle Tobys Traditional Rolled Oats 500g",
    "COL Price": 2.12,
    "COL ppu": "$0.42 per 100G",
    "COL Size": "500g"
  },
  {
    "Brand_Product_Size": "Barilla Collezione Egg Pasta Pappardelle 250g",
    "COL Price": 3.5,
    "COL ppu": "$1.40 per 100G",
    "COL Size": "250g"
  },
  {
    "Brand_Product_Size": "Coles Deli Jumbo Greek Salad each",
    "COL Price": 11,
    "COL ppu": "$11.00 per 1Ea",
    "COL Size": "each"
  },
  {
    "Brand_Product_Size": "Coles Lamb Shoulder Butterflied With Spiced Marinade approx. 660g",
    "COL Price": 13.86,
    "COL ppu": "$21.00 per 1Kg",
    "COL Size": "approx. 660g"
  },
  {
    "Brand_Product_Size": "Tofutti Dairy Free Chocolate Fudge Treats Sugarfree Ice Cream 540g",
    "COL Price": 10.29,
    "COL ppu": "$1.91 per 100G",
    "COL Size": "540g"
  },
  {
    "Brand_Product_Size": "Powerade Isotonic Berry Ice Drink 1.5L",
    "COL Price": 3.9,
    "COL ppu": "$2.60 per 1L",
    "COL Size": "1.5L"
  },
  {
    "Brand_Product_Size": "Green & Black's Sea Salt Smooth Dark Chocolate Block 90g",
    "COL Price": 4.25,
    "COL ppu": "$4.72 per 100G",
    "COL Size": "90g"
  },
  {
    "Brand_Product_Size": "Mount Franklin Lightly Sparkling Raspberry Water Can 4 pack",
    "COL Price": 3.6,
    "COL ppu": "$3.60 per 1L",
    "COL Size": "4 pack"
  },
  {
    "Brand_Product_Size": "Suncoast Gold Macadamia Unsweetened Long Life Milk 1L 1L",
    "COL Price": 4,
    "COL ppu": "$4.00 per 1L",
    "COL Size": "1L"
  },
  {
    "Brand_Product_Size": "Kellogg's Lcms Variety 15 Pack 330g",
    "COL Price": 7,
    "COL ppu": "$2.12 per 100G",
    "COL Size": "330g"
  },
  {
    "Brand_Product_Size": "Daily Juice Pop Top Breakfast Juice 500mL",
    "COL Price": 2.3,
    "COL ppu": "$4.60 per 1L",
    "COL Size": "500mL"
  },
  {
    "Brand_Product_Size": "Sudafed PE Nasal Decongestant Tablets 20 pack",
    "COL Price": 11,
    "COL ppu": "$0.55 per 1Ea",
    "COL Size": "20 pack"
  },
  {
    "Brand_Product_Size": "Monster Ultra Paradise Energy Drink Cans 500 mL 4 pack",
    "COL Price": 12.5,
    "COL ppu": "$6.25 per 1L",
    "COL Size": "4 pack"
  },
  {
    "Brand_Product_Size": "VO5 Mega Hold Styling Gel Spray 200mL",
    "COL Price": 4,
    "COL ppu": "$2.00 per 100G",
    "COL Size": "200mL"
  },
  {
    "Brand_Product_Size": "Huggies Newborn Size 1 Unisex 108 Nappies Jumbo Pack 1 pack",
    "COL Price": 30,
    "COL ppu": "$0.28 per 1Ea",
    "COL Size": "1 pack"
  },
  {
    "Brand_Product_Size": "Jiinju Bubble Sheet Mask 23mL",
    "COL Price": 5,
    "COL ppu": "$21.74 per 100mL",
    "COL Size": "23mL"
  },
  {
    "Brand_Product_Size": "Coles Seashore Royale Platter each",
    "COL Price": 55,
    "COL ppu": "$55.00 per 1Ea",
    "COL Size": "each"
  },
  {
    "Brand_Product_Size": "Cortas Hummos Tahina Chick Pea Dip 380g",
    "COL Price": 1.9,
    "COL ppu": "$0.48 per 100G",
    "COL Size": "380g"
  },
  {
    "Brand_Product_Size": "Continental Sensations Harvest Pumpkin & Sour Cream Soup Serves 2 70g",
    "COL Price": 2,
    "COL ppu": "$2.86 per 100G",
    "COL Size": "70g"
  },
  {
    "Brand_Product_Size": "Coles Cos Lettuce each",
    "COL Price": 2.5,
    "COL ppu": "$2.50 per 1Ea",
    "COL Size": "each"
  },
  {
    "Brand_Product_Size": "Coles Natural Almonds 800g",
    "COL Price": 12,
    "COL ppu": "$1.50 per 100G",
    "COL Size": "800g"
  },
  {
    "Brand_Product_Size": "Mentos Pure Fresh Spearmint Chewing Gum 30g",
    "COL Price": 2,
    "COL ppu": "$6.67 per 100G",
    "COL Size": "30g"
  },
  {
    "Brand_Product_Size": "Lewis & Son Cauliflower Power 500g",
    "COL Price": 16.25,
    "COL ppu": "$3.25 per 100G",
    "COL Size": "500g"
  },
  {
    "Brand_Product_Size": "Top 20 Variety Potato Chips 20 pack 375g",
    "COL Price": 5.5,
    "COL ppu": "$1.47 per 100G",
    "COL Size": "375g"
  },
  {
    "Brand_Product_Size": "Bosisto's Stress Aroma Mist 125mL",
    "COL Price": 12,
    "COL ppu": "$9.60 per 100mL",
    "COL Size": "125mL"
  },
  {
    "Brand_Product_Size": "Sirena Original Tuna & Beans 185g",
    "COL Price": 4.3,
    "COL ppu": "$23.24 per 1Kg",
    "COL Size": "185g"
  },
  {
    "Brand_Product_Size": "Coles Kitchen Beef Massaman Curry With Rice 350g",
    "COL Price": 6.5,
    "COL ppu": "$1.86 per 100G",
    "COL Size": "350g"
  },
  {
    "Brand_Product_Size": "Kellogg's Corn Flakes Breakfast Cereal 725g",
    "COL Price": 4.5,
    "COL ppu": "$0.62 per 100G",
    "COL Size": "725g"
  },
  {
    "Brand_Product_Size": "Campbell's Real Chicken Stock 500mL",
    "COL Price": 2.3,
    "COL ppu": "$0.46 per 100mL",
    "COL Size": "500mL"
  },
  {
    "Brand_Product_Size": "Garlos Satay Chicken Pie 200g",
    "COL Price": 4.5,
    "COL ppu": "$2.25 per 100G",
    "COL Size": "200g"
  },
  {
    "Brand_Product_Size": "Coles Apples Kids Pack 1kg",
    "COL Price": 4.9,
    "COL ppu": "$4.90 per 1Kg",
    "COL Size": "1kg"
  },
  {
    "Brand_Product_Size": "Continental Cup A Soup Homestyle Chicken Noodle Soup Serves 2 40g",
    "COL Price": 2.1,
    "COL ppu": "$5.25 per 100G",
    "COL Size": "40g"
  },
  {
    "Brand_Product_Size": "Pantene 3mm Conditioner Colour Protect 400mL",
    "COL Price": 15,
    "COL ppu": "$3.75 per 100mL",
    "COL Size": "400mL"
  },
  {
    "Brand_Product_Size": "Voost Energy Orange & Mango 20 Effervescent Tablets 1 pack",
    "COL Price": 6.5,
    "COL ppu": "$6.50 per 1Ea",
    "COL Size": "1 pack"
  },
  {
    "Brand_Product_Size": "Plant Life Food Co. Crackers Cheese & Chives 110g",
    "COL Price": 3.2,
    "COL ppu": "$2.91 per 100G",
    "COL Size": "110g"
  },
  {
    "Brand_Product_Size": "Coles Finest Chicken & Pancetta Carbonara Linguine 400g",
    "COL Price": 8.5,
    "COL ppu": "$2.13 per 100G",
    "COL Size": "400g"
  },
  {
    "Brand_Product_Size": "Meat Servery Free Range Chicken Kebabs each",
    "COL Price": 1.5,
    "COL ppu": "$1.50 per 1Ea",
    "COL Size": "each"
  },
  {
    "Brand_Product_Size": "Dove Body Wash Restoring 500mL",
    "COL Price": 8,
    "COL ppu": "$1.60 per 100mL",
    "COL Size": "500mL"
  },
  {
    "Brand_Product_Size": "Red Tractor Fruit Filled Bars Value Pack 360g",
    "COL Price": 9,
    "COL ppu": "$2.50 per 100G",
    "COL Size": "360g"
  },
  {
    "Brand_Product_Size": "Coles Apple & Raspberry Fruit Drink Multipack 250mL 6 pack",
    "COL Price": 2.65,
    "COL ppu": "$1.77 per 1L",
    "COL Size": "6 pack"
  },
  {
    "Brand_Product_Size": "Fable Plant Based Mealsteriyaki 350g",
    "COL Price": 9.95,
    "COL ppu": "$2.84 per 100G",
    "COL Size": "350g"
  },
  {
    "Brand_Product_Size": "Nicorette Cooldrops Freshfruit 4mg 80 pack",
    "COL Price": 36,
    "COL ppu": "$0.45 per 1Ea",
    "COL Size": "80 pack"
  },
  {
    "Brand_Product_Size": "Naturopathica Fat Blaster Vanilla Flavour Keto Fit Protein Shake Mix 300g",
    "COL Price": 30,
    "COL ppu": "$10.00 per 100G",
    "COL Size": "300g"
  },
  {
    "Brand_Product_Size": "Lynx Urban Messy Look Flexible Hair Paste 75mL",
    "COL Price": 10,
    "COL ppu": "$13.33 per 100mL",
    "COL Size": "75mL"
  },
  {
    "Brand_Product_Size": "Heinz Big Red Tomato Soup Can 820g",
    "COL Price": 3.65,
    "COL ppu": "$0.45 per 100G",
    "COL Size": "820g"
  },
  {
    "Brand_Product_Size": "Telfast Allergy Medication 180mg Tablets 5 pack",
    "COL Price": 8,
    "COL ppu": "$1.60 per 1Ea",
    "COL Size": "5 pack"
  },
  {
    "Brand_Product_Size": "Coles Dog Lead 1 pack",
    "COL Price": 7,
    "COL ppu": "$7.00 per 1Ea",
    "COL Size": "1 pack"
  },
  {
    "Brand_Product_Size": "Syndian Aloo Mutter 400g",
    "COL Price": 7.5,
    "COL ppu": "$1.88 per 100G",
    "COL Size": "400g"
  },
  {
    "Brand_Product_Size": "Scholl Velvet Smooth Ultra Coarse 1 pack",
    "COL Price": 15,
    "COL ppu": "$15.00 per 1Ea",
    "COL Size": "1 pack"
  },
  {
    "Brand_Product_Size": "Energizer USB-C Cable 2.0 Black 1.2M 1 pack",
    "COL Price": 20,
    "COL ppu": "$20.00 per 1Ea",
    "COL Size": "1 pack"
  },
  {
    "Brand_Product_Size": "San Remo Gluten Free Fettuccine  Pasta 350g",
    "COL Price": 4.2,
    "COL ppu": "$1.20 per 100G",
    "COL Size": "350g"
  },
  {
    "Brand_Product_Size": "Vegie Delights Frozen Crispy Chicken Style Burgers 300g",
    "COL Price": 6,
    "COL ppu": "$2.00 per 100G",
    "COL Size": "300g"
  },
  {
    "Brand_Product_Size": "Arnott's Minis Choc Chip Cookies 7 pack 175g",
    "COL Price": 3,
    "COL ppu": "$1.71 per 100G",
    "COL Size": "175g"
  },
  {
    "Brand_Product_Size": "Coles Urban Coffee Culture Intensity 6 Medium Coffee Capsules 10 Pack 52g",
    "COL Price": 3.7,
    "COL ppu": "$7.12 per 100G",
    "COL Size": "52g"
  },
  {
    "Brand_Product_Size": "Tip Top 9 Grain Wholemeal Bread 750g",
    "COL Price": 3.4,
    "COL ppu": "$0.45 per 100G",
    "COL Size": "750g"
  },
  {
    "Brand_Product_Size": "Coles Kitchen Potato Salad 250g",
    "COL Price": 3,
    "COL ppu": "$1.20 per 100G",
    "COL Size": "250g"
  },
  {
    "Brand_Product_Size": "Botanica Vanilla & Himalayan Magnolia Reed Diffuser 80mL",
    "COL Price": 8.25,
    "COL ppu": "$10.31 per 100mL",
    "COL Size": "80mL"
  },
  {
    "Brand_Product_Size": "Babybel Mini Light Cheese 5 pack 100g",
    "COL Price": 4.8,
    "COL ppu": "$4.80 per 100G",
    "COL Size": "100g"
  },
  {
    "Brand_Product_Size": "Keep It Cleaner Grass Fed Ghee 250g",
    "COL Price": 10,
    "COL ppu": "$4.00 per 100G",
    "COL Size": "250g"
  },
  {
    "Brand_Product_Size": "Surf Life Saving Zinc Sunscreen SPF 50+ Tinted 12g",
    "COL Price": 8,
    "COL ppu": "$6.67 per 10G",
    "COL Size": "12g"
  },
  {
    "Brand_Product_Size": "Durex Regular Condoms Original 30 pack",
    "COL Price": 15,
    "COL ppu": "$0.50 per 1Ea",
    "COL Size": "30 pack"
  },
  {
    "Brand_Product_Size": "Bega Light & Tasty Natural Cheese Slices 12 pack 250g",
    "COL Price": 4.5,
    "COL ppu": "$1.80 per 100G",
    "COL Size": "250g"
  },
  {
    "Brand_Product_Size": "Coles Bake & Create Silver Patty Pans 100 pack",
    "COL Price": 3.5,
    "COL ppu": "$0.04 per 1Ea",
    "COL Size": "100 pack"
  },
  {
    "Brand_Product_Size": "Nyal Dry Cough Mixture 200mL",
    "COL Price": 6.8,
    "COL ppu": "$3.40 per 100mL",
    "COL Size": "200mL"
  },
  {
    "Brand_Product_Size": "Kurrajong Crackers Wholemeal Bite Size 25g",
    "COL Price": 1,
    "COL ppu": "$4.00 per 100G",
    "COL Size": "25g"
  },
  {
    "Brand_Product_Size": "Jarlsberg Original Cheese Slices 150g",
    "COL Price": 6.95,
    "COL ppu": "$46.34 per 1Kg",
    "COL Size": "150g"
  },
  {
    "Brand_Product_Size": "Palmolive Anti-Bacterial 2 Hours Defence Orange Liquid Hand Wash Refill 1L",
    "COL Price": 6.5,
    "COL ppu": "$0.65 per 100mL",
    "COL Size": "1L"
  },
  {
    "Brand_Product_Size": "Plumrose Leg Ham 340g",
    "COL Price": 7.9,
    "COL ppu": "$23.24 per 1Kg",
    "COL Size": "340g"
  },
  {
    "Brand_Product_Size": "Simply 7 Lentil Chips With Sea Salt 113g",
    "COL Price": 5.25,
    "COL ppu": "$4.65 per 100G",
    "COL Size": "113g"
  },
  {
    "Brand_Product_Size": "Kewpie Mayonnaise Yuzu Flavour 300g",
    "COL Price": 4.7,
    "COL ppu": "$1.57 per 100G",
    "COL Size": "300g"
  },
  {
    "Brand_Product_Size": "Pain Away Tube Arthritis 125mL",
    "COL Price": 23,
    "COL ppu": "$18.40 per 100G",
    "COL Size": "125mL"
  },
  {
    "Brand_Product_Size": "Coles Bakery Wholemeal Vienna each",
    "COL Price": 2.5,
    "COL ppu": "$2.50 per 1Ea",
    "COL Size": "each"
  },
  {
    "Brand_Product_Size": "Ziploc Sandwich Bags 100 pack",
    "COL Price": 6,
    "COL ppu": "$0.06 per 1Ea",
    "COL Size": "100 pack"
  },
  {
    "Brand_Product_Size": "Coles Chocolate Celebration Cake 1.2kg",
    "COL Price": 12,
    "COL ppu": "$10.00 per 1Kg",
    "COL Size": "1.2kg"
  },
  {
    "Brand_Product_Size": "Deeko Collection Dinner Plate 10 pack",
    "COL Price": 5,
    "COL ppu": "$0.50 per 1Ea",
    "COL Size": "10 pack"
  },
  {
    "Brand_Product_Size": "Poise Regular Pads 16 pack",
    "COL Price": 6,
    "COL ppu": "$0.38 per 1Ea",
    "COL Size": "16 pack"
  },
  {
    "Brand_Product_Size": "Hydralyte Effervescent Tablets Orange 40 pack",
    "COL Price": 22,
    "COL ppu": "$0.55 per 1Ea",
    "COL Size": "40 pack"
  },
  {
    "Brand_Product_Size": "Beerenberg Australian Apricot Jam 300g",
    "COL Price": 5,
    "COL ppu": "$1.67 per 100G",
    "COL Size": "300g"
  },
  {
    "Brand_Product_Size": "Clairol Natural Instincts 3 Ebony Mocha Brown Black Hair Colour 1 pack",
    "COL Price": 12.8,
    "COL ppu": "$12.80 per 1Ea",
    "COL Size": "1 pack"
  },
  {
    "Brand_Product_Size": "Monday Sensitive Conditioner 350mL",
    "COL Price": 10,
    "COL ppu": "$2.86 per 100mL",
    "COL Size": "350mL"
  },
  {
    "Brand_Product_Size": "Rana Porcini Mushroom Ravioli 325g",
    "COL Price": 7,
    "COL ppu": "$2.15 per 100G",
    "COL Size": "325g"
  },
  {
    "Brand_Product_Size": "Richmond Valley Wagyu Porterhouse Steak approx. 375g",
    "COL Price": 35.625,
    "COL ppu": "$95.00 per 1Kg",
    "COL Size": "approx. 375g"
  },
  {
    "Brand_Product_Size": "Monini White Truffle Extra Virgin Olive Oil 250mL",
    "COL Price": 7,
    "COL ppu": "$2.80 per 100mL",
    "COL Size": "250mL"
  },
  {
    "Brand_Product_Size": "Haribo Sweet & Sour Bears 140g",
    "COL Price": 2.4,
    "COL ppu": "$1.71 per 100G",
    "COL Size": "140g"
  },
  {
    "Brand_Product_Size": "Nood Cage Free Chicken Recipe With Garden Vegetables Dog Food 100g",
    "COL Price": 1.8,
    "COL ppu": "$1.80 per 100G",
    "COL Size": "100g"
  },
  {
    "Brand_Product_Size": "Kewpie Mayonnaise 1 kg",
    "COL Price": 9.5,
    "COL ppu": "$0.95 per 100G",
    "COL Size": "1 kg"
  },
  {
    "Brand_Product_Size": "Sensodyne Daily Care & Whitening Toothpaste 50g",
    "COL Price": 5.5,
    "COL ppu": "$11.00 per 100G",
    "COL Size": "50g"
  },
  {
    "Brand_Product_Size": "Band-Aid Extra Large Waterproof Tough Strips 10 pack",
    "COL Price": 3.2,
    "COL ppu": "$0.32 per 1Ea",
    "COL Size": "10 pack"
  },
  {
    "Brand_Product_Size": "Devondale Regular Butter 500g",
    "COL Price": 5.7,
    "COL ppu": "$1.14 per 100G",
    "COL Size": "500g"
  },
  {
    "Brand_Product_Size": "Steggles Frozen Chicken Breast Wedges 1kg",
    "COL Price": 11,
    "COL ppu": "$11.00 per 1Kg",
    "COL Size": "1kg"
  },
  {
    "Brand_Product_Size": "Wiltshire Staysharp Utility Knife 13cm each",
    "COL Price": 18,
    "COL ppu": "$18.00 per 1Ea",
    "COL Size": "each"
  },
  {
    "Brand_Product_Size": "Ogx Penetrating Oil Extra Strength 100mL",
    "COL Price": 25,
    "COL ppu": "$25.00 per 100mL",
    "COL Size": "100mL"
  },
  {
    "Brand_Product_Size": "Kraft Mac & Cheese 8 Pack 410g",
    "COL Price": 4,
    "COL ppu": "$0.98 per 100G",
    "COL Size": "410g"
  },
  {
    "Brand_Product_Size": "Gourmet Garden Garlic Cold Blende Paste Value Pack 120g",
    "COL Price": 4.5,
    "COL ppu": "$0.38 per 10G",
    "COL Size": "120g"
  },
  {
    "Brand_Product_Size": "Coles Beef 4 Star Lean Mince 500g",
    "COL Price": 8.5,
    "COL ppu": "$1.70 per 100G",
    "COL Size": "500g"
  },
  {
    "Brand_Product_Size": "Nescafe Sugar Free Caramel Latte Sachets 10 pack",
    "COL Price": 6.3,
    "COL ppu": "$0.63 per 1Ea",
    "COL Size": "10 pack"
  },
  {
    "Brand_Product_Size": "Two Good Salted Caramel Yoghurt 150g",
    "COL Price": 2.5,
    "COL ppu": "$1.67 per 100G",
    "COL Size": "150g"
  },
  {
    "Brand_Product_Size": "Coles Cheese Slices 24 Pack 500g",
    "COL Price": 3.9,
    "COL ppu": "$7.80 per 1Kg",
    "COL Size": "500g"
  },
  {
    "Brand_Product_Size": "Fountain Tomato Sauce 2L",
    "COL Price": 6,
    "COL ppu": "$0.30 per 100mL",
    "COL Size": "2L"
  },
  {
    "Brand_Product_Size": "Connoisseur Belgian Chocolate Fudge With Hazelnut Gourmet Ice Cream Sticks 4 pack 456mL",
    "COL Price": 8.6,
    "COL ppu": "$1.89 per 100mL",
    "COL Size": "456mL"
  },
  {
    "Brand_Product_Size": "Vittoria Espresso Coffee Beans 500g",
    "COL Price": 15,
    "COL ppu": "$3.00 per 100G",
    "COL Size": "500g"
  },
  {
    "Brand_Product_Size": "Kapai Puku Gut Health Original Seed 450g",
    "COL Price": 13.5,
    "COL ppu": "$3.00 per 100G",
    "COL Size": "450g"
  },
  {
    "Brand_Product_Size": "Peters Lactose Free Ice Cream 1.2L",
    "COL Price": 7.6,
    "COL ppu": "$6.33 per 1L",
    "COL Size": "1.2L"
  },
  {
    "Brand_Product_Size": "Wet Ones Be Gentle Anti-Bacterial Hand & Face Wipes 40 pack",
    "COL Price": 4.1,
    "COL ppu": "$0.10 per 1Ea",
    "COL Size": "40 pack"
  },
  {
    "Brand_Product_Size": "Cottee's Coola Lime Cordial 1L",
    "COL Price": 4.2,
    "COL ppu": "$4.20 per 1L",
    "COL Size": "1L"
  },
  {
    "Brand_Product_Size": "Myaura Mandarin Grapefruit Lemon stick  Deodorant 65g",
    "COL Price": 9,
    "COL ppu": "$13.85 per 100G",
    "COL Size": "65g"
  },
  {
    "Brand_Product_Size": "Cadbury Old Gold Peppermint Dark Chocolate Block 180g",
    "COL Price": 3.5,
    "COL ppu": "$1.94 per 100G",
    "COL Size": "180g"
  },
  {
    "Brand_Product_Size": "Vitasoy Natural Creamy Long Life Soy Milk 1L 1L",
    "COL Price": 3,
    "COL ppu": "$3.00 per 1L",
    "COL Size": "1L"
  },
  {
    "Brand_Product_Size": "Golden Circle Apple Raspberry Cordial 2L",
    "COL Price": 3,
    "COL ppu": "$1.50 per 1L",
    "COL Size": "2L"
  },
  {
    "Brand_Product_Size": "Coninental Kosher Butterflied Moroccan Lamb Shoulder approx. 1.2kg",
    "COL Price": 56.4,
    "COL ppu": "$47.00 per 1Kg",
    "COL Size": "approx. 1.2kg"
  },
  {
    "Brand_Product_Size": "Coles Nature's Kitchen Lentil Bolognese Ravioli 350g",
    "COL Price": 4,
    "COL ppu": "$1.14 per 100G",
    "COL Size": "350g"
  },
  {
    "Brand_Product_Size": "Food For Health Fruit Free Clusters with Chia & Cinnamon 425g",
    "COL Price": 8,
    "COL ppu": "$1.88 per 100G",
    "COL Size": "425g"
  },
  {
    "Brand_Product_Size": "Natvia Sweetener Sticks 40 pack",
    "COL Price": 4.5,
    "COL ppu": "$0.11 per 1Ea",
    "COL Size": "40 pack"
  },
  {
    "Brand_Product_Size": "Purr Cat Food Seafood Jelly Selection 12X85g 12 pack",
    "COL Price": 8.5,
    "COL ppu": "$0.83 per 100G",
    "COL Size": "12 pack"
  },
  {
    "Brand_Product_Size": "Taaman Tuna Chunk Light In Brine 170g",
    "COL Price": 3.3,
    "COL ppu": "$19.41 per 1Kg",
    "COL Size": "170g"
  },
  {
    "Brand_Product_Size": "Bonox Concentrated Beef Stock 230g",
    "COL Price": 5.5,
    "COL ppu": "$2.39 per 100G",
    "COL Size": "230g"
  },
  {
    "Brand_Product_Size": "Easiyo Greek Style Coconut Yoghurt 240g",
    "COL Price": 4.7,
    "COL ppu": "$1.96 per 100G",
    "COL Size": "240g"
  },
  {
    "Brand_Product_Size": "Praise Dressing Roasted Garlic 250mL",
    "COL Price": 3.5,
    "COL ppu": "$1.40 per 100mL",
    "COL Size": "250mL"
  },
  {
    "Brand_Product_Size": "Betty Crocker Crocker Brownie Cheesecake Mix 225g",
    "COL Price": 5.2,
    "COL ppu": "$2.31 per 100G",
    "COL Size": "225g"
  },
  {
    "Brand_Product_Size": "Coles Nature's Kitchen Meat Free Smokey Grill Burgers 250g",
    "COL Price": 6,
    "COL ppu": "$2.40 per 100G",
    "COL Size": "250g"
  },
  {
    "Brand_Product_Size": "Colgate 2 in 1 Liquid Gel Whitening Toothpaste & Mouthwash 130g",
    "COL Price": 5.35,
    "COL ppu": "$4.12 per 100G",
    "COL Size": "130g"
  },
  {
    "Brand_Product_Size": "Hoyts Ground Ginger 25g",
    "COL Price": 1.85,
    "COL ppu": "$0.74 per 10G",
    "COL Size": "25g"
  },
  {
    "Brand_Product_Size": "Gillette Mach3 Turbo Razor Cartridge 4 pack",
    "COL Price": 17,
    "COL ppu": "",
    "COL Size": "4 pack"
  },
  {
    "Brand_Product_Size": "Tampax Pearl Compak Regular Tampon With Applicator 18 pack",
    "COL Price": 6.35,
    "COL ppu": "$0.35 per 1Ea",
    "COL Size": "18 pack"
  },
  {
    "Brand_Product_Size": "Coles White Plain Flour 2kg",
    "COL Price": 1.8,
    "COL ppu": "$0.90 per 1Kg",
    "COL Size": "2kg"
  },
  {
    "Brand_Product_Size": "Coles Deli Thawed Seafood Smoked Cod Fillet approx. 200g each",
    "COL Price": 2,
    "COL ppu": "$10.00 per 1Kg",
    "COL Size": "approx. 200g each"
  },
  {
    "Brand_Product_Size": "Coles Snack Bites Chicken 200g",
    "COL Price": 1.4,
    "COL ppu": "$0.70 per 100G",
    "COL Size": "200g"
  },
  {
    "Brand_Product_Size": "Heilala Baking Vanilla Extract With Natural Flavour 125mL",
    "COL Price": 8,
    "COL ppu": "$0.64 per 10mL",
    "COL Size": "125mL"
  },
  {
    "Brand_Product_Size": "Angas Park Diced Dried Apricots 200g",
    "COL Price": 4.8,
    "COL ppu": "$24.00 per 1Kg",
    "COL Size": "200g"
  },
  {
    "Brand_Product_Size": "L'Oreal True Match Gold Ivory W1 Foundation 30mL",
    "COL Price": 21,
    "COL ppu": "$7.00 per 10mL",
    "COL Size": "30mL"
  },
  {
    "Brand_Product_Size": "Coles Finest Angus Beef Eye Fillet Steak approx. 256g pack",
    "COL Price": 16.896,
    "COL ppu": "$66.00 per 1Kg",
    "COL Size": "approx. 256g pack"
  },
  {
    "Brand_Product_Size": "Coles Nail Polish Remover Wipes 25 pack",
    "COL Price": 2,
    "COL ppu": "$0.08 per 1Ea",
    "COL Size": "25 pack"
  },
  {
    "Brand_Product_Size": "Sunny Days Sweet Co Jersey Caramel 150g",
    "COL Price": 2,
    "COL ppu": "$1.33 per 100G",
    "COL Size": "150g"
  },
  {
    "Brand_Product_Size": "Powerade Mountain Blast Hydration Pack Isotonic Drink 1.5L",
    "COL Price": 3.9,
    "COL ppu": "$2.60 per 1L",
    "COL Size": "1.5L"
  },
  {
    "Brand_Product_Size": "Coles Bakery Sultana Scones 6 pack",
    "COL Price": 4.5,
    "COL ppu": "$0.75 per 1Ea",
    "COL Size": "6 pack"
  },
  {
    "Brand_Product_Size": "L'Oreal Elvive Extraordinary Oil Shampoo 700mL",
    "COL Price": 10,
    "COL ppu": "$1.43 per 100mL",
    "COL Size": "700mL"
  },
  {
    "Brand_Product_Size": "The Alternative Dairy Co Cheese Style Sauce 300g",
    "COL Price": 5,
    "COL ppu": "$1.67 per 100G",
    "COL Size": "300g"
  },
  {
    "Brand_Product_Size": "Aristocrat Red Cocktail Onions 150g",
    "COL Price": 2,
    "COL ppu": "$13.33 per 1Kg",
    "COL Size": "150g"
  },
  {
    "Brand_Product_Size": "Vetta Smart Fibre Spaghetti Pasta 500g",
    "COL Price": 1.6,
    "COL ppu": "$0.32 per 100G",
    "COL Size": "500g"
  },
  {
    "Brand_Product_Size": "Coles Fresh Seafood Yellowfin Tuna Steak approx. 225g",
    "COL Price": 10.125,
    "COL ppu": "$45.00 per 1Kg",
    "COL Size": "approx. 225g"
  },
  {
    "Brand_Product_Size": "Remedy Kombucha Ginger & Lemon 330mL",
    "COL Price": 3,
    "COL ppu": "$9.09 per 1L",
    "COL Size": "330mL"
  },
  {
    "Brand_Product_Size": "Moccona Lungo 8 Coffee Capsules 10 Pack 52g",
    "COL Price": 6,
    "COL ppu": "$11.54 per 100G",
    "COL Size": "52g"
  },
  {
    "Brand_Product_Size": "Coles Deli Streaky Bacon approx. 250g each",
    "COL Price": 3.75,
    "COL ppu": "$15.00 per 1kg",
    "COL Size": "approx. 250g each"
  },
  {
    "Brand_Product_Size": "Swiss Selection Dark Chocolate Noir 100g",
    "COL Price": 4,
    "COL ppu": "$4.00 per 100G",
    "COL Size": "100g"
  },
  {
    "Brand_Product_Size": "Dettol Biodegradable Multipurpose Fresh Wipes 40 pack",
    "COL Price": 4.75,
    "COL ppu": "$11.88 per 100Ea",
    "COL Size": "40 pack"
  },
  {
    "Brand_Product_Size": "Cuddly Soft & Sensitive Fabric Conditioner 1L",
    "COL Price": 6,
    "COL ppu": "$6.00 per 1L",
    "COL Size": "1L"
  },
  {
    "Brand_Product_Size": "Gullon Sugar Free Digestive Biscuits 400g",
    "COL Price": 4.4,
    "COL ppu": "$1.10 per 100G",
    "COL Size": "400g"
  },
  {
    "Brand_Product_Size": "Fantastic Beef Noodle Cup 70g",
    "COL Price": 1.6,
    "COL ppu": "$2.29 per 100G",
    "COL Size": "70g"
  },
  {
    "Brand_Product_Size": "Ungers Duck Sauce 1.13kg",
    "COL Price": 7.85,
    "COL ppu": "$6.95 per 1L",
    "COL Size": "1.13kg"
  },
  {
    "Brand_Product_Size": "Schwarzkopf Got2b Dark Brown Fresh It Up Dry Shampoo 200mL",
    "COL Price": 7.8,
    "COL ppu": "$3.90 per 100mL",
    "COL Size": "200mL"
  },
  {
    "Brand_Product_Size": "Cook & Dine Bubble Tumblers 4 pack",
    "COL Price": 10,
    "COL ppu": "$2.50 per 1Ea",
    "COL Size": "4 pack"
  },
  {
    "Brand_Product_Size": "Nudie Nothing But 100% Fresh Orange Juice 1L",
    "COL Price": 5.5,
    "COL ppu": "$5.50 per 1L",
    "COL Size": "1L"
  },
  {
    "Brand_Product_Size": "Coles Jumbo Salted Cashews 200g",
    "COL Price": 5.5,
    "COL ppu": "$27.50 per 1Kg",
    "COL Size": "200g"
  },
  {
    "Brand_Product_Size": "Coles Plant Based Kitchen Tidy Bags Large 25 pack",
    "COL Price": 3.8,
    "COL ppu": "$0.15 per 1Ea",
    "COL Size": "25 pack"
  },
  {
    "Brand_Product_Size": "Primo Cacciatori Mild each",
    "COL Price": 6,
    "COL ppu": "$6.00 per 1Ea",
    "COL Size": "each"
  },
  {
    "Brand_Product_Size": "Coles Deli Medium Greek Salad each",
    "COL Price": 6,
    "COL ppu": "$6.00 per 1Ea",
    "COL Size": "each"
  },
  {
    "Brand_Product_Size": "Coles Peach in Mango Flavoured Jelly 500g",
    "COL Price": 2.2,
    "COL ppu": "$4.40 per 1Kg",
    "COL Size": "500g"
  },
  {
    "Brand_Product_Size": "Coles Free Range Pork Mince 500g",
    "COL Price": 8,
    "COL ppu": "$16.00 per 1Kg",
    "COL Size": "500g"
  },
  {
    "Brand_Product_Size": "Praise Squeezy Tartare Sauce 250mL",
    "COL Price": 3,
    "COL ppu": "$1.20 per 100mL",
    "COL Size": "250mL"
  },
  {
    "Brand_Product_Size": "Coles Kitchen Tomato & Basil Soup 300g",
    "COL Price": 3,
    "COL ppu": "$1.00 per 100G",
    "COL Size": "300g"
  },
  {
    "Brand_Product_Size": "The Spice Tailor Original Tikka Masala 300g",
    "COL Price": 5.5,
    "COL ppu": "$1.83 per 100G",
    "COL Size": "300g"
  },
  {
    "Brand_Product_Size": "MasterFoods Thai Seasoning 35g",
    "COL Price": 3.75,
    "COL ppu": "$1.07 per 10G",
    "COL Size": "35g"
  },
  {
    "Brand_Product_Size": "Nudie Nothing But Apple Juice 400mL",
    "COL Price": 3.5,
    "COL ppu": "$8.75 per 1L",
    "COL Size": "400mL"
  },
  {
    "Brand_Product_Size": "Coles Nice Biscuits 250g",
    "COL Price": 0.95,
    "COL ppu": "$0.38 per 100G",
    "COL Size": "250g"
  },
  {
    "Brand_Product_Size": "Garnier Fructis Normal Shampoo 315mL",
    "COL Price": 3.5,
    "COL ppu": "$1.11 per 100mL",
    "COL Size": "315mL"
  },
  {
    "Brand_Product_Size": "Coles 2 Serve Soup Cheesy Broccoli And Cauliflower With Croutons 60g",
    "COL Price": 1,
    "COL ppu": "$1.67 per 100G",
    "COL Size": "60g"
  },
  {
    "Brand_Product_Size": "Modo Ecoliving HB Recycled Pencils 12 pack",
    "COL Price": 3.2,
    "COL ppu": "$0.27 per 1Ea",
    "COL Size": "12 pack"
  },
  {
    "Brand_Product_Size": "Coles Made Easy Slow Cooked Pork Shoulder With Apple & BBQ Sauce 480g",
    "COL Price": 12.5,
    "COL ppu": "$2.60 per 100G",
    "COL Size": "480g"
  },
  {
    "Brand_Product_Size": "Uncle Tobys Chewy Muesli Bars Forest Fruits 6 Pack 185g",
    "COL Price": 2.15,
    "COL ppu": "$1.16 per 100G",
    "COL Size": "185g"
  },
  {
    "Brand_Product_Size": "Coles Bakery Soft Round Rolls 6 pack",
    "COL Price": 2,
    "COL ppu": "$0.33 per 1Ea",
    "COL Size": "6 pack"
  },
  {
    "Brand_Product_Size": "Clean Air Lilac Mist Deodoriser Refill 125g",
    "COL Price": 3.7,
    "COL ppu": "$2.96 per 100G",
    "COL Size": "125g"
  },
  {
    "Brand_Product_Size": "Duracell Duracell Lithium Coin Batteries 1616 1 pack",
    "COL Price": 5,
    "COL ppu": "$5.00 per 1Ea",
    "COL Size": "1 pack"
  },
  {
    "Brand_Product_Size": "MasterFoods Satay Marinade 375g",
    "COL Price": 2.5,
    "COL ppu": "$0.67 per 100G",
    "COL Size": "375g"
  },
  {
    "Brand_Product_Size": "Cadbury Baking Dark Chocolate Block 180g",
    "COL Price": 3,
    "COL ppu": "$1.67 per 100G",
    "COL Size": "180g"
  },
  {
    "Brand_Product_Size": "Brunnings Feed 'n' Weed for Lawns 2.7L",
    "COL Price": 8.89,
    "COL ppu": "$3.29 per 1L",
    "COL Size": "2.7L"
  },
  {
    "Brand_Product_Size": "Golden Circle Banana Berry Blast Squeezy Pouch 120g",
    "COL Price": 1.5,
    "COL ppu": "$12.50 per 1Kg",
    "COL Size": "120g"
  },
  {
    "Brand_Product_Size": "Dove Antiperspirant Pomegranate Deo Stick 40g",
    "COL Price": 6,
    "COL ppu": "$15.00 per 100G",
    "COL Size": "40g"
  },
  {
    "Brand_Product_Size": "Garnier Sugar Scrub Body Tonic 200mL",
    "COL Price": 11.95,
    "COL ppu": "$5.98 per 100mL",
    "COL Size": "200mL"
  },
  {
    "Brand_Product_Size": "Coles Extra Virgin Olive Oil 500mL",
    "COL Price": 4,
    "COL ppu": "$0.80 per 100mL",
    "COL Size": "500mL"
  },
  {
    "Brand_Product_Size": "Twinings Earl Grey Tea Bags 50 pack 100g",
    "COL Price": 7,
    "COL ppu": "$7.00 per 100G",
    "COL Size": "100g"
  },
  {
    "Brand_Product_Size": "Nurofen Zavance Fast Pain Relief Tablets 256mg Ibuprofen 12 pack",
    "COL Price": 4.45,
    "COL ppu": "$0.37 per 1Ea",
    "COL Size": "12 pack"
  },
  {
    "Brand_Product_Size": "Praise Traditional Mayonnaise 490g",
    "COL Price": 3.5,
    "COL ppu": "$0.71 per 100G",
    "COL Size": "490g"
  },
  {
    "Brand_Product_Size": "Pauls Zymil Full Cream Long Life Milk 1L",
    "COL Price": 2.25,
    "COL ppu": "$2.25 per 1L",
    "COL Size": "1L"
  },
  {
    "Brand_Product_Size": "Coca-Cola Diet Coke Soft Drink 1.25L",
    "COL Price": 3.15,
    "COL ppu": "$2.52 per 1L",
    "COL Size": "1.25L"
  },
  {
    "Brand_Product_Size": "Latina Fresh Lasagne Sheets 8 Pack 375g",
    "COL Price": 3.5,
    "COL ppu": "$0.93 per 100G",
    "COL Size": "375g"
  },
  {
    "Brand_Product_Size": "Allen's Large Retro Party Mix 520g",
    "COL Price": 5,
    "COL ppu": "$0.96 per 100G",
    "COL Size": "520g"
  },
  {
    "Brand_Product_Size": "Schwarzkopf Silver Toner  Live Colour 1 pack",
    "COL Price": 14,
    "COL ppu": "$14.00 per 1Ea",
    "COL Size": "1 pack"
  },
  {
    "Brand_Product_Size": "Wild Tides Responsibly Fished Tuna Thai Green Curry Mild 95g",
    "COL Price": 1,
    "COL ppu": "$10.53 per 1Kg",
    "COL Size": "95g"
  },
  {
    "Brand_Product_Size": "Fehlbergs Chilli Pickled Onions 500g",
    "COL Price": 4.8,
    "COL ppu": "$9.60 per 1Kg",
    "COL Size": "500g"
  },
  {
    "Brand_Product_Size": "Chux Non Scratch Mesh Scourer 1 pack",
    "COL Price": 2,
    "COL ppu": "$2.00 per 1Ea",
    "COL Size": "1 pack"
  },
  {
    "Brand_Product_Size": "Lipton Lemon Ice Tea 1.5L",
    "COL Price": 1.97,
    "COL ppu": "$1.31 per 1L",
    "COL Size": "1.5L"
  },
  {
    "Brand_Product_Size": "L'Oreal True Match Beige Liquid Foundation 30mL",
    "COL Price": 21,
    "COL ppu": "$7.00 per 10mL",
    "COL Size": "30mL"
  },
  {
    "Brand_Product_Size": "Olay Eyes Retinol 24 Night 15mL",
    "COL Price": 60,
    "COL ppu": "$400.03 per 100mL",
    "COL Size": "15mL"
  },
  {
    "Brand_Product_Size": "Coles Frozen Mini Beef Dim Sims 15 Pieces 250g",
    "COL Price": 2,
    "COL ppu": "$0.80 per 100G",
    "COL Size": "250g"
  },
  {
    "Brand_Product_Size": "Pringles Original Salted Stacked Potato Chips 53g",
    "COL Price": 1.5,
    "COL ppu": "$2.83 per 100G",
    "COL Size": "53g"
  },
  {
    "Brand_Product_Size": "Head & Shoulders Ultra Men 2 In1 Sports Fresh Anti-Dandruff Shampoo + Conditioner 400mL",
    "COL Price": 7.5,
    "COL ppu": "$1.88 per 100mL",
    "COL Size": "400mL"
  },
  {
    "Brand_Product_Size": "Steggles Frozen Salt & Pepper Chicken Breast Fingers 400g",
    "COL Price": 8.5,
    "COL ppu": "$21.25 per 1Kg",
    "COL Size": "400g"
  },
  {
    "Brand_Product_Size": "Alicia's Sherry Vinegar 375mL",
    "COL Price": 6,
    "COL ppu": "$1.60 per 100mL",
    "COL Size": "375mL"
  },
  {
    "Brand_Product_Size": "Rafferty's Garden Strawberry Yoghurt Buttons 12+ Months 28g",
    "COL Price": 4,
    "COL ppu": "$14.29 per 100G",
    "COL Size": "28g"
  },
  {
    "Brand_Product_Size": "Eskal Red Horseradish 150g",
    "COL Price": 3,
    "COL ppu": "$2.00 per 100G",
    "COL Size": "150g"
  },
  {
    "Brand_Product_Size": "No Vac Garden Breeze Carpet Sanitiser & Deodoriser 290g",
    "COL Price": 4.9,
    "COL ppu": "$1.69 per 100G",
    "COL Size": "290g"
  },
  {
    "Brand_Product_Size": "Mutti Tomato Passata 700g",
    "COL Price": 2.5,
    "COL ppu": "$0.36 per 100G",
    "COL Size": "700g"
  },
  {
    "Brand_Product_Size": "Rosella Squeezy Tomato Sauce 500mL",
    "COL Price": 3,
    "COL ppu": "$0.60 per 100mL",
    "COL Size": "500mL"
  },
  {
    "Brand_Product_Size": "Sanitarium Weet-Bix Blends Cranberry & Coconut Breakfast Cereal 450g",
    "COL Price": 5.3,
    "COL ppu": "$1.18 per 100G",
    "COL Size": "450g"
  },
  {
    "Brand_Product_Size": "Coles Organic Leek each",
    "COL Price": 3.5,
    "COL ppu": "$3.50 per 1Ea",
    "COL Size": "each"
  },
  {
    "Brand_Product_Size": "Coles Marinated Artichoke Hearts 275g",
    "COL Price": 2.65,
    "COL ppu": "$0.96 per 100G",
    "COL Size": "275g"
  },
  {
    "Brand_Product_Size": "Coles Pet Wipes 40 pack",
    "COL Price": 5.5,
    "COL ppu": "$0.14 per 1Ea",
    "COL Size": "40 pack"
  },
  {
    "Brand_Product_Size": "Golden Circle Summer Berries Fruit Drink 250mL 6 pack",
    "COL Price": 4.5,
    "COL ppu": "$0.75 per 1Ea",
    "COL Size": "6 pack"
  },
  {
    "Brand_Product_Size": "Tooshies By Tom Organic Bamboo Nappies Size 5 Walker 32 pack",
    "COL Price": 20,
    "COL ppu": "$0.63 per 1Ea",
    "COL Size": "32 pack"
  },
  {
    "Brand_Product_Size": "Purina Tidy Cats Litter Tray Deodoriser 560g",
    "COL Price": 13,
    "COL ppu": "$23.21 per 1Kg",
    "COL Size": "560g"
  },
  {
    "Brand_Product_Size": "Gravox Traditional Liquid Gravy 165g",
    "COL Price": 2,
    "COL ppu": "$1.21 per 100G",
    "COL Size": "165g"
  },
  {
    "Brand_Product_Size": "Duracell Hearing Aid S10 Batteries 8 pack",
    "COL Price": 10,
    "COL ppu": "$1.25 per 1Ea",
    "COL Size": "8 pack"
  },
  {
    "Brand_Product_Size": "Provoke Touch Of Silver Colour Care Shampoo 400mL",
    "COL Price": 10,
    "COL ppu": "$25.00 per 1L",
    "COL Size": "400mL"
  },
  {
    "Brand_Product_Size": "Coles Vegan Vegetable Dim Sims 200g",
    "COL Price": 6,
    "COL ppu": "$3.00 per 100G",
    "COL Size": "200g"
  },
  {
    "Brand_Product_Size": "Paesanella Bocconcini Cheese 210g",
    "COL Price": 5.5,
    "COL ppu": "$26.19 per 1Kg",
    "COL Size": "210g"
  },
  {
    "Brand_Product_Size": "Palirria Vine Leaves Stuffed With Rice & Herbs 280g",
    "COL Price": 5.5,
    "COL ppu": "$1.96 per 100G",
    "COL Size": "280g"
  },
  {
    "Brand_Product_Size": "Coles Italian Style Salami approx.125g",
    "COL Price": 4.125,
    "COL ppu": "$33.00 per 1Kg",
    "COL Size": "approx.125g"
  },
  {
    "Brand_Product_Size": "Coles Halloween Creepy Critter Sprinkles 120g",
    "COL Price": 5.5,
    "COL ppu": "$4.58 per 100G",
    "COL Size": "120g"
  },
  {
    "Brand_Product_Size": "Kirks Creaming Soda 1.25L",
    "COL Price": 1.15,
    "COL ppu": "$0.92 per 1L",
    "COL Size": "1.25L"
  },
  {
    "Brand_Product_Size": "Rana Goat Cheese And Onion Girasoli 325g",
    "COL Price": 7,
    "COL ppu": "$2.15 per 100G",
    "COL Size": "325g"
  },
  {
    "Brand_Product_Size": "Sukin Antioxidant Eye Serum 30mL",
    "COL Price": 20,
    "COL ppu": "$66.67 per 100mL",
    "COL Size": "30mL"
  },
  {
    "Brand_Product_Size": "Sakata Sweet & Salty Rice Puffs Crackers 72g",
    "COL Price": 3,
    "COL ppu": "$4.17 per 100G",
    "COL Size": "72g"
  },
  {
    "Brand_Product_Size": "Three Aussie Farmers Sicilian Pork Sausage 500g",
    "COL Price": 7,
    "COL ppu": "$14.00 per 1Kg",
    "COL Size": "500g"
  },
  {
    "Brand_Product_Size": "Patties Frozen Mini Combo Party Pies & Sausage Rolls 40 pack 1kg",
    "COL Price": 7.75,
    "COL ppu": "$0.78 per 100G",
    "COL Size": "1kg"
  },
  {
    "Brand_Product_Size": "South Cape Classic Crumbled Fetta Cheese 200g",
    "COL Price": 8.2,
    "COL ppu": "$41.00 per 1Kg",
    "COL Size": "200g"
  },
  {
    "Brand_Product_Size": "Temptations Tasty Chicken Flavour Cat Treats 85g",
    "COL Price": 4.3,
    "COL ppu": "$5.06 per 100G",
    "COL Size": "85g"
  },
  {
    "Brand_Product_Size": "McCain Frozen Crispy & Golden Beer Batter Wedges 750g",
    "COL Price": 4.3,
    "COL ppu": "$0.57 per 100G",
    "COL Size": "750g"
  },
  {
    "Brand_Product_Size": "Bega Almond Spread Crunchy 325g",
    "COL Price": 5,
    "COL ppu": "$1.54 per 100G",
    "COL Size": "325g"
  },
  {
    "Brand_Product_Size": "Coles I'm Perfect Carrots Prepacked 1.5kg",
    "COL Price": 2,
    "COL ppu": "$1.33 per 1Kg",
    "COL Size": "1.5kg"
  },
  {
    "Brand_Product_Size": "Coles I'M Free From Cheese Twists 90g",
    "COL Price": 2,
    "COL ppu": "$2.22 per 100G",
    "COL Size": "90g"
  },
  {
    "Brand_Product_Size": "Manicare face Precision Tweezer Pink each",
    "COL Price": 12.5,
    "COL ppu": "$12.50 per 1Ea",
    "COL Size": "each"
  },
  {
    "Brand_Product_Size": "Kewpie Mayonnaise Sriracha 300g",
    "COL Price": 4.7,
    "COL ppu": "$1.57 per 100G",
    "COL Size": "300g"
  },
  {
    "Brand_Product_Size": "Meat Mates Chicken Dinner Dog Food 170g",
    "COL Price": 2.9,
    "COL ppu": "$1.71 per 100G",
    "COL Size": "170g"
  },
  {
    "Brand_Product_Size": "Abbott's Village Bakery Rustic White Bread 700g",
    "COL Price": 3.8,
    "COL ppu": "$0.54 per 100G",
    "COL Size": "700g"
  },
  {
    "Brand_Product_Size": "The Bar Counter High Protein Chocolate Mint Bar 40g",
    "COL Price": 2.5,
    "COL ppu": "$6.25 per 100G",
    "COL Size": "40g"
  },
  {
    "Brand_Product_Size": "Armor All Glass Cleaner Wipes each",
    "COL Price": 10.5,
    "COL ppu": "$10.50 per 1ea",
    "COL Size": "each"
  },
  {
    "Brand_Product_Size": "Tealight Candles 30 pack",
    "COL Price": 3.15,
    "COL ppu": "$0.11 per 1Ea",
    "COL Size": "30 pack"
  },
  {
    "Brand_Product_Size": "Provedore Prosciutto 100g",
    "COL Price": 7,
    "COL ppu": "$70.00 per 1Kg",
    "COL Size": "100g"
  },
  {
    "Brand_Product_Size": "Total Care Cat Collar Reflective 1 pack",
    "COL Price": 11,
    "COL ppu": "$11.00 per 1Ea",
    "COL Size": "1 pack"
  },
  {
    "Brand_Product_Size": "Edgell Black Beans Pouch 100g",
    "COL Price": 1,
    "COL ppu": "$10.00 per 1Kg",
    "COL Size": "100g"
  },
  {
    "Brand_Product_Size": "Coles Mini Classics Vanilla Ice Cream Sticks 6 pack 360mL",
    "COL Price": 4,
    "COL ppu": "$1.11 per 100mL",
    "COL Size": "360mL"
  },
  {
    "Brand_Product_Size": "Coles William Pears each",
    "COL Price": 2,
    "COL ppu": "$2.00 per 1Ea",
    "COL Size": "each"
  },
  {
    "Brand_Product_Size": "Hask Tea Tree Oil & Rosemary Invigorating Shampoo 355mL",
    "COL Price": 15,
    "COL ppu": "$4.23 per 100mL",
    "COL Size": "355mL"
  },
  {
    "Brand_Product_Size": "Coles Kitchen Chicken Laksa Noodles 350g",
    "COL Price": 7.5,
    "COL ppu": "$2.14 per 100G",
    "COL Size": "350g"
  },
  {
    "Brand_Product_Size": "Coles Chicken Sage And Thyme Sausages 550g",
    "COL Price": 5.5,
    "COL ppu": "$1.00 per 100G",
    "COL Size": "550g"
  },
  {
    "Brand_Product_Size": "Dandy Middle Bacon 1kg",
    "COL Price": 10,
    "COL ppu": "$10.00 per 1Kg",
    "COL Size": "1kg"
  },
  {
    "Brand_Product_Size": "KOi Hand Cream Neroli & Clary Sage 100ml each",
    "COL Price": 8,
    "COL ppu": "$8.00 per 100mL",
    "COL Size": "each"
  },
  {
    "Brand_Product_Size": "Gaviscon Dual Action Chewable Tablets 16 pack",
    "COL Price": 5.2,
    "COL ppu": "$0.33 per 1Ea",
    "COL Size": "16 pack"
  },
  {
    "Brand_Product_Size": "Coles Pork Shoulder Roast Boneless approx. 1.940kg",
    "COL Price": 14.55,
    "COL ppu": "$7.50 per 1Kg",
    "COL Size": "approx. 1.940kg"
  },
  {
    "Brand_Product_Size": "Purity Sensitive Fabric Softener 1.25L",
    "COL Price": 4,
    "COL ppu": "$3.20 per 1L",
    "COL Size": "1.25L"
  },
  {
    "Brand_Product_Size": "Garnier Nutrisse Hair 1 pack",
    "COL Price": 7.5,
    "COL ppu": "$7.50 per 1Ea",
    "COL Size": "1 pack"
  },
  {
    "Brand_Product_Size": "Sanpellegrino Sparkling Mineral Water Bottle 1L",
    "COL Price": 3.25,
    "COL ppu": "$3.25 per 1L",
    "COL Size": "1L"
  },
  {
    "Brand_Product_Size": "Coles Character Mug each",
    "COL Price": 4.5,
    "COL ppu": "$4.50 per 1Ea",
    "COL Size": "each"
  },
  {
    "Brand_Product_Size": "Cadbury Freddo Delicious Biscuits Dipped In Milk Chocolate 167g",
    "COL Price": 3,
    "COL ppu": "$1.80 per 100G",
    "COL Size": "167g"
  },
  {
    "Brand_Product_Size": "L'Oreal Paris Age Perfect Cleansing Milk 200mL",
    "COL Price": 10.5,
    "COL ppu": "$5.25 per 100mL",
    "COL Size": "200mL"
  },
  {
    "Brand_Product_Size": "Bega Peanut Butter Smooth 375g",
    "COL Price": 4.9,
    "COL ppu": "$1.31 per 100G",
    "COL Size": "375g"
  },
  {
    "Brand_Product_Size": "Always Fresh Whole Baby Cucumbers 680g",
    "COL Price": 5.5,
    "COL ppu": "$0.81 per 100G",
    "COL Size": "680g"
  },
  {
    "Brand_Product_Size": "Coles Blueberry Cheesecake 450g",
    "COL Price": 7,
    "COL ppu": "$1.56 per 100G",
    "COL Size": "450g"
  },
  {
    "Brand_Product_Size": "Coles Tasty Cheese & Crackers 4 Pack 120g",
    "COL Price": 4,
    "COL ppu": "",
    "COL Size": "120g"
  },
  {
    "Brand_Product_Size": "I&J Original Crumb Fish Fillets 550g",
    "COL Price": 6,
    "COL ppu": "$10.91 per 1Kg",
    "COL Size": "550g"
  },
  {
    "Brand_Product_Size": "Starbucks House Blend Capsules 30 pack",
    "COL Price": 18.3,
    "COL ppu": "$0.61 per 1Ea",
    "COL Size": "30 pack"
  },
  {
    "Brand_Product_Size": "Coles Lemon Slice 175g",
    "COL Price": 4,
    "COL ppu": "$2.29 per 100G",
    "COL Size": "175g"
  },
  {
    "Brand_Product_Size": "Coles Extension Cord 10m each",
    "COL Price": 10,
    "COL ppu": "$10.00 per 1ea",
    "COL Size": "each"
  },
  {
    "Brand_Product_Size": "Doritos Medium Salsa 300g",
    "COL Price": 2.5,
    "COL ppu": "$0.83 per 100G",
    "COL Size": "300g"
  },
  {
    "Brand_Product_Size": "Dairy Farmers Lite White Milk 1L",
    "COL Price": 2.95,
    "COL ppu": "$2.95 per 1L",
    "COL Size": "1L"
  },
  {
    "Brand_Product_Size": "KOi Bergamot & Magnolia Hand Wash 500mL",
    "COL Price": 7,
    "COL ppu": "$1.40 per 100mL",
    "COL Size": "500mL"
  },
  {
    "Brand_Product_Size": "Coles Greenhouse Truss Tomatoes approx. 140g each",
    "COL Price": 0.826,
    "COL ppu": "$5.90 per 1Kg",
    "COL Size": "approx. 140g each"
  },
  {
    "Brand_Product_Size": "Smiths Poppables Honey BBQ 90g",
    "COL Price": 3.5,
    "COL ppu": "$3.89 per 100G",
    "COL Size": "90g"
  },
  {
    "Brand_Product_Size": "Oates Tilt-A-Matic Squeeze Mop each",
    "COL Price": 16.5,
    "COL ppu": "$16.50 per 1Ea",
    "COL Size": "each"
  },
  {
    "Brand_Product_Size": "Eat Street Chicken Cheese & Bacon Sausages 420g",
    "COL Price": 7.5,
    "COL ppu": "$17.86 per 1Kg",
    "COL Size": "420g"
  },
  {
    "Brand_Product_Size": "Huggies Little Swimmers Unisex Swim Pants Small 7-12 Kg 12 pack",
    "COL Price": 15,
    "COL ppu": "$1.25 per 1Ea",
    "COL Size": "12 pack"
  },
  {
    "Brand_Product_Size": "Carmex Lip Balm Jar 7.5g",
    "COL Price": 5,
    "COL ppu": "$66.68 per 100G",
    "COL Size": "7.5g"
  },
  {
    "Brand_Product_Size": "Bgan Apple & Mango Fruit Pouch 113g",
    "COL Price": 1.9,
    "COL ppu": "$1.68 per 100G",
    "COL Size": "113g"
  },
  {
    "Brand_Product_Size": "Borg's Spinach Pastizzi Value Pack 1kg",
    "COL Price": 8.75,
    "COL ppu": "$0.88 per 100G",
    "COL Size": "1kg"
  },
  {
    "Brand_Product_Size": "Maxibon Caramel Rough Nut Ice Cream Bars 4 pack 620mL",
    "COL Price": 8.4,
    "COL ppu": "$1.35 per 100mL",
    "COL Size": "620mL"
  },
  {
    "Brand_Product_Size": "Selleys Liquid Nails 100g",
    "COL Price": 7.5,
    "COL ppu": "$7.50 per 1ea",
    "COL Size": "100g"
  },
  {
    "Brand_Product_Size": "Bonds Womens Hipster Boyleg Briefs Size 10 2 pack",
    "COL Price": 16,
    "COL ppu": "",
    "COL Size": "2 pack"
  },
  {
    "Brand_Product_Size": "Curash Water Wipes 80 pack",
    "COL Price": 2.75,
    "COL ppu": "$3.44 per 100Ea",
    "COL Size": "80 pack"
  },
  {
    "Brand_Product_Size": "Armor All Wash & Wax 1L",
    "COL Price": 8,
    "COL ppu": "$8.00 per 1ea",
    "COL Size": "1L"
  },
  {
    "Brand_Product_Size": "Hask 5in1 Leave-in Spray Keratin Smoothing 175mL",
    "COL Price": 15,
    "COL ppu": "$8.57 per 100mL",
    "COL Size": "175mL"
  },
  {
    "Brand_Product_Size": "OB Finest Fig & Almond Crackers 150g",
    "COL Price": 6,
    "COL ppu": "$4.00 per 100G",
    "COL Size": "150g"
  },
  {
    "Brand_Product_Size": "Coles School Pack 30 pieces 4 pack",
    "COL Price": 3.5,
    "COL ppu": "$0.88 per 1Ea",
    "COL Size": "4 pack"
  },
  {
    "Brand_Product_Size": "Dove Antiperspirant Invisible Dry Roll On Deodorant For Men 50mL",
    "COL Price": 3.9,
    "COL ppu": "$7.80 per 100mL",
    "COL Size": "50mL"
  },
  {
    "Brand_Product_Size": "Imperial Nuts Sweet & Savoury Bar Mix 114g",
    "COL Price": 3.9,
    "COL ppu": "$3.42 per 100G",
    "COL Size": "114g"
  },
  {
    "Brand_Product_Size": "Energizer Wired In-Ear Earphones Metal Finish Assorted 1 each",
    "COL Price": 17,
    "COL ppu": "$17.00 per 1Ea",
    "COL Size": "1 each"
  },
  {
    "Brand_Product_Size": "Gaganis Dry Greek Figs 284g",
    "COL Price": 3.95,
    "COL ppu": "$1.39 per 100G",
    "COL Size": "284g"
  },
  {
    "Brand_Product_Size": "Schweppes Solo Lemon Flavoured Drink 600mL",
    "COL Price": 3,
    "COL ppu": "$5.00 per 1L",
    "COL Size": "600mL"
  },
  {
    "Brand_Product_Size": "Coles Bakery Low Gi 7 Seeds & Grains Vienna Bread Loaf each",
    "COL Price": 2.5,
    "COL ppu": "$2.50 per 1Ea",
    "COL Size": "each"
  },
  {
    "Brand_Product_Size": "Neutrogena Sensitive Skin Moisturiser 118mL",
    "COL Price": 14.3,
    "COL ppu": "$12.12 per 100mL",
    "COL Size": "118mL"
  },
  {
    "Brand_Product_Size": "Contigo Auto Spout Water Bottle each",
    "COL Price": 20,
    "COL ppu": "$20.00 per 1Ea",
    "COL Size": "each"
  },
  {
    "Brand_Product_Size": "Doritos Cheese Supreme Corn Chips 380g",
    "COL Price": 7,
    "COL ppu": "$1.84 per 100G",
    "COL Size": "380g"
  },
  {
    "Brand_Product_Size": "Coles New South Wales Snow Gum Honey Strong 400g",
    "COL Price": 7.5,
    "COL ppu": "$1.88 per 100G",
    "COL Size": "400g"
  },
  {
    "Brand_Product_Size": "Lighthouse Crusty White Vienna Breadmix 550g",
    "COL Price": 2.85,
    "COL ppu": "$5.18 per 1Kg",
    "COL Size": "550g"
  },
  {
    "Brand_Product_Size": "Aspro 320mg Regular Tablets 20 pack",
    "COL Price": 4.55,
    "COL ppu": "$0.23 per 1Ea",
    "COL Size": "20 pack"
  },
  {
    "Brand_Product_Size": "Twinings Infuse Pink Grapefruit & Orange Cold Water Infusion 12 Pack 30g",
    "COL Price": 6,
    "COL ppu": "$20.00 per 100G",
    "COL Size": "30g"
  },
  {
    "Brand_Product_Size": "Cadbury Scorched Peanuts 120g",
    "COL Price": 4,
    "COL ppu": "$3.33 per 100G",
    "COL Size": "120g"
  },
  {
    "Brand_Product_Size": "Dymo Letra Tag Labeller Blue each",
    "COL Price": 50,
    "COL ppu": "$50.00 per 1Ea",
    "COL Size": "each"
  },
  {
    "Brand_Product_Size": "Streets Blue Ribbon Cookies & Cream Ice cream tub 2L",
    "COL Price": 4.9,
    "COL ppu": "$2.45 per 1L",
    "COL Size": "2L"
  },
  {
    "Brand_Product_Size": "Coles Nature's Kitchen Spinach Fettucini 300g",
    "COL Price": 3,
    "COL ppu": "$1.00 per 100G",
    "COL Size": "300g"
  },
  {
    "Brand_Product_Size": "Odlums White Scone Mix 450g",
    "COL Price": 4.5,
    "COL ppu": "$1.00 per 100G",
    "COL Size": "450g"
  },
  {
    "Brand_Product_Size": "Codral Lozenges 8Mg Cool Mint 20 pack",
    "COL Price": 8,
    "COL ppu": "$0.40 per 1Ea",
    "COL Size": "20 pack"
  },
  {
    "Brand_Product_Size": "Nestle Plaistowe Milk Chocolate Block 200g",
    "COL Price": 4,
    "COL ppu": "$2.00 per 100G",
    "COL Size": "200g"
  },
  {
    "Brand_Product_Size": "Lynx Hair Styling Wax Clean Cut Look 75mL",
    "COL Price": 10,
    "COL ppu": "$13.33 per 100mL",
    "COL Size": "75mL"
  },
  {
    "Brand_Product_Size": "Coles Beetroot Hommus Dips 200g",
    "COL Price": 1.9,
    "COL ppu": "$0.95 per 100G",
    "COL Size": "200g"
  },
  {
    "Brand_Product_Size": "Coles Satay Simmer Sauce 500g",
    "COL Price": 2,
    "COL ppu": "$0.40 per 100G",
    "COL Size": "500g"
  },
  {
    "Brand_Product_Size": "Cook & Dine Food Containers Round 500mL 5 pack",
    "COL Price": 2,
    "COL ppu": "$0.40 per 1Ea",
    "COL Size": "5 pack"
  },
  {
    "Brand_Product_Size": "COYO Organic Probiotic Coconut Indulgent Yoghurt Salted Caramel 125g",
    "COL Price": 3,
    "COL ppu": "$2.40 per 100G",
    "COL Size": "125g"
  },
  {
    "Brand_Product_Size": "Coles Frozen Beer Battered White Fish Fillet 6 pack 425g",
    "COL Price": 4.6,
    "COL ppu": "$10.82 per 1Kg",
    "COL Size": "425g"
  },
  {
    "Brand_Product_Size": "Coles Finest Angus Beef Garlic Parsley Sausages 500g",
    "COL Price": 7.5,
    "COL ppu": "$1.50 per 100G",
    "COL Size": "500g"
  },
  {
    "Brand_Product_Size": "Kleenex Fragrance Free Flushable 42 Wipes 1 pack",
    "COL Price": 3.95,
    "COL ppu": "$3.95 per 1Ea",
    "COL Size": "1 pack"
  },
  {
    "Brand_Product_Size": "The Laughing Cow Original Cheese Spread 256g",
    "COL Price": 6.5,
    "COL ppu": "$25.39 per 1Kg",
    "COL Size": "256g"
  },
  {
    "Brand_Product_Size": "Stevia Sweet Tablets 220 pack",
    "COL Price": 6.35,
    "COL ppu": "$0.03 per 1Ea",
    "COL Size": "220 pack"
  },
  {
    "Brand_Product_Size": "Ner Mitzvah Tealight Candles 50 pack",
    "COL Price": 7,
    "COL ppu": "$0.14 per 1Ea",
    "COL Size": "50 pack"
  },
  {
    "Brand_Product_Size": "Cook & Dine Mortar & Pestle each",
    "COL Price": 16,
    "COL ppu": "$16.00 per 1Ea",
    "COL Size": "each"
  },
  {
    "Brand_Product_Size": "Edgell Creamed Corn 4 pack",
    "COL Price": 3,
    "COL ppu": "$6.00 per 1Kg",
    "COL Size": "4 pack"
  },
  {
    "Brand_Product_Size": "Gotzinger Cheese Kransky 400g",
    "COL Price": 9,
    "COL ppu": "$9.00 per 1Ea",
    "COL Size": "400g"
  },
  {
    "Brand_Product_Size": "Able Foods Baked Beans BBQ 200g",
    "COL Price": 2.5,
    "COL ppu": "$1.25 per 100G",
    "COL Size": "200g"
  },
  {
    "Brand_Product_Size": "Jarrah Brazilian Latte Coffee 250g",
    "COL Price": 3.5,
    "COL ppu": "$1.40 per 100G",
    "COL Size": "250g"
  },
  {
    "Brand_Product_Size": "Multix Drawtight Garbage Bags 120cm x 80cm 3 pack",
    "COL Price": 2.7,
    "COL ppu": "$0.90 per 1Ea",
    "COL Size": "3 pack"
  },
  {
    "Brand_Product_Size": "Finish Original Dishwasher Cleaner 250mL",
    "COL Price": 8,
    "COL ppu": "$3.20 per 100mL",
    "COL Size": "250mL"
  },
  {
    "Brand_Product_Size": "Nature's Way Slim Right Vanilla Weight Loss Powder 375g",
    "COL Price": 14.5,
    "COL ppu": "$14.50 per 1Ea",
    "COL Size": "375g"
  },
  {
    "Brand_Product_Size": "Glen 20 Berry Breeze Disinfectant Spray 300g",
    "COL Price": 8,
    "COL ppu": "$2.67 per 100G",
    "COL Size": "300g"
  },
  {
    "Brand_Product_Size": "Ayam Oyster Sauce 420mL",
    "COL Price": 4.5,
    "COL ppu": "$1.07 per 100mL",
    "COL Size": "420mL"
  },
  {
    "Brand_Product_Size": "Air Wick Essential Mist Refill Mandarin & Orange 20mL",
    "COL Price": 8,
    "COL ppu": "$4.00 per 10mL",
    "COL Size": "20mL"
  },
  {
    "Brand_Product_Size": "Taamti Vegetarian Kibbeh 400g",
    "COL Price": 10,
    "COL ppu": "$2.50 per 100G",
    "COL Size": "400g"
  },
  {
    "Brand_Product_Size": "Dk Turkish Delight Rose & Vanilla 250g",
    "COL Price": 3.5,
    "COL ppu": "$1.40 per 100G",
    "COL Size": "250g"
  },
  {
    "Brand_Product_Size": "Duck Aquamarine Protection Plus Toilet Rim Block Refill 2 pack 72mL",
    "COL Price": 10.3,
    "COL ppu": "$14.31 per 100mL",
    "COL Size": "72mL"
  },
  {
    "Brand_Product_Size": "Edgell Snack Time Chick Peas With Olive Oil & Seaslt 70g",
    "COL Price": 0.9,
    "COL ppu": "$12.86 per 1Kg",
    "COL Size": "70g"
  },
  {
    "Brand_Product_Size": "Kan Tong Pineapple Sweet & Sour Stir Fry Cooking Sauce 515g",
    "COL Price": 3.3,
    "COL ppu": "$0.64 per 100G",
    "COL Size": "515g"
  },
  {
    "Brand_Product_Size": "Coles Bake & Create Bumble Bee Decorations 32 pack",
    "COL Price": 3,
    "COL ppu": "$0.09 per 1Ea",
    "COL Size": "32 pack"
  },
  {
    "Brand_Product_Size": "Blackmores Nails Hair & Skin Tablets 60 pack",
    "COL Price": 8,
    "COL ppu": "$13.33 per 100Ea",
    "COL Size": "60 pack"
  },
  {
    "Brand_Product_Size": "Coles Aluminium Foil Wrap 10m X 30cm 1 pack",
    "COL Price": 1,
    "COL ppu": "$1.00 per 1Ea",
    "COL Size": "1 pack"
  },
  {
    "Brand_Product_Size": "Nature's Way Soothes & Relaxes Magnesium Flakes 750g",
    "COL Price": 15,
    "COL ppu": "$2.00 per 100G",
    "COL Size": "750g"
  },
  {
    "Brand_Product_Size": "Freedom Foods Heritage Mill Cocoa Coconut Clusters 1kg",
    "COL Price": 7,
    "COL ppu": "$0.70 per 100G",
    "COL Size": "1kg"
  },
  {
    "Brand_Product_Size": "Rosemary Wafer Crackers 100g",
    "COL Price": 3,
    "COL ppu": "$3.00 per 100G",
    "COL Size": "100g"
  },
  {
    "Brand_Product_Size": "Sukin Lime & Coconut Hand & Nail Cream 125mL",
    "COL Price": 11,
    "COL ppu": "$8.80 per 100mL",
    "COL Size": "125mL"
  },
  {
    "Brand_Product_Size": "Belvoir Elderflower & Rose Cordial 500mL",
    "COL Price": 6,
    "COL ppu": "$1.20 per 100mL",
    "COL Size": "500mL"
  },
  {
    "Brand_Product_Size": "Nivea Sun 4 Hour Water Resistant Sunscreen Moisturiser Spray Lotion + Vitamin E & SPF50+ 300mL",
    "COL Price": 21,
    "COL ppu": "$7.00 per 100mL",
    "COL Size": "300mL"
  },
  {
    "Brand_Product_Size": "Seeds Of Change Mediterranean Brown Rice With Sun-Dried Tomato & Basil Pouch 240g",
    "COL Price": 3.5,
    "COL ppu": "$1.46 per 100G",
    "COL Size": "240g"
  },
  {
    "Brand_Product_Size": "Lynx Men Body Wash Africa 400mL",
    "COL Price": 6,
    "COL ppu": "$1.50 per 100mL",
    "COL Size": "400mL"
  },
  {
    "Brand_Product_Size": "Bambino Mio Reusable Swim Nappy 2+ Years each",
    "COL Price": 22.5,
    "COL ppu": "$22.50 per 1Ea",
    "COL Size": "each"
  },
  {
    "Brand_Product_Size": "Schwarzkopf Taft Strong Hold Hair Spray 200g",
    "COL Price": 4.45,
    "COL ppu": "$2.23 per 100G",
    "COL Size": "200g"
  },
  {
    "Brand_Product_Size": "Nature's Own Glucosamine 1500mg Tablets 120 pack",
    "COL Price": 30,
    "COL ppu": "",
    "COL Size": "120 pack"
  },
  {
    "Brand_Product_Size": "Nivea Daily Essentials Wash Scrub Anti Blemish 150mL",
    "COL Price": 11,
    "COL ppu": "$7.33 per 100mL",
    "COL Size": "150mL"
  },
  {
    "Brand_Product_Size": "Coles Dark Compound Choc Chips 250g",
    "COL Price": 1.5,
    "COL ppu": "$0.60 per 100G",
    "COL Size": "250g"
  },
  {
    "Brand_Product_Size": "Bellamy's Organic Stage 4 Junior Milk Drink 3 + Years 900g",
    "COL Price": 30,
    "COL ppu": "$3.33 per 100G",
    "COL Size": "900g"
  },
  {
    "Brand_Product_Size": "Musselman's Blueberry Pie Filling 595g",
    "COL Price": 5.5,
    "COL ppu": "$0.92 per 100G",
    "COL Size": "595g"
  },
  {
    "Brand_Product_Size": "Cadbury Cherry Ripe Bites 300g",
    "COL Price": 12,
    "COL ppu": "$4.00 per 100G",
    "COL Size": "300g"
  },
  {
    "Brand_Product_Size": "M&M's Minis Chocolate Bag Medium 145g",
    "COL Price": 3,
    "COL ppu": "$2.07 per 100G",
    "COL Size": "145g"
  },
  {
    "Brand_Product_Size": "Coles Ultimate Salt Caramel Chip Cookie 400g",
    "COL Price": 3.5,
    "COL ppu": "$0.88 per 100G",
    "COL Size": "400g"
  },
  {
    "Brand_Product_Size": "Castello Fetta Cubes In Brine 430g",
    "COL Price": 5,
    "COL ppu": "$11.63 per 1Kg",
    "COL Size": "430g"
  },
  {
    "Brand_Product_Size": "Purr Cat Treat Chicken Joint 50g",
    "COL Price": 4,
    "COL ppu": "$8.00 per 100G",
    "COL Size": "50g"
  },
  {
    "Brand_Product_Size": "Jalna Farm To Pot Organic Yoghurt Sweetened 1kg",
    "COL Price": 7.95,
    "COL ppu": "$0.80 per 100G",
    "COL Size": "1kg"
  },
  {
    "Brand_Product_Size": "Home Chef Roast Lamb Shoulder With Green Dressing 475g",
    "COL Price": 19.5,
    "COL ppu": "$4.11 per 100G",
    "COL Size": "475g"
  },
  {
    "Brand_Product_Size": "Vittoria Black Valley Coffee Capsules 10 pack",
    "COL Price": 7,
    "COL ppu": "$0.70 per 1Ea",
    "COL Size": "10 pack"
  },
  {
    "Brand_Product_Size": "Arnott's Shapes Mini Bites Crackers BBQ Wings 150g",
    "COL Price": 3.2,
    "COL ppu": "$2.13 per 100G",
    "COL Size": "150g"
  },
  {
    "Brand_Product_Size": "Meb Afghan Garlic Flatbread 170g",
    "COL Price": 4,
    "COL ppu": "$2.35 per 100G",
    "COL Size": "170g"
  },
  {
    "Brand_Product_Size": "Scunci Jaw Clip Extra Large 1 pack",
    "COL Price": 7,
    "COL ppu": "$7.00 per 1Ea",
    "COL Size": "1 pack"
  },
  {
    "Brand_Product_Size": "Johnson & Johnson Cornstarch Baby Powder with Aloe 255g",
    "COL Price": 4.1,
    "COL ppu": "$1.61 per 100G",
    "COL Size": "255g"
  },
  {
    "Brand_Product_Size": "Coles Kitchen Broccoli & Cauliflower Florets 150g",
    "COL Price": 2,
    "COL ppu": "$13.33 per 1Kg",
    "COL Size": "150g"
  },
  {
    "Brand_Product_Size": "Coles Baby Spinach Prepacked 60g",
    "COL Price": 2,
    "COL ppu": "$0.33 per 10G",
    "COL Size": "60g"
  },
  {
    "Brand_Product_Size": "Vittoria Biscotti Amaretti Biscuits 200g",
    "COL Price": 3.2,
    "COL ppu": "$1.60 per 100G",
    "COL Size": "200g"
  },
  {
    "Brand_Product_Size": "Coles Deli Delre Mini Chol approx. 100g",
    "COL Price": 3.6,
    "COL ppu": "$36.00 per 1Kg",
    "COL Size": "approx. 100g"
  },
  {
    "Brand_Product_Size": "SPC Peach Slices in Juice Canned 825g",
    "COL Price": 3.5,
    "COL ppu": "$4.24 per 1Kg",
    "COL Size": "825g"
  },
  {
    "Brand_Product_Size": "Kellogg's Special K Nourish Cashew, Macadamia and Coconut Breakfast Cereal 390g",
    "COL Price": 6.1,
    "COL ppu": "$1.56 per 100G",
    "COL Size": "390g"
  },
  {
    "Brand_Product_Size": "Head & Shoulders Ultra Men 2 in 1 Deep Clean Shampoo + Conditioner 550mL",
    "COL Price": 9.5,
    "COL ppu": "$1.73 per 100mL",
    "COL Size": "550mL"
  },
  {
    "Brand_Product_Size": "Nice & Natural Peanut Butter With Real Milk Chocolate 5 Bars 175g",
    "COL Price": 5,
    "COL ppu": "$2.86 per 100G",
    "COL Size": "175g"
  },
  {
    "Brand_Product_Size": "Red Seal Raspberry & Strawberry Hot Or Cold Brew Tea Bags 20 pack 50g",
    "COL Price": 3,
    "COL ppu": "$0.15 per 1Ea",
    "COL Size": "50g"
  },
  {
    "Brand_Product_Size": "Coles Lemonade Ice Blocks 8 pack 600 mL",
    "COL Price": 3.6,
    "COL ppu": "$0.60 per 100mL",
    "COL Size": "600 mL"
  },
  {
    "Brand_Product_Size": "Imodium Advanced Anti-diarrhoeal Tablets 6 pack",
    "COL Price": 11,
    "COL ppu": "$1.83 per 1Ea",
    "COL Size": "6 pack"
  },
  {
    "Brand_Product_Size": "Well Naturally Dark Chocolate Coconut Rough 45g",
    "COL Price": 2.85,
    "COL ppu": "$6.33 per 100G",
    "COL Size": "45g"
  },
  {
    "Brand_Product_Size": "Coles Nature's Kitchen Vegetable Tikka Masala + Pilau Rice 350g",
    "COL Price": 7,
    "COL ppu": "$2.00 per 100G",
    "COL Size": "350g"
  },
  {
    "Brand_Product_Size": "Freedom Foods XO Crunch 285g",
    "COL Price": 4,
    "COL ppu": "$1.40 per 100G",
    "COL Size": "285g"
  },
  {
    "Brand_Product_Size": "Flora Plant Vegan Dairy Free Margarine Spread Buttery 300g",
    "COL Price": 3.2,
    "COL ppu": "$1.07 per 100G",
    "COL Size": "300g"
  },
  {
    "Brand_Product_Size": "Keep It Cleaner Bliss Balls Peanut Butter 40g",
    "COL Price": 2.5,
    "COL ppu": "$6.25 per 100G",
    "COL Size": "40g"
  },
  {
    "Brand_Product_Size": "Telstra Samsung A21s Unlocked 32GB each",
    "COL Price": 249,
    "COL ppu": "$249.00 per 1Ea",
    "COL Size": "each"
  },
  {
    "Brand_Product_Size": "Big M Original Chocolate Flavoured Milk 2L",
    "COL Price": 4.3,
    "COL ppu": "$2.15 per 1L",
    "COL Size": "2L"
  },
  {
    "Brand_Product_Size": "Catsan Ultra Clumping Cat Litter 7kg",
    "COL Price": 13.7,
    "COL ppu": "$1.96 per 1Kg",
    "COL Size": "7kg"
  },
  {
    "Brand_Product_Size": "Youfoodz Mexi Burrito Power Bowl 306g",
    "COL Price": 9.95,
    "COL ppu": "$3.25 per 100G",
    "COL Size": "306g"
  },
  {
    "Brand_Product_Size": "Coles Vanilla Mini Cupcakes 9 pack 216g",
    "COL Price": 4,
    "COL ppu": "$1.85 per 100G",
    "COL Size": "216g"
  },
  {
    "Brand_Product_Size": "Glad To Be Green Snack Snaplock Plant Based Bags 50 pack",
    "COL Price": 3.5,
    "COL ppu": "$0.07 per 1Ea",
    "COL Size": "50 pack"
  },
  {
    "Brand_Product_Size": "Coles Kitchen Chicken Tikka Masala With Rice 350g",
    "COL Price": 6.5,
    "COL ppu": "$1.86 per 100G",
    "COL Size": "350g"
  },
  {
    "Brand_Product_Size": "Back To Basics Veggie Crackers Swt Pot Organge 45g",
    "COL Price": 2.8,
    "COL ppu": "$6.22 per 100G",
    "COL Size": "45g"
  },
  {
    "Brand_Product_Size": "Tom Organic Maternity Pads 12 pack",
    "COL Price": 8,
    "COL ppu": "$0.67 per 1Ea",
    "COL Size": "12 pack"
  },
  {
    "Brand_Product_Size": "Lowan Swiss Muesli 650g",
    "COL Price": 4.5,
    "COL ppu": "$0.69 per 100G",
    "COL Size": "650g"
  },
  {
    "Brand_Product_Size": "Coles Tuna Chunks in Olive Oil Blend 425g",
    "COL Price": 3.35,
    "COL ppu": "$7.88 per 1Kg",
    "COL Size": "425g"
  },
  {
    "Brand_Product_Size": "Birds Eye Frozen Southern Blue Whiting Fish Fillets 6 Pack 425g",
    "COL Price": 8,
    "COL ppu": "$18.82 per 1Kg",
    "COL Size": "425g"
  },
  {
    "Brand_Product_Size": "Telstra MF910Y Wi-Fi 4GX each",
    "COL Price": 49,
    "COL ppu": "$49.00 per 1Ea",
    "COL Size": "each"
  },
  {
    "Brand_Product_Size": "Five Brothers Provvista Sugo Classica Pasta Sauce 700g",
    "COL Price": 3.5,
    "COL ppu": "$0.50 per 100G",
    "COL Size": "700g"
  },
  {
    "Brand_Product_Size": "Coles White Seedless Grapes Loose approx. 800g",
    "COL Price": 3.92,
    "COL ppu": "$4.90 per 1Kg",
    "COL Size": "approx. 800g"
  },
  {
    "Brand_Product_Size": "L'Oreal Revitalift Laser Anti-Aging Power Moisturiser 50mL",
    "COL Price": 31.5,
    "COL ppu": "$63.00 per 100mL",
    "COL Size": "50mL"
  },
  {
    "Brand_Product_Size": "Carefree Regular Tampons 20 pack",
    "COL Price": 4.25,
    "COL ppu": "$0.21 per 1Ea",
    "COL Size": "20 pack"
  },
  {
    "Brand_Product_Size": "Coles Peanut Butter Crunchy 375g",
    "COL Price": 1.8,
    "COL ppu": "$0.48 per 100G",
    "COL Size": "375g"
  },
  {
    "Brand_Product_Size": "Koi Jasmine & Sandalwood Hand Wash 500mL",
    "COL Price": 7,
    "COL ppu": "$1.40 per 100mL",
    "COL Size": "500mL"
  },
  {
    "Brand_Product_Size": "Coles Cup Tea Bags 100 Pack 185g",
    "COL Price": 1.9,
    "COL ppu": "$1.03 per 100G",
    "COL Size": "185g"
  },
  {
    "Brand_Product_Size": "Coles Mushroom Dry Shiitake 20g",
    "COL Price": 3.5,
    "COL ppu": "$17.50 per 1Ea",
    "COL Size": "20g"
  },
  {
    "Brand_Product_Size": "Food For Health Blueberry Vanilla Pro Brekkie Balls 200g",
    "COL Price": 12,
    "COL ppu": "$6.00 per 100G",
    "COL Size": "200g"
  },
  {
    "Brand_Product_Size": "Coles Ultra Antibacterial Multi Purpose Wipes Lemon Fresh 40 pack",
    "COL Price": 2.5,
    "COL ppu": "$0.06 per 1Ea",
    "COL Size": "40 pack"
  },
  {
    "Brand_Product_Size": "Monster Pipeline Punch Energy Juice Can 500mL",
    "COL Price": 3.6,
    "COL ppu": "$7.20 per 1L",
    "COL Size": "500mL"
  },
  {
    "Brand_Product_Size": "Coles A5 Spiral Notebook 200 Page each",
    "COL Price": 4,
    "COL ppu": "$4.00 per 1Ea",
    "COL Size": "each"
  },
  {
    "Brand_Product_Size": "Nitwits Headlice All In One Treatment Spray 120mL",
    "COL Price": 23,
    "COL ppu": "$19.17 per 100mL",
    "COL Size": "120mL"
  },
  {
    "Brand_Product_Size": "Kellogg's All-Bran Original High Fibre Breakfast Cereal 350g",
    "COL Price": 3.3,
    "COL ppu": "$0.94 per 100G",
    "COL Size": "350g"
  },
  {
    "Brand_Product_Size": "Batiste Dry Shampoo & Colour Protect 200mL",
    "COL Price": 13,
    "COL ppu": "$6.50 per 100mL",
    "COL Size": "200mL"
  },
  {
    "Brand_Product_Size": "Vaalia Kids Pouch Yoghurt Blueberry 140g",
    "COL Price": 1.7,
    "COL ppu": "$1.21 per 100G",
    "COL Size": "140g"
  },
  {
    "Brand_Product_Size": "Supercoat Real Beef Dry Adult Dog Food 7.5kg",
    "COL Price": 29,
    "COL ppu": "$3.87 per 1Kg",
    "COL Size": "7.5kg"
  },
  {
    "Brand_Product_Size": "Peters Light & Creamy Raspberry Ripple Fat Free Ice Cream Tub 1.8L",
    "COL Price": 5,
    "COL ppu": "$2.78 per 1L",
    "COL Size": "1.8L"
  },
  {
    "Brand_Product_Size": "International Roast Instant Coffee 500g",
    "COL Price": 11,
    "COL ppu": "$2.20 per 100G",
    "COL Size": "500g"
  },
  {
    "Brand_Product_Size": "Aussie Bodies Nourish Protein Coconut Almond 36g",
    "COL Price": 3,
    "COL ppu": "$8.33 per 100G",
    "COL Size": "36g"
  },
  {
    "Brand_Product_Size": "Arnott's Shapes Mini Bites Sour Cream Onion Crackers 150g",
    "COL Price": 3.2,
    "COL ppu": "$2.13 per 100G",
    "COL Size": "150g"
  },
  {
    "Brand_Product_Size": "Colgate Jumbo Cool Mint Toothpaste 175g",
    "COL Price": 3,
    "COL ppu": "$1.71 per 100G",
    "COL Size": "175g"
  },
  {
    "Brand_Product_Size": "Latina Fresh Roast Chicken & Garlic Ravioli 625g",
    "COL Price": 8,
    "COL ppu": "$1.28 per 100G",
    "COL Size": "625g"
  },
  {
    "Brand_Product_Size": "Patak's Tandoori Simmer Sauce 450g",
    "COL Price": 3.5,
    "COL ppu": "$0.78 per 100G",
    "COL Size": "450g"
  },
  {
    "Brand_Product_Size": "Lipton Peach Ice Tea 350mL",
    "COL Price": 2.65,
    "COL ppu": "$7.57 per 1L",
    "COL Size": "350mL"
  },
  {
    "Brand_Product_Size": "Freedom Foods Messy Monkeys Vanilla Rice Puff Bars 6 pack 96g",
    "COL Price": 5.5,
    "COL ppu": "$5.73 per 100G",
    "COL Size": "96g"
  },
  {
    "Brand_Product_Size": "Byron Bay Single Serve Rocky Road Cookie 60g",
    "COL Price": 1.5,
    "COL ppu": "$2.50 per 100G",
    "COL Size": "60g"
  },
  {
    "Brand_Product_Size": "Fussy Cat Cat Food Pouch Mince Morsels 12x80g 12 pack",
    "COL Price": 12.5,
    "COL ppu": "$1.30 per 100G",
    "COL Size": "12 pack"
  },
  {
    "Brand_Product_Size": "Oral-B Gum Care & Sensitivity Repair Toothpaste 110g",
    "COL Price": 10,
    "COL ppu": "$9.09 per 100G",
    "COL Size": "110g"
  },
  {
    "Brand_Product_Size": "Coles Mixed Seedless Grapes 1.5kg",
    "COL Price": 7.9,
    "COL ppu": "$5.27 per 1Kg",
    "COL Size": "1.5kg"
  },
  {
    "Brand_Product_Size": "Meadow Lea Original Margarine Spread 500g",
    "COL Price": 3.3,
    "COL ppu": "$0.66 per 100G",
    "COL Size": "500g"
  },
  {
    "Brand_Product_Size": "Cook & Dine Wine Glass each",
    "COL Price": 3,
    "COL ppu": "$3.00 per 1Ea",
    "COL Size": "each"
  },
  {
    "Brand_Product_Size": "Optimum Dry Cat Food Furball With Chicken 800g",
    "COL Price": 8,
    "COL ppu": "$1.00 per 100G",
    "COL Size": "800g"
  },
  {
    "Brand_Product_Size": "Coles Corn Kernels 420g",
    "COL Price": 1,
    "COL ppu": "$2.38 per 1Kg",
    "COL Size": "420g"
  },
  {
    "Brand_Product_Size": "Dermal Therapy Ultra Moisturising Lip Balm 10g",
    "COL Price": 3.3,
    "COL ppu": "$33.00 per 100G",
    "COL Size": "10g"
  },
  {
    "Brand_Product_Size": "CSR Soft Sugar Icing Mixture 1kg",
    "COL Price": 3.5,
    "COL ppu": "$0.35 per 100G",
    "COL Size": "1kg"
  },
  {
    "Brand_Product_Size": "Pelmeni Foods Potato & Mushroom Kreplach Dumplings 600g",
    "COL Price": 13.5,
    "COL ppu": "$2.25 per 100G",
    "COL Size": "600g"
  },
  {
    "Brand_Product_Size": "Herbert Adams Frozen Slow Cooked Beef With Shiraz & Cracked Pepper Pies 2pack 400g",
    "COL Price": 7.8,
    "COL ppu": "$1.95 per 100G",
    "COL Size": "400g"
  },
  {
    "Brand_Product_Size": "Vaseline Expert Care Expert Care Dry Skin Rescue Advanced 550mL",
    "COL Price": 15,
    "COL ppu": "$2.73 per 100mL",
    "COL Size": "550mL"
  },
  {
    "Brand_Product_Size": "Our Dog Tea Tree Oil Shampoo 1L",
    "COL Price": 5,
    "COL ppu": "$5.00 per 1L",
    "COL Size": "1L"
  },
  {
    "Brand_Product_Size": "Coles Frozen Crinkle Cut Potato Chips 1kg",
    "COL Price": 1.9,
    "COL ppu": "$1.90 per 1Kg",
    "COL Size": "1kg"
  },
  {
    "Brand_Product_Size": "Mix Silky Control Pantyhose Black X-Tall 1 pack",
    "COL Price": 4,
    "COL ppu": "$4.00 per 1Ea",
    "COL Size": "1 pack"
  },
  {
    "Brand_Product_Size": "Coles Gold Sweet Potatoes approx. 350g each",
    "COL Price": 0.875,
    "COL ppu": "$2.50 per 1Kg",
    "COL Size": "approx. 350g each"
  },
  {
    "Brand_Product_Size": "Air Wick Pure Freshmatic Cherry Blossom Refill Pack 157g",
    "COL Price": 8,
    "COL ppu": "$5.10 per 100G",
    "COL Size": "157g"
  },
  {
    "Brand_Product_Size": "Coles Pink And White Marshmallows 150g",
    "COL Price": 1.95,
    "COL ppu": "$1.30 per 100G",
    "COL Size": "150g"
  },
  {
    "Brand_Product_Size": "Royal Fields Poppy Seeds 500g",
    "COL Price": 8.5,
    "COL ppu": "$1.70 per 100G",
    "COL Size": "500g"
  },
  {
    "Brand_Product_Size": "Continental Chicken Curry Pasta & Sauce Serves 3 90g",
    "COL Price": 2.2,
    "COL ppu": "$2.44 per 100G",
    "COL Size": "90g"
  },
  {
    "Brand_Product_Size": "Coles Baby Spinach & Rocket Leaves Prepacked 120g",
    "COL Price": 3,
    "COL ppu": "$25.00 per 1Kg",
    "COL Size": "120g"
  },
  {
    "Brand_Product_Size": "Coles Rainbow Sprinkles 200g",
    "COL Price": 4.5,
    "COL ppu": "$2.25 per 100G",
    "COL Size": "200g"
  },
  {
    "Brand_Product_Size": "Advil Rapid Release Tablets 24 pack",
    "COL Price": 6,
    "COL ppu": "$0.25 per 1Ea",
    "COL Size": "24 pack"
  },
  {
    "Brand_Product_Size": "Dilmah Exceptional Rose With French Vanilla Tea 20 pack",
    "COL Price": 2,
    "COL ppu": "$0.10 per 1Ea",
    "COL Size": "20 pack"
  },
  {
    "Brand_Product_Size": "Dairy Farmers Lite White Reduced Fat Milk 3L",
    "COL Price": 6,
    "COL ppu": "$2.00 per 1L",
    "COL Size": "3L"
  },
  {
    "Brand_Product_Size": "Dr. Oetker Frozen Papa Giuseppi's Rising Stuffed Crust Pepperoni Pizza 470g",
    "COL Price": 6,
    "COL ppu": "$1.28 per 100G",
    "COL Size": "470g"
  },
  {
    "Brand_Product_Size": "Praise Squeeze Traditional Mayonnaise 365g",
    "COL Price": 1.7,
    "COL ppu": "$0.47 per 100G",
    "COL Size": "365g"
  },
  {
    "Brand_Product_Size": "Billie Shark Or Skeleton Lunch Box each",
    "COL Price": 15,
    "COL ppu": "$15.00 per 1Ea",
    "COL Size": "each"
  },
  {
    "Brand_Product_Size": "Expo Whiteboard Bullet Assorted 4 pack",
    "COL Price": 11.5,
    "COL ppu": "$2.88 per 1Ea",
    "COL Size": "4 pack"
  },
  {
    "Brand_Product_Size": "Heinz Spaghetti Tomato & Cheese 3 Pack 900g",
    "COL Price": 3,
    "COL ppu": "$0.33 per 100G",
    "COL Size": "900g"
  },
  {
    "Brand_Product_Size": "Dodoni Greek Feta Lactose Free 200g",
    "COL Price": 6,
    "COL ppu": "$3.00 per 100G",
    "COL Size": "200g"
  },
  {
    "Brand_Product_Size": "Latina Fresh Creamy Sundried Tomato Pasta Sauce 425g",
    "COL Price": 6,
    "COL ppu": "$1.41 per 100G",
    "COL Size": "425g"
  },
  {
    "Brand_Product_Size": "Hans Striker Salami Sticks Mild 15g",
    "COL Price": 1,
    "COL ppu": "$6.67 per 100G",
    "COL Size": "15g"
  },
  {
    "Brand_Product_Size": "Kewpie Mayonnaise 500g",
    "COL Price": 7,
    "COL ppu": "$1.40 per 100G",
    "COL Size": "500g"
  },
  {
    "Brand_Product_Size": "McCain Pizza Pockets Super Supreme 400g",
    "COL Price": 7.5,
    "COL ppu": "$1.88 per 100G",
    "COL Size": "400g"
  },
  {
    "Brand_Product_Size": "MasterFoods Ground Extra Hot Cayenne Pepper 30g",
    "COL Price": 3.5,
    "COL ppu": "$1.17 per 10G",
    "COL Size": "30g"
  },
  {
    "Brand_Product_Size": "Arnott's Shapes Barbeque Crackers Party Pack 400g",
    "COL Price": 4.5,
    "COL ppu": "$1.13 per 100G",
    "COL Size": "400g"
  },
  {
    "Brand_Product_Size": "Coles Pecans 150g",
    "COL Price": 4.1,
    "COL ppu": "$27.34 per 1Kg",
    "COL Size": "150g"
  },
  {
    "Brand_Product_Size": "Colgate Optic White Sonic Toothbrush Medium 1 pack",
    "COL Price": 8,
    "COL ppu": "$8.00 per 1Ea",
    "COL Size": "1 pack"
  },
  {
    "Brand_Product_Size": "Valley Produce Co. Vegetable Flatbread  Carrot Artisan Crackers 130g",
    "COL Price": 4.9,
    "COL ppu": "$3.77 per 100G",
    "COL Size": "130g"
  },
  {
    "Brand_Product_Size": "Difflam Strawberry Lozenges 16 pack",
    "COL Price": 5.2,
    "COL ppu": "$0.33 per 1Ea",
    "COL Size": "16 pack"
  },
  {
    "Brand_Product_Size": "Pandaroo Mung Bean 375g",
    "COL Price": 2.7,
    "COL ppu": "$0.72 per 100G",
    "COL Size": "375g"
  },
  {
    "Brand_Product_Size": "Clairol Nice 'N Easy 106 Natural Medium Ash Blonde Hair Colour 1 pack",
    "COL Price": 9,
    "COL ppu": "$9.00 per 1Ea",
    "COL Size": "1 pack"
  },
  {
    "Brand_Product_Size": "Schwarzkopf Taft Max Hold Styling Mousse 200g",
    "COL Price": 4.4,
    "COL ppu": "$2.20 per 100G",
    "COL Size": "200g"
  },
  {
    "Brand_Product_Size": "Loacker Tortina Chocolate Biscuit Caramel 126g",
    "COL Price": 4,
    "COL ppu": "$3.17 per 100G",
    "COL Size": "126g"
  },
  {
    "Brand_Product_Size": "Coles Organic Fairtrade Gold Freeze Dried Coffee 100g",
    "COL Price": 4,
    "COL ppu": "$4.00 per 100G",
    "COL Size": "100g"
  },
  {
    "Brand_Product_Size": "Chobani Flip Key Lime Crumble Yoghurt 140g",
    "COL Price": 2,
    "COL ppu": "$1.43 per 100G",
    "COL Size": "140g"
  },
  {
    "Brand_Product_Size": "Dove Nutritive Solutions Daily Moisture Conditioner 320mL",
    "COL Price": 6.9,
    "COL ppu": "$2.16 per 100mL",
    "COL Size": "320mL"
  },
  {
    "Brand_Product_Size": "Duracell A23 MN21 12V Batteries 4 pack",
    "COL Price": 10,
    "COL ppu": "$2.50 per 1Ea",
    "COL Size": "4 pack"
  },
  {
    "Brand_Product_Size": "Nescafe Farmers Origins India Espresso Capsules 10 pack",
    "COL Price": 6.2,
    "COL ppu": "$0.62 per 1Ea",
    "COL Size": "10 pack"
  },
  {
    "Brand_Product_Size": "Great Ocean Road Light Tasty Natural Cheese Block 500g",
    "COL Price": 7,
    "COL ppu": "$1.40 per 100G",
    "COL Size": "500g"
  },
  {
    "Brand_Product_Size": "Coles Deli Salads Tub Snack Classic Coleslaw each",
    "COL Price": 2,
    "COL ppu": "$2.00 per 1Ea",
    "COL Size": "each"
  },
  {
    "Brand_Product_Size": "Decor Delish Round Container 2.2L each",
    "COL Price": 12,
    "COL ppu": "$12.00 per 1Ea",
    "COL Size": "each"
  },
  {
    "Brand_Product_Size": "Kewpie Japanese Dressing Sesame Soy Sauce 210mL",
    "COL Price": 4.6,
    "COL ppu": "$2.19 per 100mL",
    "COL Size": "210mL"
  },
  {
    "Brand_Product_Size": "Royal Fields Popping Corn 500g",
    "COL Price": 3.7,
    "COL ppu": "$0.74 per 100G",
    "COL Size": "500g"
  },
  {
    "Brand_Product_Size": "Streets Magnum Peppermint Ice Cream Sticks 4 pack 428mL",
    "COL Price": 4.5,
    "COL ppu": "$1.05 per 100mL",
    "COL Size": "428mL"
  },
  {
    "Brand_Product_Size": "Hawaiian Tropic Sunless Tanning Milk Every day Gradual 375mL",
    "COL Price": 17,
    "COL ppu": "$4.53 per 100mL",
    "COL Size": "375mL"
  },
  {
    "Brand_Product_Size": "Twinings English Breakfast Tea Bags 10 pack 20g",
    "COL Price": 2.9,
    "COL ppu": "$0.29 per 1Ea",
    "COL Size": "20g"
  },
  {
    "Brand_Product_Size": "Cook & Dine Glass Storage Jar 650mL each",
    "COL Price": 6,
    "COL ppu": "$6.00 per 1Ea",
    "COL Size": "each"
  },
  {
    "Brand_Product_Size": "Coles Soy And Sesame Stir Fry Kit 500g",
    "COL Price": 5,
    "COL ppu": "$10.00 per 1Kg",
    "COL Size": "500g"
  },
  {
    "Brand_Product_Size": "Angas Park Dried Fancy Large Apricots 200g",
    "COL Price": 8,
    "COL ppu": "$40.00 per 1Kg",
    "COL Size": "200g"
  },
  {
    "Brand_Product_Size": "Heritage Mill Honey Hazelnut Prebiotic 6 Bars 210g",
    "COL Price": 5.7,
    "COL ppu": "$2.71 per 100G",
    "COL Size": "210g"
  },
  {
    "Brand_Product_Size": "Coles Urban Coffee Culture Dolce Gusto Americano Capsules 16 pack",
    "COL Price": 5.5,
    "COL ppu": "$0.34 per 1Ea",
    "COL Size": "16 pack"
  },
  {
    "Brand_Product_Size": "Coles Seaweed Rice Crackers 100g",
    "COL Price": 0.9,
    "COL ppu": "$0.90 per 100G",
    "COL Size": "100g"
  },
  {
    "Brand_Product_Size": "Coles Glow Sticks Tube 15 pack",
    "COL Price": 3,
    "COL ppu": "$0.20 per 1Ea",
    "COL Size": "15 pack"
  },
  {
    "Brand_Product_Size": "Sukin For Men Beard Oil 50mL",
    "COL Price": 14.95,
    "COL ppu": "$29.90 per 100mL",
    "COL Size": "50mL"
  },
  {
    "Brand_Product_Size": "Daily Juice Orange Juice Chilled 3L",
    "COL Price": 7.5,
    "COL ppu": "$2.50 per 1L",
    "COL Size": "3L"
  },
  {
    "Brand_Product_Size": "Bega Tasty Natural Cheese Slices 15 pack 250g",
    "COL Price": 4.5,
    "COL ppu": "$18.00 per 1Kg",
    "COL Size": "250g"
  },
  {
    "Brand_Product_Size": "MasterFoods Garlic Granules 50g",
    "COL Price": 2.9,
    "COL ppu": "$0.58 per 10G",
    "COL Size": "50g"
  },
  {
    "Brand_Product_Size": "Lindt Fruit Sensations Mango & Passionfruit Dark Chocolate 150g",
    "COL Price": 6,
    "COL ppu": "$4.00 per 100G",
    "COL Size": "150g"
  },
  {
    "Brand_Product_Size": "West Country Farmhouse Cheddar approx. 100g",
    "COL Price": 5,
    "COL ppu": "$50.00 per 1Kg",
    "COL Size": "approx. 100g"
  },
  {
    "Brand_Product_Size": "Coles Papaya Loose each",
    "COL Price": 4.9,
    "COL ppu": "$4.90 per 1Ea",
    "COL Size": "each"
  },
  {
    "Brand_Product_Size": "S&W Real Whole Egg Mayonnaise 440g",
    "COL Price": 6,
    "COL ppu": "$1.36 per 100G",
    "COL Size": "440g"
  },
  {
    "Brand_Product_Size": "Bonds Mens Trainer Logo Lite 11+ 4 pack",
    "COL Price": 14,
    "COL ppu": "$3.50 per 1Ea",
    "COL Size": "4 pack"
  },
  {
    "Brand_Product_Size": "Pantene Pro-V Classic Clean Conditioner 900mL",
    "COL Price": 17,
    "COL ppu": "$1.89 per 100mL",
    "COL Size": "900mL"
  },
  {
    "Brand_Product_Size": "MasterFoods Mild Chicken Seasoning 49g",
    "COL Price": 2.5,
    "COL ppu": "$0.51 per 10G",
    "COL Size": "49g"
  },
  {
    "Brand_Product_Size": "Pine O Cleen Simply Wipes Meadow Flowers 90 pack",
    "COL Price": 7,
    "COL ppu": "$0.08 per 1Ea",
    "COL Size": "90 pack"
  },
  {
    "Brand_Product_Size": "Huon Cold Smoked Ocean Trout 100g",
    "COL Price": 9,
    "COL ppu": "$90.00 per 1Kg",
    "COL Size": "100g"
  },
  {
    "Brand_Product_Size": "Babybel Mini Original Cheese 10 Pack 200g",
    "COL Price": 8.5,
    "COL ppu": "$4.25 per 100G",
    "COL Size": "200g"
  },
  {
    "Brand_Product_Size": "Australia's Own Skim Milk 2L",
    "COL Price": 2.4,
    "COL ppu": "$1.20 per 1L",
    "COL Size": "2L"
  },
  {
    "Brand_Product_Size": "Grandma Moses Rye 7 Grain Bread 850g",
    "COL Price": 7.5,
    "COL ppu": "$0.88 per 100G",
    "COL Size": "850g"
  },
  {
    "Brand_Product_Size": "Fancy Feast Savory Centers Cat Food Salmon Pate 85g",
    "COL Price": 2,
    "COL ppu": "$2.35 per 100G",
    "COL Size": "85g"
  },
  {
    "Brand_Product_Size": "Munchme Skinny Dipped Cocoa Dusted Almonds 80g",
    "COL Price": 4.4,
    "COL ppu": "$5.50 per 100G",
    "COL Size": "80g"
  },
  {
    "Brand_Product_Size": "Helga's Turkish Rolls 400g",
    "COL Price": 4,
    "COL ppu": "$1.00 per 100G",
    "COL Size": "400g"
  },
  {
    "Brand_Product_Size": "Nature's Way Vita Gummies Sugar Free Multi Trio 75 pack",
    "COL Price": 20,
    "COL ppu": "$0.27 per 1Ea",
    "COL Size": "75 pack"
  },
  {
    "Brand_Product_Size": "Nair Sensitive Hair Remover Cream 75g",
    "COL Price": 7,
    "COL ppu": "$9.33 per 100G",
    "COL Size": "75g"
  },
  {
    "Brand_Product_Size": "All Natural Bakery Yoghurt, Peach & Mango Oat Slice 100g",
    "COL Price": 2.15,
    "COL ppu": "$2.15 per 100G",
    "COL Size": "100g"
  },
  {
    "Brand_Product_Size": "Nice & Natural Apricot & Pumpkin Seeds Probiotic Oat Bars 175g",
    "COL Price": 6,
    "COL ppu": "$3.43 per 100G",
    "COL Size": "175g"
  },
  {
    "Brand_Product_Size": "Pureharvest Unsweetened Almond Milk 1L",
    "COL Price": 3.1,
    "COL ppu": "$3.10 per 1L",
    "COL Size": "1L"
  },
  {
    "Brand_Product_Size": "Coles Pork Belly Roast Boneless approx. 1.3kg each",
    "COL Price": 20.8,
    "COL ppu": "$16.00 per 1Kg",
    "COL Size": "approx. 1.3kg each"
  },
  {
    "Brand_Product_Size": "Outback Spirit Beef & Mountain Pepper Sausages 450g",
    "COL Price": 7.5,
    "COL ppu": "$1.67 per 100G",
    "COL Size": "450g"
  },
  {
    "Brand_Product_Size": "Greenies Original Dog Treat Large 170g",
    "COL Price": 15,
    "COL ppu": "$8.82 per 100G",
    "COL Size": "170g"
  },
  {
    "Brand_Product_Size": "Doritos Thai Sweet Chilli Corn Chips 150g",
    "COL Price": 1.75,
    "COL ppu": "$1.17 per 100G",
    "COL Size": "150g"
  },
  {
    "Brand_Product_Size": "Coles Thai Style Lime & Chilli Salad Dressing 250mL",
    "COL Price": 4,
    "COL ppu": "$1.60 per 100mL",
    "COL Size": "250mL"
  },
  {
    "Brand_Product_Size": "Cook & Dine White Plastic Forks 20 pack",
    "COL Price": 1,
    "COL ppu": "$0.05 per 1Ea",
    "COL Size": "20 pack"
  },
  {
    "Brand_Product_Size": "Freedom Farms RSPCA Approved Frozen Boneless Chicken Roast With Sundried Tomato & Pancetta 1kg",
    "COL Price": 12,
    "COL ppu": "$12.00 per 1Kg",
    "COL Size": "1kg"
  },
  {
    "Brand_Product_Size": "Be Natural Breakfast Cereal With Honey Flakes & Clusters 405g",
    "COL Price": 4.12,
    "COL ppu": "$1.02 per 100G",
    "COL Size": "405g"
  },
  {
    "Brand_Product_Size": "Coles Thawed Seafood Cooked Large Black Tiger Prawns 3kg",
    "COL Price": 90,
    "COL ppu": "$30.00 per 1kg",
    "COL Size": "3kg"
  },
  {
    "Brand_Product_Size": "Masterfoods Heat & Eat Channa Masala 285g",
    "COL Price": 3.5,
    "COL ppu": "$1.23 per 100G",
    "COL Size": "285g"
  },
  {
    "Brand_Product_Size": "Kirks Lemon Squash Multipack Cans 375 mL 10 pack",
    "COL Price": 6.2,
    "COL ppu": "$1.65 per 1L",
    "COL Size": "10 pack"
  },
  {
    "Brand_Product_Size": "Coles Lemon Sorbet 1L",
    "COL Price": 5,
    "COL ppu": "$0.50 per 100mL",
    "COL Size": "1L"
  },
  {
    "Brand_Product_Size": "Coles No Added Hormone Beef Brisket Slow Cook approx. 1.2kg each",
    "COL Price": 19.2,
    "COL ppu": "$16.00 per 1Kg",
    "COL Size": "approx. 1.2kg each"
  },
  {
    "Brand_Product_Size": "Dutch Bakehouse Almond Fingers Biscuits 6 pack 260g",
    "COL Price": 2.15,
    "COL ppu": "$0.83 per 100G",
    "COL Size": "260g"
  },
  {
    "Brand_Product_Size": "Milky Way Chocolate Bar 53g",
    "COL Price": 2,
    "COL ppu": "$3.77 per 100G",
    "COL Size": "53g"
  },
  {
    "Brand_Product_Size": "Coles Finest Dutch Palmiers With Smokey Spicy Paprika 100g",
    "COL Price": 4,
    "COL ppu": "$4.00 per 100G",
    "COL Size": "100g"
  },
  {
    "Brand_Product_Size": "John West Wild Alaskan Pink Salmon 415g",
    "COL Price": 7.5,
    "COL ppu": "$18.07 per 1Kg",
    "COL Size": "415g"
  },
  {
    "Brand_Product_Size": "Old El Paso Jumbo Tortillas 6 pack 450g",
    "COL Price": 5.3,
    "COL ppu": "$1.18 per 100G",
    "COL Size": "450g"
  },
  {
    "Brand_Product_Size": "Tuscanini Pasta Fusilli 454g",
    "COL Price": 3.3,
    "COL ppu": "$0.73 per 100G",
    "COL Size": "454g"
  },
  {
    "Brand_Product_Size": "Higher Living Organic Licorice Tea Bags 15 Pack 30g",
    "COL Price": 2.95,
    "COL ppu": "$0.20 per 1Ea",
    "COL Size": "30g"
  },
  {
    "Brand_Product_Size": "Coles Classic Pork Sausage 550g",
    "COL Price": 5.5,
    "COL ppu": "$10.00 per 1Kg",
    "COL Size": "550g"
  },
  {
    "Brand_Product_Size": "Chicken Tonight Creamy Chicken with Mushroom Simmer Sauce 475g",
    "COL Price": 2.5,
    "COL ppu": "$0.53 per 100G",
    "COL Size": "475g"
  },
  {
    "Brand_Product_Size": "I Love Cookies Coconut Choc Chunk Cookies 185g",
    "COL Price": 4,
    "COL ppu": "$2.16 per 100G",
    "COL Size": "185g"
  },
  {
    "Brand_Product_Size": "Winn Red Glace Cherries 200g",
    "COL Price": 4.5,
    "COL ppu": "$22.50 per 1Kg",
    "COL Size": "200g"
  },
  {
    "Brand_Product_Size": "Ito En Matcha Green Tea Organic Matcha Powder 12 pack",
    "COL Price": 15,
    "COL ppu": "$1.25 per 1Ea",
    "COL Size": "12 pack"
  },
  {
    "Brand_Product_Size": "Edenvale Non Alcoholic Sparkling Cuvee Bottle 750mL",
    "COL Price": 8.5,
    "COL ppu": "$11.33 per 1L",
    "COL Size": "750mL"
  },
  {
    "Brand_Product_Size": "Mother's Day Mug In Gift Box each",
    "COL Price": 4,
    "COL ppu": "$4.00 per 1Ea",
    "COL Size": "each"
  },
  {
    "Brand_Product_Size": "Golden Circle Mango Nectar Fruit Drink 2L",
    "COL Price": 3,
    "COL ppu": "$1.50 per 1L",
    "COL Size": "2L"
  },
  {
    "Brand_Product_Size": "Herbert Adams Frozen Gourmet King Island Beef Party Pies 12 pack 420g",
    "COL Price": 8.7,
    "COL ppu": "$2.07 per 100G",
    "COL Size": "420g"
  },
  {
    "Brand_Product_Size": "Vicks 2 In 1 Relief Cough Syrup 200mL",
    "COL Price": 14,
    "COL ppu": "$7.00 per 100mL",
    "COL Size": "200mL"
  },
  {
    "Brand_Product_Size": "Herbal Essences Classics Shampoo Normal 490mL",
    "COL Price": 10,
    "COL ppu": "$2.04 per 100mL",
    "COL Size": "490mL"
  },
  {
    "Brand_Product_Size": "Bonvit Tea Bags Dandelion 32 pack",
    "COL Price": 6.4,
    "COL ppu": "$0.20 per 1Ea",
    "COL Size": "32 pack"
  },
  {
    "Brand_Product_Size": "Pilot Frixion Black Ballpoint Pen 1 pack",
    "COL Price": 3.25,
    "COL ppu": "",
    "COL Size": "1 pack"
  },
  {
    "Brand_Product_Size": "Ease A Cold Cough Cold & Flu Day & Night Capsules 24 pack",
    "COL Price": 13.72,
    "COL ppu": "$0.57 per 1Ea",
    "COL Size": "24 pack"
  },
  {
    "Brand_Product_Size": "Massel Beef Style Liquid Stock 1L",
    "COL Price": 3,
    "COL ppu": "$3.00 per 1L",
    "COL Size": "1L"
  },
  {
    "Brand_Product_Size": "Allen's Chocolate Coated Bananas 120g",
    "COL Price": 3.5,
    "COL ppu": "$2.92 per 100G",
    "COL Size": "120g"
  },
  {
    "Brand_Product_Size": "Dove Men + Care Antiperspirant Invisible Fresh Deodorant 254mL",
    "COL Price": 7,
    "COL ppu": "$2.76 per 100mL",
    "COL Size": "254mL"
  },
  {
    "Brand_Product_Size": "Genius Gluten Free Wraps 4 pack",
    "COL Price": 6,
    "COL ppu": "$1.50 per 1Ea",
    "COL Size": "4 pack"
  },
  {
    "Brand_Product_Size": "Coles Wellness Road Soy & Toasted Sesame Loaf 700g",
    "COL Price": 4,
    "COL ppu": "$0.57 per 100G",
    "COL Size": "700g"
  },
  {
    "Brand_Product_Size": "Cheezels Original Cheese Snacks 125g",
    "COL Price": 2,
    "COL ppu": "$1.60 per 100G",
    "COL Size": "125g"
  },
  {
    "Brand_Product_Size": "Coles Fresh Cream Iced Sponge Cake 450g",
    "COL Price": 5.5,
    "COL ppu": "$1.22 per 100G",
    "COL Size": "450g"
  },
  {
    "Brand_Product_Size": "Grandma's Golden Wok Chicken Gyoza 800g",
    "COL Price": 18.5,
    "COL ppu": "$2.31 per 100G",
    "COL Size": "800g"
  },
  {
    "Brand_Product_Size": "Jelly B Drinkable Konjac Jelly Blueberry Flavour 150mL",
    "COL Price": 2.7,
    "COL ppu": "$1.80 per 100mL",
    "COL Size": "150mL"
  },
  {
    "Brand_Product_Size": "Coles Small Breed Chicken & Rice Dry Dog Food 1.25kg",
    "COL Price": 4.3,
    "COL ppu": "$0.34 per 100G",
    "COL Size": "1.25kg"
  },
  {
    "Brand_Product_Size": "Keep It Cleaner Bliss Balls Chocolate Orange 40g",
    "COL Price": 2.5,
    "COL ppu": "$6.25 per 100mL",
    "COL Size": "40g"
  },
  {
    "Brand_Product_Size": "Arnott's Savoury Shapes 185g",
    "COL Price": 3.2,
    "COL ppu": "$1.73 per 100G",
    "COL Size": "185g"
  },
  {
    "Brand_Product_Size": "Continental Thai Coconut & Lemongrass Rice Serves 2 115g",
    "COL Price": 2.75,
    "COL ppu": "$2.39 per 100G",
    "COL Size": "115g"
  },
  {
    "Brand_Product_Size": "Pringles BBQ Stacked Potato Chips 134g",
    "COL Price": 2,
    "COL ppu": "$1.49 per 100G",
    "COL Size": "134g"
  },
  {
    "Brand_Product_Size": "Sunrice Brown Medium Grain Rice 250g",
    "COL Price": 2.5,
    "COL ppu": "$1.00 per 100G",
    "COL Size": "250g"
  },
  {
    "Brand_Product_Size": "J Crackleton Pork Crackle Maple Bacon 40g",
    "COL Price": 1.44,
    "COL ppu": "$3.60 per 100G",
    "COL Size": "40g"
  },
  {
    "Brand_Product_Size": "Kellogg's K-Time Soft Baked Bites Apple 165g",
    "COL Price": 4,
    "COL ppu": "$2.42 per 100G",
    "COL Size": "165g"
  },
  {
    "Brand_Product_Size": "Bird Munchies Parrot Peachface Bird Seed Treat 90g",
    "COL Price": 2,
    "COL ppu": "$2.22 per 100G",
    "COL Size": "90g"
  },
  {
    "Brand_Product_Size": "Don Gluten Free Footy Franks Skinless 600g",
    "COL Price": 6.8,
    "COL ppu": "$11.33 per 1Kg",
    "COL Size": "600g"
  },
  {
    "Brand_Product_Size": "Dove Women Antiperspirant Roll On Deodorant Original 50mL",
    "COL Price": 3.9,
    "COL ppu": "$7.80 per 100mL",
    "COL Size": "50mL"
  },
  {
    "Brand_Product_Size": "Bellamy's Organic Apple Baby Snacks 20g",
    "COL Price": 3.5,
    "COL ppu": "$17.50 per 100G",
    "COL Size": "20g"
  },
  {
    "Brand_Product_Size": "Mirabella LED Globe GLS Edison Screw 11 watt Warm White each",
    "COL Price": 8,
    "COL ppu": "$8.00 per 1Ea",
    "COL Size": "each"
  },
  {
    "Brand_Product_Size": "Aussie Bodies FX Lo Carb Rocky Road Crunch Protein Bar 40g",
    "COL Price": 2.8,
    "COL ppu": "$7.00 per 100G",
    "COL Size": "40g"
  },
  {
    "Brand_Product_Size": "Pukka Lemon Ginger & Manuka Honey Tea Sachets 20 pack 40g",
    "COL Price": 7.5,
    "COL ppu": "$0.38 per 1Ea",
    "COL Size": "40g"
  },
  {
    "Brand_Product_Size": "Coca-Cola Sprite No Sugar Soft Drink Lemon Lime 375mL 10 pack",
    "COL Price": 13.75,
    "COL ppu": "$3.67 per 1L",
    "COL Size": "10 pack"
  },
  {
    "Brand_Product_Size": "Hanabi Prawn & Pork Dumplings 500g",
    "COL Price": 10,
    "COL ppu": "$2.00 per 100G",
    "COL Size": "500g"
  },
  {
    "Brand_Product_Size": "Willow Ice Bricks 3 pack",
    "COL Price": 7.75,
    "COL ppu": "$2.58 per 1Ea",
    "COL Size": "3 pack"
  },
  {
    "Brand_Product_Size": "Coles Milk Chocolate Digestive Biscuits 200g",
    "COL Price": 1.65,
    "COL ppu": "$0.83 per 100G",
    "COL Size": "200g"
  },
  {
    "Brand_Product_Size": "Coles Hoki Bites 300g",
    "COL Price": 10,
    "COL ppu": "$33.33 per 1Kg",
    "COL Size": "300g"
  },
  {
    "Brand_Product_Size": "Gullon Sugar Free Chocolate Chip Cookies 125g",
    "COL Price": 3,
    "COL ppu": "$2.40 per 100G",
    "COL Size": "125g"
  },
  {
    "Brand_Product_Size": "Bondi Sands Ultra Dark Foam 200mL",
    "COL Price": 25,
    "COL ppu": "$12.50 per 100mL",
    "COL Size": "200mL"
  },
  {
    "Brand_Product_Size": "Duracell Specialty 2016 Batteries 2 pack",
    "COL Price": 7,
    "COL ppu": "$3.50 per 1Ea",
    "COL Size": "2 pack"
  },
  {
    "Brand_Product_Size": "SPC Tropics Diced Sweet Pineapple in Juice 4x113g 4 pack",
    "COL Price": 4,
    "COL ppu": "$8.85 per 1Kg",
    "COL Size": "4 pack"
  },
  {
    "Brand_Product_Size": "Arnott's Multigrain Vita-Weat Crackers 140g",
    "COL Price": 1.5,
    "COL ppu": "$1.07 per 100G",
    "COL Size": "140g"
  },
  {
    "Brand_Product_Size": "Nescafe Gold Intense Coffee 200g",
    "COL Price": 11.5,
    "COL ppu": "$5.75 per 100G",
    "COL Size": "200g"
  },
  {
    "Brand_Product_Size": "TIGI Bed Head Urban Antidotes L2 Recovery Shampoo 250mL",
    "COL Price": 20,
    "COL ppu": "$8.00 per 100mL",
    "COL Size": "250mL"
  },
  {
    "Brand_Product_Size": "Curash Fragrance Free 240 Baby Wipes 3x80 Pack 3 pack",
    "COL Price": 8.8,
    "COL ppu": "$2.93 per 1Ea",
    "COL Size": "3 pack"
  },
  {
    "Brand_Product_Size": "Coles Mud Cake Decorated 700g",
    "COL Price": 7.5,
    "COL ppu": "$1.07 per 100G",
    "COL Size": "700g"
  },
  {
    "Brand_Product_Size": "Coles Large Pesto Pasta Salad each",
    "COL Price": 7,
    "COL ppu": "$7.00 per 1Ea",
    "COL Size": "each"
  },
  {
    "Brand_Product_Size": "Johnson Baby Bath Milk & Rice 500mL",
    "COL Price": 9.5,
    "COL ppu": "$1.90 per 100mL",
    "COL Size": "500mL"
  },
  {
    "Brand_Product_Size": "Tip Top Raisin Toast Bread 520g",
    "COL Price": 4,
    "COL ppu": "$0.77 per 100G",
    "COL Size": "520g"
  },
  {
    "Brand_Product_Size": "Queen Imitation Vanilla 300mL",
    "COL Price": 3,
    "COL ppu": "$0.10 per 10mL",
    "COL Size": "300mL"
  },
  {
    "Brand_Product_Size": "Haddar Mayonnaise 906g",
    "COL Price": 10.3,
    "COL ppu": "$1.14 per 100G",
    "COL Size": "906g"
  },
  {
    "Brand_Product_Size": "OC Naturals Coconut Repair Conditioner 400mL",
    "COL Price": 3.5,
    "COL ppu": "$0.88 per 100mL",
    "COL Size": "400mL"
  },
  {
    "Brand_Product_Size": "Coles Deli Salad Tubs Snack Quinoa Tabouleah Salad each",
    "COL Price": 3,
    "COL ppu": "$3.00 per 1Ea",
    "COL Size": "each"
  },
  {
    "Brand_Product_Size": "Revlon Colorstay Ultimate Suede 045 Supermodel Lipstick 2.55g",
    "COL Price": 27,
    "COL ppu": "$105.88 per 10G",
    "COL Size": "2.55g"
  },
  {
    "Brand_Product_Size": "Obela Lemon Dukkah Hommus Pistachio 220g",
    "COL Price": 4.5,
    "COL ppu": "$2.05 per 100G",
    "COL Size": "220g"
  },
  {
    "Brand_Product_Size": "Aussie Bodies FX Lo Carb Blueberry Crunch Protein Bar 40g",
    "COL Price": 2.8,
    "COL ppu": "$7.00 per 100G",
    "COL Size": "40g"
  },
  {
    "Brand_Product_Size": "Streets Calippo Mini Ice Raspberry Pineapple Ice Cream 10 pack 575mL",
    "COL Price": 7,
    "COL ppu": "$1.22 per 100mL",
    "COL Size": "575mL"
  },
  {
    "Brand_Product_Size": "1000 Hour Black Eyelash & Brow Dye Kit each",
    "COL Price": 20,
    "COL ppu": "$20.00 per 1Ea",
    "COL Size": "each"
  },
  {
    "Brand_Product_Size": "Queen Vanilla Extract 150mL",
    "COL Price": 9,
    "COL ppu": "$0.60 per 10mL",
    "COL Size": "150mL"
  },
  {
    "Brand_Product_Size": "Coles Thick Ponytailers Snagless Brown 28 pack",
    "COL Price": 6.8,
    "COL ppu": "$0.24 per 1Ea",
    "COL Size": "28 pack"
  },
  {
    "Brand_Product_Size": "Queen Rainbow Food Colour 4 pack 28mL",
    "COL Price": 3.6,
    "COL ppu": "$1.29 per 10mL",
    "COL Size": "28mL"
  },
  {
    "Brand_Product_Size": "Lipton Peach Ice Tea 1.5L",
    "COL Price": 1.97,
    "COL ppu": "$1.31 per 1L",
    "COL Size": "1.5L"
  },
  {
    "Brand_Product_Size": "Schwobs Light Rye Half Loaf 450g",
    "COL Price": 2.9,
    "COL ppu": "$0.64 per 100G",
    "COL Size": "450g"
  },
  {
    "Brand_Product_Size": "Peters Carrot Curls Small Animal Treats 100g",
    "COL Price": 6,
    "COL ppu": "$6.00 per 100G",
    "COL Size": "100g"
  },
  {
    "Brand_Product_Size": "Manning Valley Free Range Extra Large Eggs 12 pack 700g",
    "COL Price": 6.4,
    "COL ppu": "$0.91 per 100G",
    "COL Size": "700g"
  },
  {
    "Brand_Product_Size": "Coles Oregano Leaves 10g",
    "COL Price": 1.8,
    "COL ppu": "$1.80 per 10G",
    "COL Size": "10g"
  },
  {
    "Brand_Product_Size": "Coles Gluten Free Brown Rice Mi Goreng Noodles 225g",
    "COL Price": 5,
    "COL ppu": "$2.22 per 100G",
    "COL Size": "225g"
  },
  {
    "Brand_Product_Size": "Paper Mate Profile Pen Black 2 pack",
    "COL Price": 5.2,
    "COL ppu": "",
    "COL Size": "2 pack"
  },
  {
    "Brand_Product_Size": "Nescafe Dolce Gusto Americano Coffee Capsules 16 pack 128g",
    "COL Price": 8.5,
    "COL ppu": "$6.64 per 100G",
    "COL Size": "128g"
  },
  {
    "Brand_Product_Size": "Orgran Superfood Millet Quinoa Buckwheat Spiral Pasta 250g",
    "COL Price": 4,
    "COL ppu": "$1.60 per 100G",
    "COL Size": "250g"
  },
  {
    "Brand_Product_Size": "Oreo Creme Biscuits Red Velvet 133g",
    "COL Price": 1.5,
    "COL ppu": "$1.13 per 100G",
    "COL Size": "133g"
  },
  {
    "Brand_Product_Size": "Coles Passata Tomato & Basil 700g",
    "COL Price": 1.95,
    "COL ppu": "$0.28 per 100G",
    "COL Size": "700g"
  },
  {
    "Brand_Product_Size": "Coles Smooth Blue Cheese 150g",
    "COL Price": 4.3,
    "COL ppu": "$28.67 per 1Kg",
    "COL Size": "150g"
  },
  {
    "Brand_Product_Size": "Nature's Own Vitamin B3 500mg Tablets 60 pack",
    "COL Price": 12,
    "COL ppu": "$20.00 per 100Ea",
    "COL Size": "60 pack"
  },
  {
    "Brand_Product_Size": "Chux Dishwand Non Scratch Refill 3 pack",
    "COL Price": 5.5,
    "COL ppu": "$1.83 per 1Ea",
    "COL Size": "3 pack"
  },
  {
    "Brand_Product_Size": "Fettayleh Premium Smoked Turkey Bacon 200g",
    "COL Price": 5,
    "COL ppu": "$2.50 per 100G",
    "COL Size": "200g"
  },
  {
    "Brand_Product_Size": "Eco Tools Ultimate Shade Duo Brushes 2 pack",
    "COL Price": 15,
    "COL ppu": "$7.50 per 1Ea",
    "COL Size": "2 pack"
  },
  {
    "Brand_Product_Size": "Sealord Frozen Marlborough Sea Salt & Pepper Fillets 300g",
    "COL Price": 5,
    "COL ppu": "$1.67 per 100G",
    "COL Size": "300g"
  },
  {
    "Brand_Product_Size": "Tommee Tippee Closer To Nature Teats 3-9 Months 2 pack",
    "COL Price": 7.7,
    "COL ppu": "$3.85 per 1Ea",
    "COL Size": "2 pack"
  },
  {
    "Brand_Product_Size": "Scholl Gel Activ Everyday Women 1 each",
    "COL Price": 28,
    "COL ppu": "",
    "COL Size": "1 each"
  },
  {
    "Brand_Product_Size": "Lipton Decaffeinated Black Tea Bags 50 pack",
    "COL Price": 5.2,
    "COL ppu": "$0.10 per 1Ea",
    "COL Size": "50 pack"
  },
  {
    "Brand_Product_Size": "Multix Aluminium Foil Wrap 30m x 30cm 30m",
    "COL Price": 5.5,
    "COL ppu": "$0.18 per 1M",
    "COL Size": "30m"
  },
  {
    "Brand_Product_Size": "Curash Nappy Rash Cream 100g",
    "COL Price": 5.8,
    "COL ppu": "$5.80 per 100G",
    "COL Size": "100g"
  },
  {
    "Brand_Product_Size": "Atkins Endulge Milk Chocolate 5 Bars 150g",
    "COL Price": 13.5,
    "COL ppu": "$9.00 per 100G",
    "COL Size": "150g"
  },
  {
    "Brand_Product_Size": "Emma & Tom's Raspberry Quencher Chilled 450mL",
    "COL Price": 3.9,
    "COL ppu": "$8.67 per 1L",
    "COL Size": "450mL"
  },
  {
    "Brand_Product_Size": "Coles Lemon & Lime Sparkling Water 1.25L",
    "COL Price": 1.6,
    "COL ppu": "$1.28 per 1L",
    "COL Size": "1.25L"
  },
  {
    "Brand_Product_Size": "Arnott's Honey Soy Chicken Cracker Chips 150g",
    "COL Price": 3,
    "COL ppu": "$2.00 per 100G",
    "COL Size": "150g"
  },
  {
    "Brand_Product_Size": "Continental Cup A Soup Chicken With Lots of Noodles Serves 2 60g",
    "COL Price": 2.1,
    "COL ppu": "$3.50 per 100G",
    "COL Size": "60g"
  },
  {
    "Brand_Product_Size": "Coles Full Cream Long Life Milk 1L",
    "COL Price": 1.25,
    "COL ppu": "$1.25 per 1L",
    "COL Size": "1L"
  },
  {
    "Brand_Product_Size": "Birds Eye Frozen Baby Beans 1kg",
    "COL Price": 4,
    "COL ppu": "$4.00 per 1Kg",
    "COL Size": "1kg"
  },
  {
    "Brand_Product_Size": "Protein Punch BBQ Flavour 40g",
    "COL Price": 4.85,
    "COL ppu": "$12.13 per 100G",
    "COL Size": "40g"
  },
  {
    "Brand_Product_Size": "Ayam Hoi Sin Sauce 210mL",
    "COL Price": 3.5,
    "COL ppu": "$1.67 per 100mL",
    "COL Size": "210mL"
  },
  {
    "Brand_Product_Size": "Coles Frozen Corn Cobs 1kg",
    "COL Price": 2.5,
    "COL ppu": "$2.50 per 1Kg",
    "COL Size": "1kg"
  },
  {
    "Brand_Product_Size": "Coles Vanilla Slice 2 pack 270g",
    "COL Price": 5,
    "COL ppu": "$1.85 per 100G",
    "COL Size": "270g"
  },
  {
    "Brand_Product_Size": "Coles Rapid Tablets Ibuprofen 24pack",
    "COL Price": 5.9,
    "COL ppu": "$0.25 per 1Ea",
    "COL Size": "24pack"
  },
  {
    "Brand_Product_Size": "Ocean Spray Cranberry & Pomegranate Fruit Drink 1.5L",
    "COL Price": 4.05,
    "COL ppu": "$2.70 per 1L",
    "COL Size": "1.5L"
  },
  {
    "Brand_Product_Size": "Red Tractor White Quinoa Grain 700g",
    "COL Price": 10,
    "COL ppu": "$1.43 per 100G",
    "COL Size": "700g"
  },
  {
    "Brand_Product_Size": "Coles Frozen Cauliflower 500g",
    "COL Price": 2.15,
    "COL ppu": "$0.43 per 100G",
    "COL Size": "500g"
  },
  {
    "Brand_Product_Size": "KB Thawed Seafood MSC Rock Lobster each",
    "COL Price": 22,
    "COL ppu": "$22.00 per 1Ea",
    "COL Size": "each"
  },
  {
    "Brand_Product_Size": "Cremeux Truffle Brie 180g",
    "COL Price": 8.5,
    "COL ppu": "$47.22 per 1Kg",
    "COL Size": "180g"
  },
  {
    "Brand_Product_Size": "Lemnos Cyprus Style Cheese Haloumi 2 Pack 200g",
    "COL Price": 7.5,
    "COL ppu": "$37.50 per 1Kg",
    "COL Size": "200g"
  },
  {
    "Brand_Product_Size": "Coles Kitchens Singapore Noodles 430g",
    "COL Price": 9,
    "COL ppu": "$20.93 per 1Kg",
    "COL Size": "430g"
  },
  {
    "Brand_Product_Size": "Coles Dijon Mustard 200g",
    "COL Price": 2,
    "COL ppu": "$1.00 per 100G",
    "COL Size": "200g"
  },
  {
    "Brand_Product_Size": "Pics Really Good Peanut & Chocolate Butter 290g",
    "COL Price": 9,
    "COL ppu": "$3.10 per 100G",
    "COL Size": "290g"
  },
  {
    "Brand_Product_Size": "Carmans Porridge Protein Rich Almond Vanilla & Cinnamon 270g",
    "COL Price": 4,
    "COL ppu": "$1.48 per 100G",
    "COL Size": "270g"
  },
  {
    "Brand_Product_Size": "Coles Eggs Free Range 12 pack 600g",
    "COL Price": 3.9,
    "COL ppu": "$0.65 per 100G",
    "COL Size": "600g"
  },
  {
    "Brand_Product_Size": "Cook & Dine Multi Compartment Platter each",
    "COL Price": 2.2,
    "COL ppu": "$2.20 per 1Ea",
    "COL Size": "each"
  },
  {
    "Brand_Product_Size": "Core Powerfoods Bangers And Mash 350g",
    "COL Price": 9,
    "COL ppu": "$2.57 per 100G",
    "COL Size": "350g"
  },
  {
    "Brand_Product_Size": "Lindt Excellence 70% Cocoa Block Plus Caramel & Sea Salt 100g",
    "COL Price": 3.5,
    "COL ppu": "$3.50 per 100G",
    "COL Size": "100g"
  },
  {
    "Brand_Product_Size": "Van Der Meulen Pumpernickel Bread 500g",
    "COL Price": 2.4,
    "COL ppu": "$0.48 per 100G",
    "COL Size": "500g"
  },
  {
    "Brand_Product_Size": "Coles Deli Salads Tub Large Classic Pasta Large",
    "COL Price": 6,
    "COL ppu": "$6.00 per 1Ea",
    "COL Size": "Large"
  },
  {
    "Brand_Product_Size": "Ikina Bamboo Fibre Travel Mug 350mL each",
    "COL Price": 12,
    "COL ppu": "$12.00 per 1Ea",
    "COL Size": "each"
  },
  {
    "Brand_Product_Size": "Biozet Attack Plus Quick Wash Laundry Liquid 2L",
    "COL Price": 22,
    "COL ppu": "$11.00 per 1L",
    "COL Size": "2L"
  },
  {
    "Brand_Product_Size": "Bundaberg Guava Flavoured Sparkling Drink Multipack Bottles 375mL 4 pack",
    "COL Price": 6.35,
    "COL ppu": "$4.23 per 1L",
    "COL Size": "4 pack"
  },
  {
    "Brand_Product_Size": "Coles Bean Shoots Prepacked 250g",
    "COL Price": 2.2,
    "COL ppu": "$8.80 per 1Kg",
    "COL Size": "250g"
  },
  {
    "Brand_Product_Size": "Farmers Market Roast Chicken With Lentils Dog Food 100g",
    "COL Price": 1.5,
    "COL ppu": "$1.50 per 100G",
    "COL Size": "100g"
  },
  {
    "Brand_Product_Size": "Mitchum Natural Power Coconut 40g",
    "COL Price": 7.5,
    "COL ppu": "$18.75 per 100G",
    "COL Size": "40g"
  },
  {
    "Brand_Product_Size": "Vegie Delights Bolognese Sauce 300g",
    "COL Price": 5,
    "COL ppu": "$1.67 per 100G",
    "COL Size": "300g"
  },
  {
    "Brand_Product_Size": "Comforts Lights Incontinence Panty Liners 20 each",
    "COL Price": 3.2,
    "COL ppu": "",
    "COL Size": "20 each"
  },
  {
    "Brand_Product_Size": "Pepsi Max Multipack Cans 375mL 10 pack",
    "COL Price": 7.5,
    "COL ppu": "$2.00 per 1L",
    "COL Size": "10 pack"
  },
  {
    "Brand_Product_Size": "Lady Jayne Tangle Pro Detangling Brush 1 pack",
    "COL Price": 20,
    "COL ppu": "$20.00 per 1Ea",
    "COL Size": "1 pack"
  },
  {
    "Brand_Product_Size": "On The Menu Beef Ragu Pappardelle 400g",
    "COL Price": 4.5,
    "COL ppu": "$1.13 per 100G",
    "COL Size": "400g"
  },
  {
    "Brand_Product_Size": "McVities Thins Milk Chocolate Biscuits 150g",
    "COL Price": 3.5,
    "COL ppu": "$2.33 per 100G",
    "COL Size": "150g"
  },
  {
    "Brand_Product_Size": "Sara Lee Frozen  Strawberry Cheesecake 410g",
    "COL Price": 5,
    "COL ppu": "$1.22 per 100G",
    "COL Size": "410g"
  },
  {
    "Brand_Product_Size": "Bega Peanut Butter Smooth 200g",
    "COL Price": 3.2,
    "COL ppu": "$1.60 per 100G",
    "COL Size": "200g"
  },
  {
    "Brand_Product_Size": "Beckham Instinct Deodorant Body Spray 150mL",
    "COL Price": 8,
    "COL ppu": "$5.33 per 100mL",
    "COL Size": "150mL"
  },
  {
    "Brand_Product_Size": "Coles Instant Coffee Powder 500g",
    "COL Price": 7,
    "COL ppu": "$1.40 per 100G",
    "COL Size": "500g"
  },
  {
    "Brand_Product_Size": "Dreambaby Pee-Pod Urinal With Spinning Target each",
    "COL Price": 16,
    "COL ppu": "$16.00 per 1Ea",
    "COL Size": "each"
  },
  {
    "Brand_Product_Size": "Oz Group Australian Frozen Blueberries 250g",
    "COL Price": 5,
    "COL ppu": "$2.00 per 100G",
    "COL Size": "250g"
  },
  {
    "Brand_Product_Size": "Coles Tasty Light Cheese & Crackers 50g",
    "COL Price": 1.6,
    "COL ppu": "$3.20 per 100G",
    "COL Size": "50g"
  },
  {
    "Brand_Product_Size": "Blackmores Probiotics+ Womens Flora Balance 30 pack",
    "COL Price": 32,
    "COL ppu": "$106.67 per 100Ea",
    "COL Size": "30 pack"
  },
  {
    "Brand_Product_Size": "Coles Colour Flame Candles 10 pack",
    "COL Price": 3.5,
    "COL ppu": "$0.35 per 1Ea",
    "COL Size": "10 pack"
  },
  {
    "Brand_Product_Size": "Coles Microgreens Chervil each",
    "COL Price": 3,
    "COL ppu": "$3.00 per 1Ea",
    "COL Size": "each"
  },
  {
    "Brand_Product_Size": "Moro Primero Extra Virgin Olive Oil 1L",
    "COL Price": 12,
    "COL ppu": "$1.20 per 100mL",
    "COL Size": "1L"
  },
  {
    "Brand_Product_Size": "Norco Mighty Cool Chocolate Flavoured Milk 250mL",
    "COL Price": 2,
    "COL ppu": "$8.00 per 1L",
    "COL Size": "250mL"
  },
  {
    "Brand_Product_Size": "Old El Paso Taco Kit Mild 290g",
    "COL Price": 5,
    "COL ppu": "$1.72 per 100G",
    "COL Size": "290g"
  },
  {
    "Brand_Product_Size": "MasterFoods Red Wine & Garlic Marinade 375g",
    "COL Price": 2.5,
    "COL ppu": "$0.67 per 100G",
    "COL Size": "375g"
  },
  {
    "Brand_Product_Size": "Bertocchi Flat Soppressa Hot Salami approx. 125g",
    "COL Price": 3.25,
    "COL ppu": "$26.00 per 1Kg",
    "COL Size": "approx. 125g"
  },
  {
    "Brand_Product_Size": "Challenge Gold Medal Crushed Garlic 175g",
    "COL Price": 2.75,
    "COL ppu": "$1.57 per 100G",
    "COL Size": "175g"
  },
  {
    "Brand_Product_Size": "Latina Fresh Italian Tomato & Garlic Pasta Sauce 425g",
    "COL Price": 6,
    "COL ppu": "$1.41 per 100G",
    "COL Size": "425g"
  },
  {
    "Brand_Product_Size": "Heritage Mill Peanut Caramel Protein Bars 6 pack 222g",
    "COL Price": 5.7,
    "COL ppu": "$2.57 per 100G",
    "COL Size": "222g"
  },
  {
    "Brand_Product_Size": "Scunci Ultra Dent-Free Ponytailers 8 pieces 1 pack",
    "COL Price": 8,
    "COL ppu": "$8.00 per 1Ea",
    "COL Size": "1 pack"
  },
  {
    "Brand_Product_Size": "Cub Organic Follow On Infant Formula Stage 2 900 gram",
    "COL Price": 24,
    "COL ppu": "",
    "COL Size": "900 gram"
  },
  {
    "Brand_Product_Size": "Grandma Moses Fig & Raisin Sourdough 900g",
    "COL Price": 7.5,
    "COL ppu": "$0.83 per 100G",
    "COL Size": "900g"
  },
  {
    "Brand_Product_Size": "Hanabi Frozen Chicken Potstickers 500g",
    "COL Price": 8,
    "COL ppu": "$16.00 per 1Kg",
    "COL Size": "500g"
  },
  {
    "Brand_Product_Size": "Strepsils Plus Blocked Nose Relief 16 pack",
    "COL Price": 8,
    "COL ppu": "$0.50 per 1Ea",
    "COL Size": "16 pack"
  },
  {
    "Brand_Product_Size": "Coles Multi Purpose Sponge Cloths 3 pack",
    "COL Price": 1,
    "COL ppu": "$0.33 per 1Ea",
    "COL Size": "3 pack"
  },
  {
    "Brand_Product_Size": "Tp Hand Plaited Butter Brioche Loaf 400g",
    "COL Price": 7,
    "COL ppu": "$1.75 per 100G",
    "COL Size": "400g"
  },
  {
    "Brand_Product_Size": "Coles Bakery Hawaiian Pizza Roll 2 pack",
    "COL Price": 3,
    "COL ppu": "$1.50 per 1Ea",
    "COL Size": "2 pack"
  },
  {
    "Brand_Product_Size": "Cadbury Dairy Milk Fruit and Nut Chocolate Large Block 350g",
    "COL Price": 5,
    "COL ppu": "$1.43 per 100G",
    "COL Size": "350g"
  },
  {
    "Brand_Product_Size": "Diet Rite Lite Salt 170g",
    "COL Price": 2.75,
    "COL ppu": "$0.16 per 10G",
    "COL Size": "170g"
  },
  {
    "Brand_Product_Size": "Coles Free Range RSPCA Approved Chicken Tenderloins approx. 600g",
    "COL Price": 11.7,
    "COL ppu": "$19.50 per 1Kg",
    "COL Size": "approx. 600g"
  },
  {
    "Brand_Product_Size": "Queen Natural Peppermint Extract 50mL",
    "COL Price": 1.1,
    "COL ppu": "$0.22 per 10mL",
    "COL Size": "50mL"
  },
  {
    "Brand_Product_Size": "Uncle Tobys Breakfast Bakes Honey & Almond 65g",
    "COL Price": 2.15,
    "COL ppu": "$3.31 per 100G",
    "COL Size": "65g"
  },
  {
    "Brand_Product_Size": "Coles Ultra Bathroom Foam 390g",
    "COL Price": 3.5,
    "COL ppu": "$0.90 per 100G",
    "COL Size": "390g"
  },
  {
    "Brand_Product_Size": "Arnott's Shortbread Cream mud Cake Biscuit 250g",
    "COL Price": 3,
    "COL ppu": "$1.20 per 100G",
    "COL Size": "250g"
  },
  {
    "Brand_Product_Size": "TLY Joyce Firm Tofu 300g",
    "COL Price": 3.1,
    "COL ppu": "$1.03 per 100G",
    "COL Size": "300g"
  },
  {
    "Brand_Product_Size": "Coles Wellness Road Protein Oats 400g",
    "COL Price": 3.5,
    "COL ppu": "$0.88 per 100G",
    "COL Size": "400g"
  },
  {
    "Brand_Product_Size": "Genius Gluten Free Crumpets 4 pack",
    "COL Price": 6,
    "COL ppu": "$1.50 per 1Ea",
    "COL Size": "4 pack"
  },
  {
    "Brand_Product_Size": "Continental Naturally Tasty Beef Stroganoff Mix 31g",
    "COL Price": 2.4,
    "COL ppu": "$7.74 per 100G",
    "COL Size": "31g"
  },
  {
    "Brand_Product_Size": "Korbond Navy Poly Thread 160m each",
    "COL Price": 2.4,
    "COL ppu": "$2.40 per 1ea",
    "COL Size": "each"
  },
  {
    "Brand_Product_Size": "Perfect Honey Company Honey Squeeze Bottle 400g",
    "COL Price": 7.5,
    "COL ppu": "$1.88 per 100G",
    "COL Size": "400g"
  },
  {
    "Brand_Product_Size": "Aussie Bodies Lo Carb Whip'd Cookies & Cream Protein Bar 120g",
    "COL Price": 9,
    "COL ppu": "$7.50 per 100G",
    "COL Size": "120g"
  },
  {
    "Brand_Product_Size": "Mainland On The Go Colby Cheese & Artisan Crackers 38g",
    "COL Price": 2.5,
    "COL ppu": "",
    "COL Size": "38g"
  },
  {
    "Brand_Product_Size": "Coles Thin Blonde Ponytailers 28 pack",
    "COL Price": 5.6,
    "COL ppu": "$0.20 per 1Ea",
    "COL Size": "28 pack"
  },
  {
    "Brand_Product_Size": "Coles Fabric Medistrips 50 pack",
    "COL Price": 3,
    "COL ppu": "$0.06 per 1Ea",
    "COL Size": "50 pack"
  },
  {
    "Brand_Product_Size": "Steggles Frozen Southern Style Chicken Breast Tenders 400g",
    "COL Price": 9,
    "COL ppu": "$22.50 per 1Kg",
    "COL Size": "400g"
  },
  {
    "Brand_Product_Size": "Ayam Massaman Curry Paste 195g",
    "COL Price": 2.75,
    "COL ppu": "$1.41 per 100G",
    "COL Size": "195g"
  },
  {
    "Brand_Product_Size": "Coles Lasagne Sheets 375g",
    "COL Price": 2.9,
    "COL ppu": "$0.77 per 100G",
    "COL Size": "375g"
  },
  {
    "Brand_Product_Size": "Carman's Cranberry Apple & Nut Crunchy Clusters 500g",
    "COL Price": 6.9,
    "COL ppu": "$1.38 per 100G",
    "COL Size": "500g"
  },
  {
    "Brand_Product_Size": "Fussy Cat Grainfree Crunchers With Kangaroo Treats 100g",
    "COL Price": 3,
    "COL ppu": "$3.00 per 100G",
    "COL Size": "100g"
  },
  {
    "Brand_Product_Size": "Gillette Daisy Classic Shaving Razors 5 pack",
    "COL Price": 4.5,
    "COL ppu": "$0.90 per 1Ea",
    "COL Size": "5 pack"
  },
  {
    "Brand_Product_Size": "Coles Low Fat Creamed Cottage Cheese 500g",
    "COL Price": 4,
    "COL ppu": "$8.00 per 1Kg",
    "COL Size": "500g"
  },
  {
    "Brand_Product_Size": "Coles Deli Multipack Assorted Chips 15 Pack 278g",
    "COL Price": 4.95,
    "COL ppu": "$1.78 per 100G",
    "COL Size": "278g"
  },
  {
    "Brand_Product_Size": "Belvita Chocolate Breakfast Biscuit6 Pack 300g",
    "COL Price": 4,
    "COL ppu": "$1.33 per 100G",
    "COL Size": "300g"
  },
  {
    "Brand_Product_Size": "Murray River Organics Apple Cinnamon Muesli 5 Pack 300g",
    "COL Price": 7.5,
    "COL ppu": "$2.50 per 100G",
    "COL Size": "300g"
  },
  {
    "Brand_Product_Size": "MasterFoods Parsley Flakes 4g",
    "COL Price": 1.8,
    "COL ppu": "$4.50 per 10G",
    "COL Size": "4g"
  },
  {
    "Brand_Product_Size": "Hoyts Parsley 40g",
    "COL Price": 3.3,
    "COL ppu": "$0.83 per 10G",
    "COL Size": "40g"
  },
  {
    "Brand_Product_Size": "Nestle NAN Supreme Stage 3 Formula 800g",
    "COL Price": 17.6,
    "COL ppu": "$2.20 per 100G",
    "COL Size": "800g"
  },
  {
    "Brand_Product_Size": "Tassal Tasmanian Cold Smoked Salmon Pepper 90g",
    "COL Price": 6,
    "COL ppu": "$6.67 per 100G",
    "COL Size": "90g"
  },
  {
    "Brand_Product_Size": "Oak Chocolate Peanut Butter Flavoured Milk 600mL",
    "COL Price": 2,
    "COL ppu": "$3.33 per 1L",
    "COL Size": "600mL"
  },
  {
    "Brand_Product_Size": "Covergirl Exhibitionist Very Black Mascara 9mL",
    "COL Price": 24,
    "COL ppu": "$26.67 per 10mL",
    "COL Size": "9mL"
  },
  {
    "Brand_Product_Size": "Soothers Butter-Menthol Medicated Throat Lozenges 3 pack",
    "COL Price": 4,
    "COL ppu": "$4.00 per 1Ea",
    "COL Size": "3 pack"
  },
  {
    "Brand_Product_Size": "Bulla Creamy Classics Mint Choc Chip Ice Cream Tub 2L",
    "COL Price": 8.5,
    "COL ppu": "$0.43 per 100mL",
    "COL Size": "2L"
  },
  {
    "Brand_Product_Size": "Suimin Oriental Chicken Noodle Cup 70g",
    "COL Price": 1.2,
    "COL ppu": "$1.71 per 100G",
    "COL Size": "70g"
  },
  {
    "Brand_Product_Size": "Optus E3372 4G USB Modem 4GB each",
    "COL Price": 29,
    "COL ppu": "$29.00 per 1Ea",
    "COL Size": "each"
  },
  {
    "Brand_Product_Size": "Coles Organic Red Onions Prepacked 1kg",
    "COL Price": 8.5,
    "COL ppu": "$8.50 per 1Kg",
    "COL Size": "1kg"
  },
  {
    "Brand_Product_Size": "Bondi Sands SPF 50 Sport Aerosol Mist 150mL",
    "COL Price": 17,
    "COL ppu": "$11.33 per 100mL",
    "COL Size": "150mL"
  },
  {
    "Brand_Product_Size": "Goulburn Valley Peaches In Juice 170g 2 pack",
    "COL Price": 4,
    "COL ppu": "$1.18 per 100G",
    "COL Size": "2 pack"
  },
  {
    "Brand_Product_Size": "Lindt Excellence 70% Cocoa Block Plus Raspberry & Hazelnut 100g",
    "COL Price": 3.5,
    "COL ppu": "$3.50 per 100G",
    "COL Size": "100g"
  },
  {
    "Brand_Product_Size": "Red Bull Energy Drink Winter Edition 4X250mL 4 pack",
    "COL Price": 7,
    "COL ppu": "$7.00 per 1L",
    "COL Size": "4 pack"
  },
  {
    "Brand_Product_Size": "Coles Sunflower Seeds 150g",
    "COL Price": 1.2,
    "COL ppu": "$8.00 per 1Kg",
    "COL Size": "150g"
  },
  {
    "Brand_Product_Size": "Coles Beef Rissoles 440g",
    "COL Price": 5.5,
    "COL ppu": "$1.25 per 100G",
    "COL Size": "440g"
  },
  {
    "Brand_Product_Size": "Steggles Frozen Chicken Dino Snacks 1kg",
    "COL Price": 11,
    "COL ppu": "$11.00 per 1Kg",
    "COL Size": "1kg"
  },
  {
    "Brand_Product_Size": "Coles Beef 4 Star Lean Mince 800g",
    "COL Price": 12,
    "COL ppu": "$1.50 per 100G",
    "COL Size": "800g"
  },
  {
    "Brand_Product_Size": "White King Lemon Power Toilet Cleaner Gel 700mL",
    "COL Price": 3,
    "COL ppu": "$0.43 per 100mL",
    "COL Size": "700mL"
  },
  {
    "Brand_Product_Size": "Loacker Gardena Hazelnut Wafer 200g",
    "COL Price": 2.5,
    "COL ppu": "$1.25 per 100G",
    "COL Size": "200g"
  },
  {
    "Brand_Product_Size": "Continental Kosher Butchers Smoked Chicken Breast 200g",
    "COL Price": 12.7,
    "COL ppu": "$63.50 per 1Kg",
    "COL Size": "200g"
  },
  {
    "Brand_Product_Size": "Coles Cocoa Powder 375g",
    "COL Price": 4,
    "COL ppu": "$1.07 per 100G",
    "COL Size": "375g"
  },
  {
    "Brand_Product_Size": "Coles Australian Natural Almonds & Sultanas 6x30g 180g",
    "COL Price": 4,
    "COL ppu": "$22.22 per 1Kg",
    "COL Size": "180g"
  },
  {
    "Brand_Product_Size": "Arnott's Savoury Shapes 185g",
    "COL Price": 3.2,
    "COL ppu": "$1.73 per 100G",
    "COL Size": "185g"
  },
  {
    "Brand_Product_Size": "Cadbury Crunchie Chocolate Bar Multipack 12 Treats 180g",
    "COL Price": 2.5,
    "COL ppu": "$1.39 per 100G",
    "COL Size": "180g"
  },
  {
    "Brand_Product_Size": "Cook & Dine Round Cake Tin 24cm each",
    "COL Price": 6,
    "COL ppu": "$6.00 per 1Ea",
    "COL Size": "each"
  },
  {
    "Brand_Product_Size": "Greenies Original Dog Treat Teenie 340g",
    "COL Price": 26,
    "COL ppu": "$7.65 per 100G",
    "COL Size": "340g"
  },
  {
    "Brand_Product_Size": "Coles Kitchen Carrot & Broccoli Florets 150g",
    "COL Price": 2,
    "COL ppu": "$13.33 per 1Kg",
    "COL Size": "150g"
  },
  {
    "Brand_Product_Size": "Coles Free Range Jumbo Eggs 12 pack 800g",
    "COL Price": 5,
    "COL ppu": "$0.63 per 100G",
    "COL Size": "800g"
  },
  {
    "Brand_Product_Size": "Nivea Q10 Power Mature Facial Oil 30mL",
    "COL Price": 25,
    "COL ppu": "$83.34 per 100mL",
    "COL Size": "30mL"
  },
  {
    "Brand_Product_Size": "Fray Bentos Steak & Kidney Pie with Puff Pastry 425g",
    "COL Price": 8.5,
    "COL ppu": "$2.00 per 100G",
    "COL Size": "425g"
  },
  {
    "Brand_Product_Size": "Libra Super Tampons 32 pack",
    "COL Price": 6.35,
    "COL ppu": "$0.20 per 1Ea",
    "COL Size": "32 pack"
  },
  {
    "Brand_Product_Size": "Loacker Tortina Chocolate Biscuit Caramel 126g",
    "COL Price": 4,
    "COL ppu": "$3.17 per 100G",
    "COL Size": "126g"
  },
  {
    "Brand_Product_Size": "Don Honey Roasted Sliced Ham 250g",
    "COL Price": 3.2,
    "COL ppu": "$12.80 per 1Kg",
    "COL Size": "250g"
  },
  {
    "Brand_Product_Size": "Carman's Original Fruit Free Muesli 875g",
    "COL Price": 8,
    "COL ppu": "$0.91 per 100G",
    "COL Size": "875g"
  },
  {
    "Brand_Product_Size": "Coles Kitchen Caesar Salad Kit 265g",
    "COL Price": 5,
    "COL ppu": "$1.89 per 100G",
    "COL Size": "265g"
  },
  {
    "Brand_Product_Size": "Robert Timms Gold Colombia Coffee Bags Strong 28 Pack 160g",
    "COL Price": 9.65,
    "COL ppu": "$6.03 per 100G",
    "COL Size": "160g"
  },
  {
    "Brand_Product_Size": "Pepsi Max Soft Drink 2L",
    "COL Price": 2.15,
    "COL ppu": "$1.08 per 1L",
    "COL Size": "2L"
  },
  {
    "Brand_Product_Size": "Starbucks Medium Roast Premium Instant Coffee 90g",
    "COL Price": 7,
    "COL ppu": "$7.78 per 100G",
    "COL Size": "90g"
  },
  {
    "Brand_Product_Size": "Bega Cream Cheese Spread Bold 250g",
    "COL Price": 3.8,
    "COL ppu": "$15.20 per 1Kg",
    "COL Size": "250g"
  },
  {
    "Brand_Product_Size": "MasterFoods Ground Sage Leaves 20g",
    "COL Price": 2.6,
    "COL ppu": "$1.30 per 10G",
    "COL Size": "20g"
  },
  {
    "Brand_Product_Size": "Tom's Of Maine Lavender & Shea Bar Soap 141g",
    "COL Price": 4.95,
    "COL ppu": "$3.51 per 100G",
    "COL Size": "141g"
  },
  {
    "Brand_Product_Size": "Coles Chickpea Tomato & Chilli Curry With Rice 350g",
    "COL Price": 3,
    "COL ppu": "$0.86 per 100G",
    "COL Size": "350g"
  },
  {
    "Brand_Product_Size": "Cottees Cordial Sparkling Coola Lime Cans 10 pack",
    "COL Price": 9.5,
    "COL ppu": "$0.95 per 1Ea",
    "COL Size": "10 pack"
  },
  {
    "Brand_Product_Size": "Covergirl Simply Ageless 240 Natural Beige Foundation 12g",
    "COL Price": 25.5,
    "COL ppu": "$21.25 per 10G",
    "COL Size": "12g"
  },
  {
    "Brand_Product_Size": "Pringles Minis Original Salted Potato Chips 5 pack 95g",
    "COL Price": 3.2,
    "COL ppu": "$3.37 per 100G",
    "COL Size": "95g"
  },
  {
    "Brand_Product_Size": "Schweppes Lemonade 1.1L",
    "COL Price": 2.15,
    "COL ppu": "$1.95 per 1L",
    "COL Size": "1.1L"
  },
  {
    "Brand_Product_Size": "BIC Cristal Original Blue Pens 10 Pieces 1 pack",
    "COL Price": 4,
    "COL ppu": "$4.00 per 1Ea",
    "COL Size": "1 pack"
  },
  {
    "Brand_Product_Size": "Top 20 Variety Potato Chips 20 pack 375g",
    "COL Price": 5.5,
    "COL ppu": "$1.47 per 100G",
    "COL Size": "375g"
  },
  {
    "Brand_Product_Size": "Coles Detangler Brush 1 pack",
    "COL Price": 10,
    "COL ppu": "$10.00 per 1Ea",
    "COL Size": "1 pack"
  },
  {
    "Brand_Product_Size": "Health Lab Almond Nut Butter Balls 3x40g 120g",
    "COL Price": 8,
    "COL ppu": "$6.67 per 100G",
    "COL Size": "120g"
  },
  {
    "Brand_Product_Size": "Tempo Shredded Cheddar Cheese 250g",
    "COL Price": 6.6,
    "COL ppu": "$26.40 per 1Kg",
    "COL Size": "250g"
  },
  {
    "Brand_Product_Size": "Coles Deli Express Hommus Dip 150g",
    "COL Price": 3.5,
    "COL ppu": "$2.33 per 100G",
    "COL Size": "150g"
  },
  {
    "Brand_Product_Size": "Nivea Aloe Vera Moisture Fresh Shower Gel & Body Wash 1L",
    "COL Price": 13.7,
    "COL ppu": "$1.37 per 100mL",
    "COL Size": "1L"
  },
  {
    "Brand_Product_Size": "Go Natural Macadamia Dream Bar 45g",
    "COL Price": 2.5,
    "COL ppu": "$5.56 per 100G",
    "COL Size": "45g"
  },
  {
    "Brand_Product_Size": "McKenzie's Barley Pearl 500g",
    "COL Price": 1.7,
    "COL ppu": "$0.34 per 100G",
    "COL Size": "500g"
  },
  {
    "Brand_Product_Size": "Jelly B Drinkable Konjac Jelly Mango Flavour 150mL",
    "COL Price": 2.7,
    "COL ppu": "$1.80 per 100mL",
    "COL Size": "150mL"
  },
  {
    "Brand_Product_Size": "Bulla Ice Cream Sticks Mango & Coconut 6 pack 450mL",
    "COL Price": 7,
    "COL ppu": "$1.56 per 100mL",
    "COL Size": "450mL"
  },
  {
    "Brand_Product_Size": "Green's Traditional Zesty Orange Cake Mix 470g",
    "COL Price": 2.75,
    "COL ppu": "$0.59 per 100G",
    "COL Size": "470g"
  },
  {
    "Brand_Product_Size": "Bonds Womens Sport Tech No Show 8+ 2 pack",
    "COL Price": 15,
    "COL ppu": "",
    "COL Size": "2 pack"
  },
  {
    "Brand_Product_Size": "Robert Timms Gold Colombia Coffee Bags Strong 28 Pack 160g",
    "COL Price": 9.65,
    "COL ppu": "$6.03 per 100G",
    "COL Size": "160g"
  },
  {
    "Brand_Product_Size": "Finish Max In 1 Lemon Gel 650mL",
    "COL Price": 10,
    "COL ppu": "$1.54 per 100mL",
    "COL Size": "650mL"
  },
  {
    "Brand_Product_Size": "Fussy Cat Cat Food Pouch Pate Pieces 12x80g 12 pack",
    "COL Price": 12.5,
    "COL ppu": "$1.30 per 100G",
    "COL Size": "12 pack"
  },
  {
    "Brand_Product_Size": "Coles Apple & Mango Juice 2L",
    "COL Price": 2,
    "COL ppu": "$1.00 per 1L",
    "COL Size": "2L"
  },
  {
    "Brand_Product_Size": "Heinz Big Eat All Day Breakfast 410g",
    "COL Price": 2.5,
    "COL ppu": "$0.61 per 100G",
    "COL Size": "410g"
  },
  {
    "Brand_Product_Size": "Sun Valley Fruit Salad True Fruit Bars 120g",
    "COL Price": 4.5,
    "COL ppu": "$3.75 per 100G",
    "COL Size": "120g"
  },
  {
    "Brand_Product_Size": "Birds Eye Herbs Garlic 75g",
    "COL Price": 4,
    "COL ppu": "$53.34 per 1Kg",
    "COL Size": "75g"
  },
  {
    "Brand_Product_Size": "Pantene Aqualight Conditioner 900mL",
    "COL Price": 17,
    "COL ppu": "$1.89 per 100mL",
    "COL Size": "900mL"
  },
  {
    "Brand_Product_Size": "Maggie Beer Duck & Orange Pate 120g",
    "COL Price": 6,
    "COL ppu": "$5.00 per 100G",
    "COL Size": "120g"
  },
  {
    "Brand_Product_Size": "Coles I'M Free From Choc Chip Cookies 160g",
    "COL Price": 2.7,
    "COL ppu": "$1.69 per 100G",
    "COL Size": "160g"
  },
  {
    "Brand_Product_Size": "Coles Free Range Pork Leg Roast Boneless approx. 1.8kg each",
    "COL Price": 23.4,
    "COL ppu": "$13.00 per 1Kg",
    "COL Size": "approx. 1.8kg each"
  },
  {
    "Brand_Product_Size": "Vitapet Jerhigh Milky Sticks With Real Chicken Dog Treats 400g",
    "COL Price": 16.5,
    "COL ppu": "$4.13 per 100G",
    "COL Size": "400g"
  },
  {
    "Brand_Product_Size": "Coles Thawed Seafood MSC XL Raw King Prawns approx. 250g",
    "COL Price": 6.5,
    "COL ppu": "$26.00 per 1Kg",
    "COL Size": "approx. 250g"
  },
  {
    "Brand_Product_Size": "Total Care Flea Knockdown for Medium & Large Dogs 3 pack",
    "COL Price": 12.8,
    "COL ppu": "$4.27 per 1Ea",
    "COL Size": "3 pack"
  },
  {
    "Brand_Product_Size": "Golden Circle Canned Pineapple Slices In Syrup 450g",
    "COL Price": 3.75,
    "COL ppu": "$8.33 per 1Kg",
    "COL Size": "450g"
  },
  {
    "Brand_Product_Size": "Banana Boat Kids Roll On Sunscreen SPF 50+ 75mL",
    "COL Price": 11,
    "COL ppu": "$14.67 per 100mL",
    "COL Size": "75mL"
  },
  {
    "Brand_Product_Size": "Connoisseur Murray River Salted Caramel With Macadamia Gourmet Ice Cream Sticks 4 pack 455mL",
    "COL Price": 8.6,
    "COL ppu": "$1.89 per 100mL",
    "COL Size": "455mL"
  },
  {
    "Brand_Product_Size": "Melrose Almond Naturals Gluten Free Spread 250g",
    "COL Price": 8.95,
    "COL ppu": "$3.58 per 100G",
    "COL Size": "250g"
  },
  {
    "Brand_Product_Size": "Tresemme Deep Cleansing Conditioner 900mL",
    "COL Price": 7,
    "COL ppu": "$0.78 per 100mL",
    "COL Size": "900mL"
  },
  {
    "Brand_Product_Size": "Schweppes Traditional Raspberry 600mL",
    "COL Price": 3,
    "COL ppu": "$5.00 per 1L",
    "COL Size": "600mL"
  },
  {
    "Brand_Product_Size": "Minor Figures Latte Coffee & Oat Milk 1L",
    "COL Price": 5.8,
    "COL ppu": "$5.80 per 1L",
    "COL Size": "1L"
  },
  {
    "Brand_Product_Size": "Passage To Asia Hoisin & Garlic Stir Fry Sauce 200g",
    "COL Price": 3,
    "COL ppu": "$1.50 per 100G",
    "COL Size": "200g"
  },
  {
    "Brand_Product_Size": "Seeds Of Change Brown Rice Pilau With Turmeric Pouch 240g",
    "COL Price": 3.5,
    "COL ppu": "$1.46 per 100G",
    "COL Size": "240g"
  },
  {
    "Brand_Product_Size": "Pears Transparent Soap 3 pack",
    "COL Price": 6,
    "COL ppu": "$2.00 per 1Ea",
    "COL Size": "3 pack"
  },
  {
    "Brand_Product_Size": "Tip Top Sunblest Wholemeal Sandwich Bread 650g",
    "COL Price": 3,
    "COL ppu": "$0.46 per 100G",
    "COL Size": "650g"
  },
  {
    "Brand_Product_Size": "Celebrate Health Chicken Style Vegan Stock 500mL",
    "COL Price": 8,
    "COL ppu": "$1.60 per 100mL",
    "COL Size": "500mL"
  },
  {
    "Brand_Product_Size": "Osem Chocolate Flavour Instant Pudding 95g",
    "COL Price": 2.5,
    "COL ppu": "$2.63 per 100G",
    "COL Size": "95g"
  },
  {
    "Brand_Product_Size": "Dairylea Cheddar Cheese Slices 12 Pack 250g",
    "COL Price": 3.5,
    "COL ppu": "$14.00 per 1Kg",
    "COL Size": "250g"
  },
  {
    "Brand_Product_Size": "Dairy Farmers Buttermilk 600mL",
    "COL Price": 2.75,
    "COL ppu": "$4.58 per 1L",
    "COL Size": "600mL"
  },
  {
    "Brand_Product_Size": "Burgen Traditional Rye Bread 700g",
    "COL Price": 5,
    "COL ppu": "$0.71 per 100G",
    "COL Size": "700g"
  },
  {
    "Brand_Product_Size": "Oak Nestle Peppermint Crisp Flavoured Milk 600mL",
    "COL Price": 3.1,
    "COL ppu": "$5.17 per 1L",
    "COL Size": "600mL"
  },
  {
    "Brand_Product_Size": "Holbrooks Worcestershire Sauce 250mL",
    "COL Price": 3.3,
    "COL ppu": "$1.32 per 100mL",
    "COL Size": "250mL"
  },
  {
    "Brand_Product_Size": "Dose & Co. Collagen Creamer Vanilla 340g",
    "COL Price": 28,
    "COL ppu": "$8.24 per 100G",
    "COL Size": "340g"
  },
  {
    "Brand_Product_Size": "Paradise Cottage Chocolate Chip Cookies 250g",
    "COL Price": 2,
    "COL ppu": "$0.80 per 100G",
    "COL Size": "250g"
  },
  {
    "Brand_Product_Size": "Fever-Tree Premium Light Indian Tonic Water 500mL",
    "COL Price": 4,
    "COL ppu": "$8.00 per 1L",
    "COL Size": "500mL"
  },
  {
    "Brand_Product_Size": "Coles Superfood Leaf Blend 150g",
    "COL Price": 3,
    "COL ppu": "$20.00 per 1Kg",
    "COL Size": "150g"
  },
  {
    "Brand_Product_Size": "Green's Gravy Granules for Roast Meat 120g",
    "COL Price": 3.8,
    "COL ppu": "$0.32 per 10G",
    "COL Size": "120g"
  },
  {
    "Brand_Product_Size": "Lindt Lindor 70% Cocoa Dark Chocolate Balls 123g",
    "COL Price": 6,
    "COL ppu": "$4.88 per 100G",
    "COL Size": "123g"
  },
  {
    "Brand_Product_Size": "Kedem Chocolate Tea Biscuit 108g",
    "COL Price": 1.45,
    "COL ppu": "$1.34 per 100G",
    "COL Size": "108g"
  },
  {
    "Brand_Product_Size": "Palmolive Cherry Blossom Foaming Hand Wash 250mL",
    "COL Price": 2.8,
    "COL ppu": "$1.12 per 100mL",
    "COL Size": "250mL"
  },
  {
    "Brand_Product_Size": "Darrell Lea Mega Minty Milk Chocolate Balls 185g",
    "COL Price": 4.4,
    "COL ppu": "$2.38 per 100G",
    "COL Size": "185g"
  },
  {
    "Brand_Product_Size": "Trill Honey Sticks for Budgies & Cockatiels Bird Treat 105g",
    "COL Price": 4,
    "COL ppu": "$3.81 per 100G",
    "COL Size": "105g"
  },
  {
    "Brand_Product_Size": "Coles Fruit & Nut Mix 400g",
    "COL Price": 5,
    "COL ppu": "$12.50 per 1Kg",
    "COL Size": "400g"
  },
  {
    "Brand_Product_Size": "Vegie Delights Nut Meat 415g",
    "COL Price": 4.2,
    "COL ppu": "$1.01 per 100G",
    "COL Size": "415g"
  },
  {
    "Brand_Product_Size": "Fyna Liquorice Wheel 2M 240g",
    "COL Price": 2.5,
    "COL ppu": "$1.04 per 100G",
    "COL Size": "240g"
  },
  {
    "Brand_Product_Size": "Yeo's Sesame Oil 150mL",
    "COL Price": 3.15,
    "COL ppu": "$2.10 per 100mL",
    "COL Size": "150mL"
  },
  {
    "Brand_Product_Size": "Happy Snack Company Chickpeas Lightly Salted 150g",
    "COL Price": 4.2,
    "COL ppu": "$2.80 per 100G",
    "COL Size": "150g"
  },
  {
    "Brand_Product_Size": "St. Tropez Everyday Gradual Tan Face Light/Medium 200mL",
    "COL Price": 34,
    "COL ppu": "$17.00 per 100mL",
    "COL Size": "200mL"
  },
  {
    "Brand_Product_Size": "Chobani Rocky Road Rumble Fit X Yogurt 140g",
    "COL Price": 3.5,
    "COL ppu": "$2.50 per 100G",
    "COL Size": "140g"
  },
  {
    "Brand_Product_Size": "Boss Iced Latte Coffee 237mL",
    "COL Price": 3.65,
    "COL ppu": "$15.40 per 1L",
    "COL Size": "237mL"
  },
  {
    "Brand_Product_Size": "Coles Deli RSPCA Approved Pork and Red Wine Pate 120g",
    "COL Price": 5,
    "COL ppu": "$4.17 per 100G",
    "COL Size": "120g"
  },
  {
    "Brand_Product_Size": "My Dog Gourmet Beef Loaf Classics Wet Dog Food Can 400g",
    "COL Price": 2.2,
    "COL ppu": "$0.55 per 100G",
    "COL Size": "400g"
  },
  {
    "Brand_Product_Size": "Poise Overnight Pads 8 pack",
    "COL Price": 5.9,
    "COL ppu": "$0.74 per 1Ea",
    "COL Size": "8 pack"
  },
  {
    "Brand_Product_Size": "San Remo Ready Pasta Penne 250g",
    "COL Price": 2,
    "COL ppu": "$0.80 per 100G",
    "COL Size": "250g"
  },
  {
    "Brand_Product_Size": "KB Frozen Vegetable Gyoza 750g",
    "COL Price": 13.6,
    "COL ppu": "$1.81 per 100G",
    "COL Size": "750g"
  },
  {
    "Brand_Product_Size": "John West Skinless Boneless Salmon in Olive Oil Blend 130g",
    "COL Price": 3.3,
    "COL ppu": "$25.38 per 1Kg",
    "COL Size": "130g"
  },
  {
    "Brand_Product_Size": "Coles Chocolate Topping 615g",
    "COL Price": 2.65,
    "COL ppu": "$0.43 per 100G",
    "COL Size": "615g"
  },
  {
    "Brand_Product_Size": "Eurocake Cookie Rainbow 234g",
    "COL Price": 5.2,
    "COL ppu": "$2.22 per 100G",
    "COL Size": "234g"
  },
  {
    "Brand_Product_Size": "La Ice No Sugar Cola Soft Drink 2L",
    "COL Price": 1.6,
    "COL ppu": "$0.80 per 1L",
    "COL Size": "2L"
  },
  {
    "Brand_Product_Size": "John Frieda Sheer Blonde Colour Renew Go Blonder Shampoo 250mL",
    "COL Price": 18,
    "COL ppu": "$7.20 per 100mL",
    "COL Size": "250mL"
  },
  {
    "Brand_Product_Size": "Coles Sliced Cup Mushrooms Prepacked 375g",
    "COL Price": 5.5,
    "COL ppu": "$14.67 per 1Kg",
    "COL Size": "375g"
  },
  {
    "Brand_Product_Size": "Coles Kitchen Roasting Vegetables With Garlic And Rosemary 500g",
    "COL Price": 4.5,
    "COL ppu": "$0.90 per 100G",
    "COL Size": "500g"
  },
  {
    "Brand_Product_Size": "Green's Vanilla Mud Cake 600g",
    "COL Price": 3.2,
    "COL ppu": "$0.53 per 100G",
    "COL Size": "600g"
  },
  {
    "Brand_Product_Size": "Coles Ponytailer Knotted Hair Ties 5 pack",
    "COL Price": 4.5,
    "COL ppu": "$0.90 per 1Ea",
    "COL Size": "5 pack"
  },
  {
    "Brand_Product_Size": "Coles Goat's Cheese 110g",
    "COL Price": 4,
    "COL ppu": "$3.64 per 100G",
    "COL Size": "110g"
  },
  {
    "Brand_Product_Size": "Saxa Black Whole Peppercorns 190g",
    "COL Price": 6,
    "COL ppu": "$0.32 per 10G",
    "COL Size": "190g"
  },
  {
    "Brand_Product_Size": "NUK First Choice+ 6-18 Months Feeding Bottle 300mL each",
    "COL Price": 16,
    "COL ppu": "$16.00 per 1Ea",
    "COL Size": "each"
  },
  {
    "Brand_Product_Size": "Coles Pink Lady Apples Prepacked 1kg",
    "COL Price": 4.9,
    "COL ppu": "$4.90 per 1Kg",
    "COL Size": "1kg"
  },
  {
    "Brand_Product_Size": "MasterFoods Slow Cooker Mild Chicken Curry Recipe Base 175g",
    "COL Price": 2.2,
    "COL ppu": "$1.26 per 100G",
    "COL Size": "175g"
  },
  {
    "Brand_Product_Size": "Coles Traditional Bocconcini 210g",
    "COL Price": 4,
    "COL ppu": "$19.05 per 1Kg",
    "COL Size": "210g"
  },
  {
    "Brand_Product_Size": "Panadol Rapid Caplets for Pain Relief Paracetamol 500mg 10 pack",
    "COL Price": 3.3,
    "COL ppu": "$0.33 per 1Ea",
    "COL Size": "10 pack"
  },
  {
    "Brand_Product_Size": "Coles Camembert Wedges 176g",
    "COL Price": 5,
    "COL ppu": "$2.84 per 100G",
    "COL Size": "176g"
  },
  {
    "Brand_Product_Size": "Espressotoria Vittoria Coffee Capsules Coffee Organic 12 pack",
    "COL Price": 8.4,
    "COL ppu": "$0.70 per 1Ea",
    "COL Size": "12 pack"
  },
  {
    "Brand_Product_Size": "Coles Bakery Marks Chocolate Ripple Cake 9 Inch each",
    "COL Price": 40,
    "COL ppu": "$40.00 per 1Ea",
    "COL Size": "each"
  },
  {
    "Brand_Product_Size": "Ecover 28 Washes Laundry Liquid 1L",
    "COL Price": 12,
    "COL ppu": "$12.00 per 1L",
    "COL Size": "1L"
  },
  {
    "Brand_Product_Size": "Three Threes Sweet Mustard Pickles 250g",
    "COL Price": 1.8,
    "COL ppu": "$0.72 per 100G",
    "COL Size": "250g"
  },
  {
    "Brand_Product_Size": "McCain Frozen Pub Style Potato Wedges 750g",
    "COL Price": 4.5,
    "COL ppu": "$6.00 per 1Kg",
    "COL Size": "750g"
  },
  {
    "Brand_Product_Size": "Peckish Gluten Free Fancies Vine Tomatoes & Basil Rice Crackers 90g",
    "COL Price": 1.4,
    "COL ppu": "$1.56 per 100G",
    "COL Size": "90g"
  },
  {
    "Brand_Product_Size": "Coles Brown Onions Prepacked 1kg",
    "COL Price": 2.5,
    "COL ppu": "$2.50 per 1Kg",
    "COL Size": "1kg"
  },
  {
    "Brand_Product_Size": "Yumis Vegie Delights Cauliflower Potato Bites 225g",
    "COL Price": 5.5,
    "COL ppu": "$2.44 per 100G",
    "COL Size": "225g"
  },
  {
    "Brand_Product_Size": "Vileda Super Mop Wringer Bucket each",
    "COL Price": 19,
    "COL ppu": "$19.00 per 1Ea",
    "COL Size": "each"
  },
  {
    "Brand_Product_Size": "Coles Finest Italian Grissini With Black Olive 200g",
    "COL Price": 8,
    "COL ppu": "$4.00 per 100G",
    "COL Size": "200g"
  },
  {
    "Brand_Product_Size": "Cook & Dine Meat Thermometer each",
    "COL Price": 6,
    "COL ppu": "$6.00 per 1Ea",
    "COL Size": "each"
  },
  {
    "Brand_Product_Size": "Schweppes Traditional Raspberry Flavour Multipack Cans 375mL 10 pack",
    "COL Price": 7.5,
    "COL ppu": "$2.00 per 1L",
    "COL Size": "10 pack"
  },
  {
    "Brand_Product_Size": "Band-Aid Waterproof Tough Strips 20 pack",
    "COL Price": 4,
    "COL ppu": "$0.20 per 1Ea",
    "COL Size": "20 pack"
  },
  {
    "Brand_Product_Size": "Ajax Spray N Wipe Divine Blends Vanilla & Berries 475mL",
    "COL Price": 3,
    "COL ppu": "$0.63 per 100mL",
    "COL Size": "475mL"
  },
  {
    "Brand_Product_Size": "Cook & Dine Glazed Dinner Plate each",
    "COL Price": 5,
    "COL ppu": "$5.00 per 1Ea",
    "COL Size": "each"
  },
  {
    "Brand_Product_Size": "Tip Top 9 Grain Wholemeal Bread 750g",
    "COL Price": 3.4,
    "COL ppu": "$0.45 per 100G",
    "COL Size": "750g"
  },
  {
    "Brand_Product_Size": "Coles BBQ Trays 4 pack",
    "COL Price": 4,
    "COL ppu": "$1.00 per 1Ea",
    "COL Size": "4 pack"
  },
  {
    "Brand_Product_Size": "Coles Baby Carrots 410g",
    "COL Price": 1.5,
    "COL ppu": "$3.66 per 1Kg",
    "COL Size": "410g"
  },
  {
    "Brand_Product_Size": "Coles No Added Sugar Dark Chocolate 100g",
    "COL Price": 4,
    "COL ppu": "$4.00 per 100G",
    "COL Size": "100g"
  },
  {
    "Brand_Product_Size": "Swisse Ultiboost Lemon & Honey Magnesium + Sleep Powder 180g",
    "COL Price": 20,
    "COL ppu": "$11.11 per 100G",
    "COL Size": "180g"
  },
  {
    "Brand_Product_Size": "Coles Flat Mushrooms loose approx. 350g",
    "COL Price": 4.2,
    "COL ppu": "$12.00 per 1Kg",
    "COL Size": "approx. 350g"
  },
  {
    "Brand_Product_Size": "Stone Baked Pizza Bases Twin pack 560g",
    "COL Price": 4.2,
    "COL ppu": "$0.75 per 100G",
    "COL Size": "560g"
  },
  {
    "Brand_Product_Size": "Gillette Skin Guard Sensitive Power Handle Razor 1 pack",
    "COL Price": 18,
    "COL ppu": "$18.00 per 1Ea",
    "COL Size": "1 pack"
  },
  {
    "Brand_Product_Size": "Colgate Optic White Toothpaste 85g",
    "COL Price": 8,
    "COL ppu": "$9.41 per 100G",
    "COL Size": "85g"
  },
  {
    "Brand_Product_Size": "Primo Red Gum Honey Leg Ham approx. 125g",
    "COL Price": 3.375,
    "COL ppu": "$27.00 per 1Kg",
    "COL Size": "approx. 125g"
  },
  {
    "Brand_Product_Size": "MasterFoods Butter Chicken Recipe Base 175g",
    "COL Price": 2.2,
    "COL ppu": "$1.26 per 100G",
    "COL Size": "175g"
  },
  {
    "Brand_Product_Size": "Nature's Gift Gourmet Loaf Succulent Lamb Dog Food 9 pack",
    "COL Price": 8.5,
    "COL ppu": "$0.94 per 100G",
    "COL Size": "9 pack"
  },
  {
    "Brand_Product_Size": "Nature's Own Double Strength Cold Sore Relief Tablets 50 pack",
    "COL Price": 12,
    "COL ppu": "$0.24 per 1Ea",
    "COL Size": "50 pack"
  },
  {
    "Brand_Product_Size": "Coles Kitchen Chicken & Corn Soup 300g",
    "COL Price": 3,
    "COL ppu": "$1.00 per 100G",
    "COL Size": "300g"
  },
  {
    "Brand_Product_Size": "Dairy Farmers Classic Vanilla Malt Milk 500mL",
    "COL Price": 3,
    "COL ppu": "$6.00 per 1L",
    "COL Size": "500mL"
  },
  {
    "Brand_Product_Size": "Coles Tropical Fruit Drink Multipack 250mL 6 pack",
    "COL Price": 2.65,
    "COL ppu": "$1.77 per 1L",
    "COL Size": "6 pack"
  },
  {
    "Brand_Product_Size": "Nature's Way Beauty Collagen Tablets 60 pack",
    "COL Price": 30,
    "COL ppu": "$0.50 per 1Ea",
    "COL Size": "60 pack"
  },
  {
    "Brand_Product_Size": "Bonne Maman Fig Jam 370g",
    "COL Price": 5.2,
    "COL ppu": "$1.41 per 100G",
    "COL Size": "370g"
  },
  {
    "Brand_Product_Size": "Babylove Unisex Cosifit Toddler Nappy 9-14 Kg Size 4 34 pack",
    "COL Price": 14,
    "COL ppu": "$0.41 per 1Ea",
    "COL Size": "34 pack"
  },
  {
    "Brand_Product_Size": "Moccona Ristretto 12 Espresso Coffee Capsules 10 pack 52g",
    "COL Price": 6,
    "COL ppu": "$11.54 per 100G",
    "COL Size": "52g"
  },
  {
    "Brand_Product_Size": "South Cape Gluten Free Brie Cheese approx. 100g",
    "COL Price": 5,
    "COL ppu": "$50.00 per 1Kg",
    "COL Size": "approx. 100g"
  },
  {
    "Brand_Product_Size": "Coles Frozen Green Mixed Vegetables 1kg",
    "COL Price": 4.3,
    "COL ppu": "$4.30 per 1Kg",
    "COL Size": "1kg"
  },
  {
    "Brand_Product_Size": "Starbucks Italian Roast Capsules 10 pack",
    "COL Price": 6.9,
    "COL ppu": "$0.69 per 1Ea",
    "COL Size": "10 pack"
  },
  {
    "Brand_Product_Size": "Oreo Triple Chocolate Coated Biscuit 2 Pack 204g",
    "COL Price": 3.8,
    "COL ppu": "$1.86 per 100G",
    "COL Size": "204g"
  },
  {
    "Brand_Product_Size": "Swisse Kids Gummies Immune Health 60 pack",
    "COL Price": 9.5,
    "COL ppu": "$0.16 per 1Ea",
    "COL Size": "60 pack"
  },
  {
    "Brand_Product_Size": "Remedy Kombucha Ginger 1.25L",
    "COL Price": 6,
    "COL ppu": "$4.80 per 1L",
    "COL Size": "1.25L"
  },
  {
    "Brand_Product_Size": "Coles Sea Salt Grinder 103g",
    "COL Price": 2.95,
    "COL ppu": "$0.29 per 10G",
    "COL Size": "103g"
  },
  {
    "Brand_Product_Size": "Liddells Shredded Parmesan 125g",
    "COL Price": 3.5,
    "COL ppu": "$28.00 per 1Kg",
    "COL Size": "125g"
  },
  {
    "Brand_Product_Size": "Off The Eaten Path Spring Onion Flavoured Pea & Pinto Bean Sticks 100g",
    "COL Price": 4,
    "COL ppu": "$4.00 per 100G",
    "COL Size": "100g"
  },
  {
    "Brand_Product_Size": "Bundaberg Traditional Lemonade Multipack Bottles 375mL 4 pack",
    "COL Price": 6.35,
    "COL ppu": "$4.23 per 1L",
    "COL Size": "4 pack"
  },
  {
    "Brand_Product_Size": "Smith's Twisties Cheese Party Bag 270g",
    "COL Price": 3,
    "COL ppu": "$1.11 per 100G",
    "COL Size": "270g"
  },
  {
    "Brand_Product_Size": "Twinings English Breakfast Extra Strong Tea Bags 80 pack 200g",
    "COL Price": 5.6,
    "COL ppu": "$0.07 per 1Ea",
    "COL Size": "200g"
  },
  {
    "Brand_Product_Size": "Birds Eye Frozen Steamfresh Potato Mash With Butter 400g",
    "COL Price": 4.2,
    "COL ppu": "$10.50 per 1Kg",
    "COL Size": "400g"
  },
  {
    "Brand_Product_Size": "Ice Break Iced Coffee Flavoured Milk 750mL",
    "COL Price": 4.15,
    "COL ppu": "$5.53 per 1L",
    "COL Size": "750mL"
  },
  {
    "Brand_Product_Size": "Lavazza Espresso Barista Intenso Beans 1kg",
    "COL Price": 22,
    "COL ppu": "$2.20 per 100G",
    "COL Size": "1kg"
  },
  {
    "Brand_Product_Size": "Wag Beef Trachea Chips Dog Treat 100g",
    "COL Price": 7.5,
    "COL ppu": "$7.50 per 100G",
    "COL Size": "100g"
  },
  {
    "Brand_Product_Size": "Coles Salmon Skin On Portions 2 Pack 280g",
    "COL Price": 11,
    "COL ppu": "$3.93 per 100G",
    "COL Size": "280g"
  },
  {
    "Brand_Product_Size": "Mersey Valley Classic Cheddar Cheese 180g",
    "COL Price": 4.7,
    "COL ppu": "$26.11 per 1Kg",
    "COL Size": "180g"
  },
  {
    "Brand_Product_Size": "Rafferty's Garden Banana Snack Bars 12+ Months 128g",
    "COL Price": 3.5,
    "COL ppu": "$2.73 per 100G",
    "COL Size": "128g"
  },
  {
    "Brand_Product_Size": "Coles Double Sided Palm Cards 100 pack",
    "COL Price": 5,
    "COL ppu": "$0.05 per 1Ea",
    "COL Size": "100 pack"
  },
  {
    "Brand_Product_Size": "Coles Kitchen Cauliflower Rice 300g",
    "COL Price": 3,
    "COL ppu": "$1.00 per 100G",
    "COL Size": "300g"
  },
  {
    "Brand_Product_Size": "Coles Classic Cappuccino Coffee Sachets 10 Pack 132g",
    "COL Price": 3.25,
    "COL ppu": "$2.46 per 100G",
    "COL Size": "132g"
  },
  {
    "Brand_Product_Size": "BSC Muscle Protein Shake Double Rich Chocolate Flavour 450mL",
    "COL Price": 4.65,
    "COL ppu": "$1.03 per 100mL",
    "COL Size": "450mL"
  },
  {
    "Brand_Product_Size": "Kikkoman Soy Sauce 150mL",
    "COL Price": 4.2,
    "COL ppu": "$2.80 per 100mL",
    "COL Size": "150mL"
  },
  {
    "Brand_Product_Size": "McCain Man Size Curried Sausages 480g",
    "COL Price": 6,
    "COL ppu": "$1.25 per 100G",
    "COL Size": "480g"
  },
  {
    "Brand_Product_Size": "Bonne Maman Apricot Jam 370g",
    "COL Price": 5.2,
    "COL ppu": "$1.41 per 100G",
    "COL Size": "370g"
  },
  {
    "Brand_Product_Size": "Coles Kitchen Garlic Baguette Twin Pack 450g",
    "COL Price": 2.8,
    "COL ppu": "$0.62 per 100G",
    "COL Size": "450g"
  },
  {
    "Brand_Product_Size": "Coles Sliced Mushrooms in Butter Sauce 410g",
    "COL Price": 2.8,
    "COL ppu": "$6.83 per 1Kg",
    "COL Size": "410g"
  },
  {
    "Brand_Product_Size": "Coles Cheese Slices 84 pack 1kg",
    "COL Price": 10,
    "COL ppu": "$10.00 per 1Kg",
    "COL Size": "1kg"
  },
  {
    "Brand_Product_Size": "Chobani Greek Yogurt Strawberry 907g",
    "COL Price": 5.5,
    "COL ppu": "$0.61 per 100G",
    "COL Size": "907g"
  },
  {
    "Brand_Product_Size": "Naturopathica Vegan Glucosamine 60 pack",
    "COL Price": 12.5,
    "COL ppu": "$20.83 per 100Ea",
    "COL Size": "60 pack"
  },
  {
    "Brand_Product_Size": "Allure By Tempo Blueberry Yoghurt 200g",
    "COL Price": 2.85,
    "COL ppu": "$1.43 per 100G",
    "COL Size": "200g"
  },
  {
    "Brand_Product_Size": "Coles I'M Free From Cookies & Cream Biscuits 120g",
    "COL Price": 3.5,
    "COL ppu": "$2.92 per 100G",
    "COL Size": "120g"
  },
  {
    "Brand_Product_Size": "Home Chef Roast Pork Belly With Granny Smith Apple Sauce 500g",
    "COL Price": 19.5,
    "COL ppu": "$3.90 per 100G",
    "COL Size": "500g"
  },
  {
    "Brand_Product_Size": "Rexona Men Antiperspirant Sport Fresh 250mL",
    "COL Price": 5,
    "COL ppu": "$2.00 per 100mL",
    "COL Size": "250mL"
  },
  {
    "Brand_Product_Size": "Bertocchi Authentic Boneless Leg Ham approx. 700g",
    "COL Price": 14,
    "COL ppu": "$20.00 per 1Kg",
    "COL Size": "approx. 700g"
  },
  {
    "Brand_Product_Size": "Billie Stainless Steel Bottle Special each",
    "COL Price": 5,
    "COL ppu": "$5.00 per 1Ea",
    "COL Size": "each"
  },
  {
    "Brand_Product_Size": "Coles Sliced Cup Mushrooms Prepacked 200g",
    "COL Price": 4,
    "COL ppu": "$20.00 per 1Kg",
    "COL Size": "200g"
  },
  {
    "Brand_Product_Size": "Cook & Dine Stainless Steel Juicer each",
    "COL Price": 9,
    "COL ppu": "$9.00 per 1Ea",
    "COL Size": "each"
  },
  {
    "Brand_Product_Size": "Scunci No Damage Elastics Value Pack 60 pack",
    "COL Price": 10,
    "COL ppu": "$0.17 per 1Ea",
    "COL Size": "60 pack"
  },
  {
    "Brand_Product_Size": "Coles Urban Coffee Culture Organic Ground Coffee 250g",
    "COL Price": 5,
    "COL ppu": "$2.00 per 100G",
    "COL Size": "250g"
  },
  {
    "Brand_Product_Size": "Birds Eye Frozen Fish Fingers 15 Pieces 375g",
    "COL Price": 4,
    "COL ppu": "$10.67 per 1Kg",
    "COL Size": "375g"
  },
  {
    "Brand_Product_Size": "Coles Finest Artisan Beetroot Crispbread 130g",
    "COL Price": 3,
    "COL ppu": "$2.31 per 100G",
    "COL Size": "130g"
  },
  {
    "Brand_Product_Size": "Nivea Q10 Plus Night Cream Anti Wrinkle 50mL",
    "COL Price": 22,
    "COL ppu": "$44.00 per 100mL",
    "COL Size": "50mL"
  },
  {
    "Brand_Product_Size": "Heinz Baked Beans In a Deliciously Rich Tomato Sauce 3 Pack 555g",
    "COL Price": 5,
    "COL ppu": "$0.30 per 100G",
    "COL Size": "555g"
  },
  {
    "Brand_Product_Size": "Huggies Ultra Dry Nappy Pants Girls 12-17 Kg Size 5 26 pack",
    "COL Price": 17,
    "COL ppu": "$0.65 per 1Ea",
    "COL Size": "26 pack"
  },
  {
    "Brand_Product_Size": "Supreme Wonton Wrappers 250g",
    "COL Price": 3.25,
    "COL ppu": "$1.30 per 100G",
    "COL Size": "250g"
  },
  {
    "Brand_Product_Size": "Annabel Karmel Meals Mac Cheese 200g",
    "COL Price": 4,
    "COL ppu": "$2.00 per 100G",
    "COL Size": "200g"
  },
  {
    "Brand_Product_Size": "Babylove Unisex Cosifit Newborn Nappy Upto 5Kg Size 1 48 pack",
    "COL Price": 14,
    "COL ppu": "$0.29 per 1Ea",
    "COL Size": "48 pack"
  },
  {
    "Brand_Product_Size": "Bic Soleil Simply Lady Shaver 3 pack",
    "COL Price": 3.55,
    "COL ppu": "$1.18 per 1Ea",
    "COL Size": "3 pack"
  },
  {
    "Brand_Product_Size": "Lewis And Sons Natural Aussie Sausages 450g",
    "COL Price": 8,
    "COL ppu": "$17.78 per 1Kg",
    "COL Size": "450g"
  },
  {
    "Brand_Product_Size": "McCormick Grill Mates Hickory Smoke & Roasted Onion Dry Marinade 40g",
    "COL Price": 2,
    "COL ppu": "$0.50 per 10G",
    "COL Size": "40g"
  },
  {
    "Brand_Product_Size": "Keep It Cleaner Bliss Balls Peanut Butter 40g",
    "COL Price": 2.5,
    "COL ppu": "$6.25 per 100G",
    "COL Size": "40g"
  },
  {
    "Brand_Product_Size": "Cadbury King Size Chocolate Bar Twirl 58g",
    "COL Price": 2.5,
    "COL ppu": "$4.31 per 100G",
    "COL Size": "58g"
  },
  {
    "Brand_Product_Size": "Cook & Dine 12 Cup Muffin Tin each",
    "COL Price": 5,
    "COL ppu": "$5.00 per 1Ea",
    "COL Size": "each"
  },
  {
    "Brand_Product_Size": "Coles Fresh Seafood Salmon Head approx. 300g",
    "COL Price": 1.2,
    "COL ppu": "$4.00 per 1Kg",
    "COL Size": "approx. 300g"
  },
  {
    "Brand_Product_Size": "On The Menu Frozen Chicken Roll Roast 179g",
    "COL Price": 4.4,
    "COL ppu": "$2.46 per 100G",
    "COL Size": "179g"
  },
  {
    "Brand_Product_Size": "Coles Dry Ginger Ale 1.25L",
    "COL Price": 1,
    "COL ppu": "$0.80 per 1L",
    "COL Size": "1.25L"
  },
  {
    "Brand_Product_Size": "Coles Asia Light Soy Sauce 1.9L",
    "COL Price": 6,
    "COL ppu": "$3.16 per 1L",
    "COL Size": "1.9L"
  },
  {
    "Brand_Product_Size": "Home Chef Grass Fed Beef Cheeks With Red Wine Jus 500g",
    "COL Price": 19.5,
    "COL ppu": "$3.90 per 100G",
    "COL Size": "500g"
  },
  {
    "Brand_Product_Size": "Coles Blue Raspberry Sports Drink 750mL",
    "COL Price": 1.85,
    "COL ppu": "$2.47 per 1L",
    "COL Size": "750mL"
  },
  {
    "Brand_Product_Size": "Capilano Pure Honey Squeeze 340g",
    "COL Price": 6.6,
    "COL ppu": "$1.94 per 100G",
    "COL Size": "340g"
  },
  {
    "Brand_Product_Size": "Keep It Cleaner Chickpea Penne Pasta 250g",
    "COL Price": 4,
    "COL ppu": "$1.60 per 100G",
    "COL Size": "250g"
  },
  {
    "Brand_Product_Size": "Karicare+ Goat Stage 3 Toddler Milk 900g",
    "COL Price": 40,
    "COL ppu": "$4.44 per 100G",
    "COL Size": "900g"
  },
  {
    "Brand_Product_Size": "Coles Kitchen Quiche Lorraine 2 pack 400g",
    "COL Price": 8.5,
    "COL ppu": "$2.13 per 100G",
    "COL Size": "400g"
  },
  {
    "Brand_Product_Size": "Coles Belgian Dark Chocolate Block 200g",
    "COL Price": 2.3,
    "COL ppu": "$1.15 per 100G",
    "COL Size": "200g"
  },
  {
    "Brand_Product_Size": "Heinz Baked Beans Salt Reduced 220g",
    "COL Price": 1.65,
    "COL ppu": "$0.75 per 100G",
    "COL Size": "220g"
  },
  {
    "Brand_Product_Size": "Smith's Salt & Vinegar Thinly Cut Potato Chips 175g",
    "COL Price": 2,
    "COL ppu": "$1.14 per 100G",
    "COL Size": "175g"
  },
  {
    "Brand_Product_Size": "Madura English Breakfast Leaf Tea 200g",
    "COL Price": 5.6,
    "COL ppu": "$2.80 per 100G",
    "COL Size": "200g"
  },
  {
    "Brand_Product_Size": "MasterFoods Stir Fry Teriyaki Chicken Recipe Base 175g",
    "COL Price": 2.2,
    "COL ppu": "$1.26 per 100G",
    "COL Size": "175g"
  },
  {
    "Brand_Product_Size": "Aussie Bodies FX Lo Carb Chocolate Protein Drink 250mL",
    "COL Price": 4.05,
    "COL ppu": "$1.08 per 100mL",
    "COL Size": "250mL"
  },
  {
    "Brand_Product_Size": "Conair Toiletry Bag Fabric Lined 1 pack",
    "COL Price": 12,
    "COL ppu": "$12.00 per 1Ea",
    "COL Size": "1 pack"
  },
  {
    "Brand_Product_Size": "San Remo Gluten Free Spaghetti 350g",
    "COL Price": 4.2,
    "COL ppu": "$1.20 per 100G",
    "COL Size": "350g"
  },
  {
    "Brand_Product_Size": "On The Menu Spaghetti & Meatballs 400g",
    "COL Price": 4.5,
    "COL ppu": "$1.13 per 100G",
    "COL Size": "400g"
  },
  {
    "Brand_Product_Size": "Coles Baby Cucumbers Prepacked 250g",
    "COL Price": 4.5,
    "COL ppu": "$18.00 per 1Kg",
    "COL Size": "250g"
  },
  {
    "Brand_Product_Size": "Coles Wensleydale & Cranberries Waxed Cheese 150g",
    "COL Price": 4.5,
    "COL ppu": "$30.00 per 1Kg",
    "COL Size": "150g"
  },
  {
    "Brand_Product_Size": "Campbell's Bone Broth From Free Range Chicken 500mL",
    "COL Price": 5.6,
    "COL ppu": "$1.12 per 100mL",
    "COL Size": "500mL"
  },
  {
    "Brand_Product_Size": "Maggi 2 Minute Noodles Oriental 5 Pack 370g",
    "COL Price": 3.95,
    "COL ppu": "$1.07 per 100G",
    "COL Size": "370g"
  },
  {
    "Brand_Product_Size": "Healthy Baker Flour Plain 1kg",
    "COL Price": 3,
    "COL ppu": "$3.00 per 1Kg",
    "COL Size": "1kg"
  },
  {
    "Brand_Product_Size": "John West Wild Canadian Smoked Kipper Fillets in Brine 200g",
    "COL Price": 3.35,
    "COL ppu": "$16.75 per 1Kg",
    "COL Size": "200g"
  },
  {
    "Brand_Product_Size": "SPC Aussie Diced Peaches in Juice 120g 4 pack",
    "COL Price": 3,
    "COL ppu": "$6.25 per 1Kg",
    "COL Size": "4 pack"
  },
  {
    "Brand_Product_Size": "Coles Bakery Chocolate Buns 6 pack",
    "COL Price": 3,
    "COL ppu": "$0.50 per 1Ea",
    "COL Size": "6 pack"
  },
  {
    "Brand_Product_Size": "Jesses Bakery Semi Sweet Challah 600g",
    "COL Price": 5.7,
    "COL ppu": "$0.95 per 100G",
    "COL Size": "600g"
  },
  {
    "Brand_Product_Size": "Golden Circle Pickled Baby Beetroot 440g",
    "COL Price": 3,
    "COL ppu": "$6.82 per 1Kg",
    "COL Size": "440g"
  },
  {
    "Brand_Product_Size": "Lady Jayne Flexi-Glide Brush 1 pack",
    "COL Price": 10,
    "COL ppu": "$10.00 per 1Ea",
    "COL Size": "1 pack"
  },
  {
    "Brand_Product_Size": "Hart & Soul Gluten Free Mee Goreng Saucy Noodles 135g",
    "COL Price": 4.9,
    "COL ppu": "$3.63 per 100G",
    "COL Size": "135g"
  },
  {
    "Brand_Product_Size": "Oreo Creme Biscuits Chocolate 133g",
    "COL Price": 1.5,
    "COL ppu": "$1.13 per 100G",
    "COL Size": "133g"
  },
  {
    "Brand_Product_Size": "Nurofen Zavance Pain Relief 12 Caplets 1 pack",
    "COL Price": 4.45,
    "COL ppu": "$4.45 per 1Ea",
    "COL Size": "1 pack"
  },
  {
    "Brand_Product_Size": "Coles Kitchen Beef Lasagne 400g",
    "COL Price": 7.5,
    "COL ppu": "$1.88 per 100G",
    "COL Size": "400g"
  },
  {
    "Brand_Product_Size": "Sweet William Rice Crackle Chocolate Koalas 180g",
    "COL Price": 5.2,
    "COL ppu": "$2.89 per 100G",
    "COL Size": "180g"
  },
  {
    "Brand_Product_Size": "Katoomba Roti Paratha 20 Pack 1.3kg",
    "COL Price": 7,
    "COL ppu": "$0.54 per 100G",
    "COL Size": "1.3kg"
  },
  {
    "Brand_Product_Size": "Coles Kitchen Broccoli Florets 150g",
    "COL Price": 2,
    "COL ppu": "$13.33 per 1Kg",
    "COL Size": "150g"
  },
  {
    "Brand_Product_Size": "Glad Extra Large Wavetop Kitchen Tidy Bags 20 pack",
    "COL Price": 3.8,
    "COL ppu": "$0.19 per 1Ea",
    "COL Size": "20 pack"
  },
  {
    "Brand_Product_Size": "Rafferty's Garden Pureed Apple Pear & Cinnamon 4+ Months 120g",
    "COL Price": 1.5,
    "COL ppu": "$1.25 per 100G",
    "COL Size": "120g"
  },
  {
    "Brand_Product_Size": "McCain Frozen Meat Lovers Pizza Slices 6 pack 600g",
    "COL Price": 7.5,
    "COL ppu": "$1.25 per 100G",
    "COL Size": "600g"
  },
  {
    "Brand_Product_Size": "Bonds Women Logo Light No Show LYQD4G Size 3-8 4 pack",
    "COL Price": 15,
    "COL ppu": "",
    "COL Size": "4 pack"
  },
  {
    "Brand_Product_Size": "Yumi's Sesame Falafel Balls 225g",
    "COL Price": 4.5,
    "COL ppu": "$2.00 per 100G",
    "COL Size": "225g"
  },
  {
    "Brand_Product_Size": "Sistema Ultra Clear Tritan Container 700mL each",
    "COL Price": 8,
    "COL ppu": "$8.00 per 1Ea",
    "COL Size": "each"
  },
  {
    "Brand_Product_Size": "Chicken Tonight Classic Country French White Wine with Carrot & Mushroom Simmer Sauce 475g",
    "COL Price": 2.5,
    "COL ppu": "$0.53 per 100G",
    "COL Size": "475g"
  },
  {
    "Brand_Product_Size": "Dine Perfect Portions Pate Entree with Chicken & Liver Wet Cat Food Tray 2 Pack 75g",
    "COL Price": 1.75,
    "COL ppu": "$2.33 per 100G",
    "COL Size": "75g"
  },
  {
    "Brand_Product_Size": "Primo Gluten Free Thinly Sliced Danish Mild Salami 80g",
    "COL Price": 3.25,
    "COL ppu": "$4.06 per 100G",
    "COL Size": "80g"
  },
  {
    "Brand_Product_Size": "Little Bellies Softcorn Berry & Apple 8g",
    "COL Price": 1.7,
    "COL ppu": "$21.25 per 100G",
    "COL Size": "8g"
  },
  {
    "Brand_Product_Size": "Barber & Co. Clay 95g",
    "COL Price": 15,
    "COL ppu": "$15.79 per 100G",
    "COL Size": "95g"
  },
  {
    "Brand_Product_Size": "Tefal Plus Frypan 24cm each",
    "COL Price": 20.8,
    "COL ppu": "$20.80 per 1Ea",
    "COL Size": "each"
  },
  {
    "Brand_Product_Size": "Vitasoy Oat Barista Milk 1L",
    "COL Price": 4,
    "COL ppu": "$4.00 per 1L",
    "COL Size": "1L"
  },
  {
    "Brand_Product_Size": "MasterFoods Sweet & Savoury Style Mustard Sauce 175g",
    "COL Price": 2.5,
    "COL ppu": "$1.43 per 100G",
    "COL Size": "175g"
  },
  {
    "Brand_Product_Size": "Childs Farm Baby Moisturiser 250mL",
    "COL Price": 8,
    "COL ppu": "$3.20 per 100mL",
    "COL Size": "250mL"
  },
  {
    "Brand_Product_Size": "Mainland Tasty Cheddar Cheese Block 250g",
    "COL Price": 5.5,
    "COL ppu": "$2.20 per 100G",
    "COL Size": "250g"
  },
  {
    "Brand_Product_Size": "Obela Classic Hommus Dip 1kg",
    "COL Price": 7.5,
    "COL ppu": "$0.75 per 100G",
    "COL Size": "1kg"
  },
  {
    "Brand_Product_Size": "Beigel & Beigel Sesame Sticks 150g",
    "COL Price": 2,
    "COL ppu": "$1.33 per 100G",
    "COL Size": "150g"
  },
  {
    "Brand_Product_Size": "Meredith Dairy Marinated Goat Cheese 320g",
    "COL Price": 13,
    "COL ppu": "$40.63 per 1Kg",
    "COL Size": "320g"
  },
  {
    "Brand_Product_Size": "I&J Tender Squid Rings 500g",
    "COL Price": 9.5,
    "COL ppu": "$19.00 per 1Kg",
    "COL Size": "500g"
  },
  {
    "Brand_Product_Size": "Gaganis Semolina Coarse 1kg",
    "COL Price": 3.5,
    "COL ppu": "$3.50 per 1Kg",
    "COL Size": "1kg"
  },
  {
    "Brand_Product_Size": "Le Tan Coconut Sunscreen Spray Mist SPF 30+ 250mL",
    "COL Price": 17,
    "COL ppu": "$6.80 per 100mL",
    "COL Size": "250mL"
  },
  {
    "Brand_Product_Size": "Helga's Gluten Free Traditional White Rolls 4 pack 320g",
    "COL Price": 7,
    "COL ppu": "$2.19 per 100G",
    "COL Size": "320g"
  },
  {
    "Brand_Product_Size": "Coles Frozen Peas 500g",
    "COL Price": 1.6,
    "COL ppu": "$3.20 per 1Kg",
    "COL Size": "500g"
  },
  {
    "Brand_Product_Size": "Pureharvest Gluten Free Organic Coco Quench Unsweetened Coconut Milk 1L",
    "COL Price": 3.5,
    "COL ppu": "$3.50 per 1L",
    "COL Size": "1L"
  },
  {
    "Brand_Product_Size": "Coco Earth Certified Organic Coconut Flour 500g",
    "COL Price": 5,
    "COL ppu": "$10.00 per 1Kg",
    "COL Size": "500g"
  },
  {
    "Brand_Product_Size": "Heinz Original Mayonnaise 500mL",
    "COL Price": 5,
    "COL ppu": "$1.00 per 100mL",
    "COL Size": "500mL"
  },
  {
    "Brand_Product_Size": "Coles Kitchen Spaghetti Bolognese 350g",
    "COL Price": 7.5,
    "COL ppu": "$2.14 per 100G",
    "COL Size": "350g"
  },
  {
    "Brand_Product_Size": "Chobani Fit X Salted Caramel Craze Yogurt 140g",
    "COL Price": 3.5,
    "COL ppu": "$2.50 per 100G",
    "COL Size": "140g"
  },
  {
    "Brand_Product_Size": "Heinz Garlic Aioli Mayonnaise 500mL",
    "COL Price": 5,
    "COL ppu": "$1.00 per 100mL",
    "COL Size": "500mL"
  },
  {
    "Brand_Product_Size": "S-26 Gold Lactose Intolerance Formula 900g",
    "COL Price": 21,
    "COL ppu": "$2.33 per 100G",
    "COL Size": "900g"
  },
  {
    "Brand_Product_Size": "Hoyts Ground Coriander 25g",
    "COL Price": 1.6,
    "COL ppu": "$0.64 per 10G",
    "COL Size": "25g"
  },
  {
    "Brand_Product_Size": "Campbell's Country Ladle Soup With Bone Broth Creamy Chicken Bean & Veg 505g",
    "COL Price": 4,
    "COL ppu": "$0.79 per 100G",
    "COL Size": "505g"
  },
  {
    "Brand_Product_Size": "Mother's Recipe Mixed Pickle 500g",
    "COL Price": 3.2,
    "COL ppu": "$0.64 per 100G",
    "COL Size": "500g"
  },
  {
    "Brand_Product_Size": "Gaia Natural Baby Moisturiser 250mL",
    "COL Price": 10.5,
    "COL ppu": "$4.20 per 100mL",
    "COL Size": "250mL"
  },
  {
    "Brand_Product_Size": "Gourmet Garden Italian Herbs Cold Blended Paste 80g",
    "COL Price": 3.5,
    "COL ppu": "$0.44 per 10G",
    "COL Size": "80g"
  },
  {
    "Brand_Product_Size": "Red Tractor Wheat Free Rolled Oats 600g",
    "COL Price": 8.5,
    "COL ppu": "$1.42 per 100G",
    "COL Size": "600g"
  },
  {
    "Brand_Product_Size": "Thank You Soothing Body Bar With Oat Milk 100g",
    "COL Price": 2.45,
    "COL ppu": "$2.45 per 100G",
    "COL Size": "100g"
  },
  {
    "Brand_Product_Size": "Nivea Men Deep Aerosol Antiperspirant Deodorant 250mL",
    "COL Price": 6.5,
    "COL ppu": "$2.60 per 100mL",
    "COL Size": "250mL"
  },
  {
    "Brand_Product_Size": "Nobby's Salted Mixed Nuts 375g",
    "COL Price": 6.65,
    "COL ppu": "$17.73 per 1Kg",
    "COL Size": "375g"
  },
  {
    "Brand_Product_Size": "Oli6 Stage 3 Goat Milk Toddler Drink 1-3 Years 800g",
    "COL Price": 32,
    "COL ppu": "$4.00 per 100G",
    "COL Size": "800g"
  },
  {
    "Brand_Product_Size": "Kellogg's Rice Bubbles Puffed Rice Breakfast Cereal 705g",
    "COL Price": 6,
    "COL ppu": "$0.85 per 100G",
    "COL Size": "705g"
  },
  {
    "Brand_Product_Size": "Nando's Mild Peri-Peri Sauce 250g",
    "COL Price": 5.75,
    "COL ppu": "$2.30 per 100G",
    "COL Size": "250g"
  },
  {
    "Brand_Product_Size": "Fancy Plants Vanilla Chia Pod 150g",
    "COL Price": 2.5,
    "COL ppu": "$1.67 per 100G",
    "COL Size": "150g"
  },
  {
    "Brand_Product_Size": "Naturale 2 Ply Print Toilet Paper 100% Recycled 6 pack",
    "COL Price": 4,
    "COL ppu": "$0.29 per 100Ea",
    "COL Size": "6 pack"
  },
  {
    "Brand_Product_Size": "Espressotoria Latte Blend Capsules 12 pack",
    "COL Price": 4.2,
    "COL ppu": "$0.35 per 1Ea",
    "COL Size": "12 pack"
  },
  {
    "Brand_Product_Size": "Old El Paso Hot Taco Sauce 200g",
    "COL Price": 2.4,
    "COL ppu": "$1.20 per 100G",
    "COL Size": "200g"
  },
  {
    "Brand_Product_Size": "Lilydale Free Range Chicken Breast Strips Crumbed 400g",
    "COL Price": 9.9,
    "COL ppu": "$24.75 per 1Kg",
    "COL Size": "400g"
  },
  {
    "Brand_Product_Size": "Uncle Tobys Rainbow Berry Berry Roll Ups 94g",
    "COL Price": 2,
    "COL ppu": "$2.13 per 100G",
    "COL Size": "94g"
  },
  {
    "Brand_Product_Size": "Coles Bake & Create Natural Vanilla Extract 100mL",
    "COL Price": 5.5,
    "COL ppu": "$5.50 per 100mL",
    "COL Size": "100mL"
  },
  {
    "Brand_Product_Size": "Codral Relief Decongestant Tablets 20 pack",
    "COL Price": 14,
    "COL ppu": "$0.70 per 1Ea",
    "COL Size": "20 pack"
  },
  {
    "Brand_Product_Size": "Coles Australian Lite Long Life Milk 1L",
    "COL Price": 1.25,
    "COL ppu": "$1.25 per 1L",
    "COL Size": "1L"
  },
  {
    "Brand_Product_Size": "Dolmio Extra Tomato, Onion & Roast Garlic Salt Reduced Pasta Sauce 500g",
    "COL Price": 1.64,
    "COL ppu": "$0.33 per 100G",
    "COL Size": "500g"
  },
  {
    "Brand_Product_Size": "Kellogg's LCMs Coco Pops Chocolatey Puffed Rice Snack Bars 6 pack 132g",
    "COL Price": 4,
    "COL ppu": "$3.03 per 100G",
    "COL Size": "132g"
  },
  {
    "Brand_Product_Size": "Nestle Pixie Caramel Bar 50g",
    "COL Price": 2.5,
    "COL ppu": "$5.00 per 100G",
    "COL Size": "50g"
  },
  {
    "Brand_Product_Size": "Oak Strawberry Flavoured Milk 750mL",
    "COL Price": 3,
    "COL ppu": "$4.00 per 1L",
    "COL Size": "750mL"
  },
  {
    "Brand_Product_Size": "Biozet Attack Plus Eliminator Laundry Powder 2kg",
    "COL Price": 22,
    "COL ppu": "$11.00 per 1Kg",
    "COL Size": "2kg"
  },
  {
    "Brand_Product_Size": "Simply Better Organic Plain Firm Tofu 500g",
    "COL Price": 5.35,
    "COL ppu": "$1.07 per 100G",
    "COL Size": "500g"
  },
  {
    "Brand_Product_Size": "Bird Munchies Wild Block Bird Treat 1.4kg",
    "COL Price": 8.4,
    "COL ppu": "$0.60 per 100G",
    "COL Size": "1.4kg"
  },
  {
    "Brand_Product_Size": "Durex Pleasure Me Condoms 10 pack",
    "COL Price": 6.5,
    "COL ppu": "$0.65 per 1Ea",
    "COL Size": "10 pack"
  },
  {
    "Brand_Product_Size": "S-26 Gold Alula Formula Newborn 900g",
    "COL Price": 23,
    "COL ppu": "$2.56 per 100G",
    "COL Size": "900g"
  },
  {
    "Brand_Product_Size": "Barilla Pesto Rustico Mediterranean Style 200g",
    "COL Price": 5,
    "COL ppu": "$2.50 per 100G",
    "COL Size": "200g"
  },
  {
    "Brand_Product_Size": "Pantene Colour Protection Shampoo 375mL",
    "COL Price": 8,
    "COL ppu": "$2.13 per 100mL",
    "COL Size": "375mL"
  },
  {
    "Brand_Product_Size": "Coles Bakery Apple Pie 550g",
    "COL Price": 8,
    "COL ppu": "$1.45 per 100G",
    "COL Size": "550g"
  },
  {
    "Brand_Product_Size": "Herbal Essences Colour Me Happy Conditioner 300mL",
    "COL Price": 6.5,
    "COL ppu": "$2.17 per 100mL",
    "COL Size": "300mL"
  },
  {
    "Brand_Product_Size": "Coca Cola No Sugar Soft Drink Caffenine Free 1.25L",
    "COL Price": 3.15,
    "COL ppu": "$2.52 per 1L",
    "COL Size": "1.25L"
  },
  {
    "Brand_Product_Size": "Tempo Soft Spreadable Quarg Cheese 250g",
    "COL Price": 4.2,
    "COL ppu": "$16.80 per 1Kg",
    "COL Size": "250g"
  },
  {
    "Brand_Product_Size": "Garnier Olia Night Black 1.0 Hair Colour 1 pack",
    "COL Price": 8.5,
    "COL ppu": "$8.50 per 1Ea",
    "COL Size": "1 pack"
  },
  {
    "Brand_Product_Size": "Coles Dutch Edam Cheese 230g",
    "COL Price": 4.5,
    "COL ppu": "$1.96 per 100G",
    "COL Size": "230g"
  },
  {
    "Brand_Product_Size": "Real Foods Original Corn Thins 150g",
    "COL Price": 2,
    "COL ppu": "$1.33 per 100G",
    "COL Size": "150g"
  },
  {
    "Brand_Product_Size": "Coles Australian Peanuts Unsalted 375g",
    "COL Price": 3,
    "COL ppu": "$8.00 per 1Kg",
    "COL Size": "375g"
  },
  {
    "Brand_Product_Size": "Coles Asian Hairy Melon each",
    "COL Price": 3.835,
    "COL ppu": "$5.90 per 1Kg",
    "COL Size": "each"
  },
  {
    "Brand_Product_Size": "Sanitarium So Good Long Life Original Almond Milk 1L",
    "COL Price": 2.7,
    "COL ppu": "$2.70 per 1L",
    "COL Size": "1L"
  },
  {
    "Brand_Product_Size": "Edgell Snack Time Red Kidney Beans With Chilli & Olive Oil 70g",
    "COL Price": 0.9,
    "COL ppu": "$12.86 per 1Kg",
    "COL Size": "70g"
  },
  {
    "Brand_Product_Size": "Grinders Medium Roasted Crema Ground Coffee 200g",
    "COL Price": 9.55,
    "COL ppu": "$4.78 per 100G",
    "COL Size": "200g"
  },
  {
    "Brand_Product_Size": "Koi Gifting Relaxing Bath Set 1 pack",
    "COL Price": 12,
    "COL ppu": "$12.00 per 1Ea",
    "COL Size": "1 pack"
  },
  {
    "Brand_Product_Size": "Coles Ground Cloves 48g",
    "COL Price": 3.65,
    "COL ppu": "$0.76 per 10G",
    "COL Size": "48g"
  },
  {
    "Brand_Product_Size": "Duru Brown Coarse Bulgur 1kg",
    "COL Price": 3,
    "COL ppu": "$3.00 per 1Kg",
    "COL Size": "1kg"
  },
  {
    "Brand_Product_Size": "Just For Men Moustache & Beard Brush-In Colour Gel Medium Brown 100g",
    "COL Price": 13.5,
    "COL ppu": "$13.50 per 100G",
    "COL Size": "100g"
  },
  {
    "Brand_Product_Size": "Stonefire Original Naan Bread 250g",
    "COL Price": 3,
    "COL ppu": "$1.20 per 100G",
    "COL Size": "250g"
  },
  {
    "Brand_Product_Size": "McCormick Grill Mates Slow & Low Smokin Texas BBQ Rub 40g",
    "COL Price": 2,
    "COL ppu": "$0.50 per 10G",
    "COL Size": "40g"
  },
  {
    "Brand_Product_Size": "Uncle Tobys Cheerios Honey Multigrain Cereal 570g",
    "COL Price": 5,
    "COL ppu": "$0.88 per 100G",
    "COL Size": "570g"
  },
  {
    "Brand_Product_Size": "Covergirl Clean Fresh Skin Milk Foundation Light/Medium 30mL",
    "COL Price": 20,
    "COL ppu": "$6.67 per 10mL",
    "COL Size": "30mL"
  },
  {
    "Brand_Product_Size": "Heinz Berry Nice Baby Food 8+ Months Mashed 120g",
    "COL Price": 1.5,
    "COL ppu": "$1.25 per 100G",
    "COL Size": "120g"
  },
  {
    "Brand_Product_Size": "MasterFoods Parsley Flakes 13g",
    "COL Price": 3.05,
    "COL ppu": "$2.35 per 10G",
    "COL Size": "13g"
  },
  {
    "Brand_Product_Size": "Fluffy Summer Breeze Ready To Use Fabric Conditioner 2L",
    "COL Price": 5,
    "COL ppu": "$2.50 per 1L",
    "COL Size": "2L"
  },
  {
    "Brand_Product_Size": "BSC High Protein Cookie Dough Bar 60g",
    "COL Price": 4,
    "COL ppu": "$6.67 per 100G",
    "COL Size": "60g"
  },
  {
    "Brand_Product_Size": "Fuze Lemon Black Ice Tea 1.25L",
    "COL Price": 3.3,
    "COL ppu": "$2.64 per 1L",
    "COL Size": "1.25L"
  },
  {
    "Brand_Product_Size": "Golden Circle Pine Orange Fruit Drink Multipack 250mL 6 pack",
    "COL Price": 4.5,
    "COL ppu": "$3.00 per 1L",
    "COL Size": "6 pack"
  },
  {
    "Brand_Product_Size": "Polident Max Seal Denture Adhesive Cream 40g",
    "COL Price": 10,
    "COL ppu": "$25.00 per 100G",
    "COL Size": "40g"
  },
  {
    "Brand_Product_Size": "Liquid Ears Tws Bud White 1 pack",
    "COL Price": 39,
    "COL ppu": "$39.00 per 1Ea",
    "COL Size": "1 pack"
  },
  {
    "Brand_Product_Size": "Peck's Salmon & Lobster Spread 50g",
    "COL Price": 1.6,
    "COL ppu": "$3.20 per 100G",
    "COL Size": "50g"
  },
  {
    "Brand_Product_Size": "L'Oreal Preference Helsinki Permanent Hair Colour 1 pack",
    "COL Price": 9.5,
    "COL ppu": "$9.50 per 1Ea",
    "COL Size": "1 pack"
  },
  {
    "Brand_Product_Size": "Lee Kum Kee Pork Bone Hot Pot Soup Base 50g",
    "COL Price": 2,
    "COL ppu": "$4.00 per 100G",
    "COL Size": "50g"
  },
  {
    "Brand_Product_Size": "Kez's Kitchen Gluten Free Lemon Cream Melting Moment 190g",
    "COL Price": 7,
    "COL ppu": "$3.68 per 100G",
    "COL Size": "190g"
  },
  {
    "Brand_Product_Size": "Coles Kitchen Pasta Salad 250g",
    "COL Price": 3,
    "COL ppu": "$1.20 per 100G",
    "COL Size": "250g"
  },
  {
    "Brand_Product_Size": "Harpic Eco Fresh In Bowl Cleaner Eucalyptus 2 Pack 70g",
    "COL Price": 6,
    "COL ppu": "$3.00 per 1Ea",
    "COL Size": "70g"
  },
  {
    "Brand_Product_Size": "Sabco Vinyl Disposable Gloves Medium 100 pack",
    "COL Price": 17,
    "COL ppu": "$0.17 per 1Ea",
    "COL Size": "100 pack"
  },
  {
    "Brand_Product_Size": "L'Oreal Men Expert Erase Wrinkles Moisturiser 50mL",
    "COL Price": 15,
    "COL ppu": "$30.00 per 100mL",
    "COL Size": "50mL"
  },
  {
    "Brand_Product_Size": "Coles Tortoiseshell One Touch Clips 14 pack",
    "COL Price": 5.6,
    "COL ppu": "$0.40 per 1Ea",
    "COL Size": "14 pack"
  },
  {
    "Brand_Product_Size": "Organic Choice Multi-Purpose Cleaner Trigger Spray 500mL",
    "COL Price": 5.5,
    "COL ppu": "$1.10 per 100mL",
    "COL Size": "500mL"
  },
  {
    "Brand_Product_Size": "Cook & Dine Wooden Stirrer each",
    "COL Price": 4,
    "COL ppu": "$4.00 per 1Ea",
    "COL Size": "each"
  },
  {
    "Brand_Product_Size": "Nurofen For Children 7and Pain and Fever Relief Chewable Tablets 100mg Ibuprofen Orange 12 pack",
    "COL Price": 10,
    "COL ppu": "$0.83 per 1Ea",
    "COL Size": "12 pack"
  },
  {
    "Brand_Product_Size": "Keep It Cleaner Red Lentil Fusilli Pasta 250g",
    "COL Price": 4,
    "COL ppu": "$1.60 per 100G",
    "COL Size": "250g"
  },
  {
    "Brand_Product_Size": "Metamucil Sugar Free Lemon Lime Fibre Supplement Powder 72 Doses 425g",
    "COL Price": 23,
    "COL ppu": "$5.41 per 100G",
    "COL Size": "425g"
  },
  {
    "Brand_Product_Size": "Black Swan Skinny Tzatziki Dip 200g",
    "COL Price": 3.5,
    "COL ppu": "$1.75 per 100G",
    "COL Size": "200g"
  },
  {
    "Brand_Product_Size": "Great Ocean Road Tasty Cheese Block 500g",
    "COL Price": 7,
    "COL ppu": "$14.00 per 1Kg",
    "COL Size": "500g"
  },
  {
    "Brand_Product_Size": "Earth Choice Pure Soft Fabric Softener 1L",
    "COL Price": 2,
    "COL ppu": "$2.00 per 1L",
    "COL Size": "1L"
  },
  {
    "Brand_Product_Size": "Bega Tasty Grated Cheese 500g",
    "COL Price": 8,
    "COL ppu": "$1.60 per 100G",
    "COL Size": "500g"
  },
  {
    "Brand_Product_Size": "Helga's Traditional Wholemeal Large Wraps 8 pack 560g",
    "COL Price": 4,
    "COL ppu": "$0.71 per 100G",
    "COL Size": "560g"
  },
  {
    "Brand_Product_Size": "Gillette Blue 3 Disposable Shaving Razor 8 pack",
    "COL Price": 8.5,
    "COL ppu": "$1.06 per 1Ea",
    "COL Size": "8 pack"
  },
  {
    "Brand_Product_Size": "Coles Thawed Seafood MSC Raw Banana Prawns 5kg",
    "COL Price": 110,
    "COL ppu": "$22.00 per 1Kg",
    "COL Size": "5kg"
  },
  {
    "Brand_Product_Size": "Kellogg's K-Time Choc & Raspberry Flavour Soft Baked Breaks 5 pack 185g",
    "COL Price": 4,
    "COL ppu": "$2.16 per 100G",
    "COL Size": "185g"
  },
  {
    "Brand_Product_Size": "Optus E5577 Wi-Fi 4G Modem 50GB each",
    "COL Price": 99,
    "COL ppu": "$99.00 per 1Ea",
    "COL Size": "each"
  },
  {
    "Brand_Product_Size": "Coles Beef Burgers With Special Burger Sauce Flavour 450g",
    "COL Price": 7.5,
    "COL ppu": "$16.67 per 1Kg",
    "COL Size": "450g"
  },
  {
    "Brand_Product_Size": "Swisse Ultiboost Odorless Wild Fish Oil 1000mg Capsules 400 pack",
    "COL Price": 28,
    "COL ppu": "$7.00 per 100Ea",
    "COL Size": "400 pack"
  },
  {
    "Brand_Product_Size": "Dove Antiperspirant Cream Pomegranate 45mL",
    "COL Price": 13,
    "COL ppu": "$28.89 per 100mL",
    "COL Size": "45mL"
  },
  {
    "Brand_Product_Size": "Coles Kitchen Family Coleslaw Family Kit 520g",
    "COL Price": 4,
    "COL ppu": "$0.77 per 100G",
    "COL Size": "520g"
  },
  {
    "Brand_Product_Size": "Daawat Everyday gold Basmati Rice 5kg",
    "COL Price": 10,
    "COL ppu": "$0.20 per 100G",
    "COL Size": "5kg"
  },
  {
    "Brand_Product_Size": "Oral-B Pro Health Glide Cool Mint Dental Floss 40m",
    "COL Price": 3.85,
    "COL ppu": "$0.10 per 1M",
    "COL Size": "40m"
  },
  {
    "Brand_Product_Size": "MasterFoods Soy Honey & Garlic Marinade 375g",
    "COL Price": 2.5,
    "COL ppu": "$0.67 per 100G",
    "COL Size": "375g"
  },
  {
    "Brand_Product_Size": "Sakata Seaweed Rice Crackers 90g",
    "COL Price": 2,
    "COL ppu": "$2.22 per 100G",
    "COL Size": "90g"
  },
  {
    "Brand_Product_Size": "Cadbury Chocolate Fingers Milk Biscuits 114g",
    "COL Price": 2,
    "COL ppu": "$1.75 per 100G",
    "COL Size": "114g"
  },
  {
    "Brand_Product_Size": "Chux Sustainable Scourer Sponge 2 pack",
    "COL Price": 4,
    "COL ppu": "$2.00 per 1Ea",
    "COL Size": "2 pack"
  },
  {
    "Brand_Product_Size": "Ozkleen Fire Lighter 500mL",
    "COL Price": 12,
    "COL ppu": "$2.40 per 100mL",
    "COL Size": "500mL"
  },
  {
    "Brand_Product_Size": "Mil Lel Shaved Parmesan 170g",
    "COL Price": 4.5,
    "COL ppu": "$26.47 per 1Kg",
    "COL Size": "170g"
  },
  {
    "Brand_Product_Size": "Nuttelex Kosher Spread Tub 500g",
    "COL Price": 3.7,
    "COL ppu": "$0.74 per 100G",
    "COL Size": "500g"
  },
  {
    "Brand_Product_Size": "Peters Maxibon Honeycomb Flavour Ice Cream Bars 4 pack 620mL",
    "COL Price": 8.4,
    "COL ppu": "$1.35 per 100mL",
    "COL Size": "620mL"
  },
  {
    "Brand_Product_Size": "Sukin Sensitive Calming Night Cream 120mL",
    "COL Price": 21,
    "COL ppu": "$16.80 per 100mL",
    "COL Size": "120mL"
  },
  {
    "Brand_Product_Size": "Coles Medium Navel Oranges approx. 180g each",
    "COL Price": 1.242,
    "COL ppu": "$6.90 per 1Kg",
    "COL Size": "approx. 180g each"
  },
  {
    "Brand_Product_Size": "Coles Asian Style Salad Kit 350g",
    "COL Price": 5,
    "COL ppu": "$1.43 per 100G",
    "COL Size": "350g"
  },
  {
    "Brand_Product_Size": "Garnier Fructis Coconut No Frizz Conditioner 315mL",
    "COL Price": 3.5,
    "COL ppu": "$1.11 per 100mL",
    "COL Size": "315mL"
  },
  {
    "Brand_Product_Size": "Coles Baby Rocket Prepacked 60g",
    "COL Price": 2,
    "COL ppu": "$0.33 per 10G",
    "COL Size": "60g"
  },
  {
    "Brand_Product_Size": "Coles Chicken Cheese Burgers 500g",
    "COL Price": 7.5,
    "COL ppu": "$1.50 per 100G",
    "COL Size": "500g"
  },
  {
    "Brand_Product_Size": "KB Coconut Crumbed Prawns 300g",
    "COL Price": 9.5,
    "COL ppu": "$31.67 per 1Kg",
    "COL Size": "300g"
  },
  {
    "Brand_Product_Size": "Rosella Fruit Chutney 250g",
    "COL Price": 2,
    "COL ppu": "$0.80 per 100G",
    "COL Size": "250g"
  },
  {
    "Brand_Product_Size": "Brita On Tap Filter Cartridge each",
    "COL Price": 37.5,
    "COL ppu": "$37.50 per 1Ea",
    "COL Size": "each"
  },
  {
    "Brand_Product_Size": "Olay Regenerist Face Serum 50mL",
    "COL Price": 35,
    "COL ppu": "$70.00 per 100mL",
    "COL Size": "50mL"
  },
  {
    "Brand_Product_Size": "Coles Kitchen Caesar Dressing 250mL",
    "COL Price": 4,
    "COL ppu": "$1.60 per 100mL",
    "COL Size": "250mL"
  },
  {
    "Brand_Product_Size": "Sabco Latex Heavy Duty Gloves X-Large 1 pack",
    "COL Price": 3,
    "COL ppu": "$3.00 per 1Ea",
    "COL Size": "1 pack"
  },
  {
    "Brand_Product_Size": "Hikari Wakame Instant Miso Soup 12 pack 216g",
    "COL Price": 3.85,
    "COL ppu": "$1.78 per 100G",
    "COL Size": "216g"
  },
  {
    "Brand_Product_Size": "Johnson's Cleansing 3 in 1 Facial Wipes 25 pack",
    "COL Price": 6,
    "COL ppu": "$0.24 per 1Ea",
    "COL Size": "25 pack"
  },
  {
    "Brand_Product_Size": "Nature Valley Sweet & Salty Nut Dark Choc 4x30g 120g",
    "COL Price": 4,
    "COL ppu": "$3.33 per 100G",
    "COL Size": "120g"
  },
  {
    "Brand_Product_Size": "Carman's Deluxe Fruit Muesli 400g",
    "COL Price": 6.9,
    "COL ppu": "$1.73 per 100G",
    "COL Size": "400g"
  },
  {
    "Brand_Product_Size": "Stagg Chili Classic Pork Chilli With Beans 425g",
    "COL Price": 3.2,
    "COL ppu": "$0.75 per 100G",
    "COL Size": "425g"
  },
  {
    "Brand_Product_Size": "Primo Saveloys 750g",
    "COL Price": 6.5,
    "COL ppu": "$8.67 per 1Kg",
    "COL Size": "750g"
  },
  {
    "Brand_Product_Size": "Coles Shredded Iceberg Lettuce Prepacked 200g",
    "COL Price": 2,
    "COL ppu": "$1.00 per 100G",
    "COL Size": "200g"
  },
  {
    "Brand_Product_Size": "Pampas Frozen Puff Pastry Sheets 10 pack 1.6kg",
    "COL Price": 6.85,
    "COL ppu": "$0.43 per 100G",
    "COL Size": "1.6kg"
  },
  {
    "Brand_Product_Size": "Dettol Soap Bar Citrus Fresh 3 pack",
    "COL Price": 4,
    "COL ppu": "$1.33 per 1Ea",
    "COL Size": "3 pack"
  },
  {
    "Brand_Product_Size": "Masterfoods Pulled Pork Cooking Sauce 520g",
    "COL Price": 3.7,
    "COL ppu": "$0.71 per 100G",
    "COL Size": "520g"
  },
  {
    "Brand_Product_Size": "Coles Baby Rocket Lettuce Prepacked 120g",
    "COL Price": 3,
    "COL ppu": "$25.00 per 1Kg",
    "COL Size": "120g"
  },
  {
    "Brand_Product_Size": "Mirabella Tri Phosphorous T8 36 Watt Tube 2 pack",
    "COL Price": 9,
    "COL ppu": "$4.50 per 1Ea",
    "COL Size": "2 pack"
  },
  {
    "Brand_Product_Size": "Coles Apple & Blackcurrant Fruit Drink Multipack 250mL 6 pack",
    "COL Price": 2.65,
    "COL ppu": "$1.77 per 1L",
    "COL Size": "6 pack"
  },
  {
    "Brand_Product_Size": "Bega Stringers Original Cheese 8 pack 160g",
    "COL Price": 5.5,
    "COL ppu": "$3.44 per 100G",
    "COL Size": "160g"
  },
  {
    "Brand_Product_Size": "Duru Bulgur Yellow Coarse 1kg",
    "COL Price": 2.4,
    "COL ppu": "$2.40 per 1Kg",
    "COL Size": "1kg"
  },
  {
    "Brand_Product_Size": "Coles William Bartlett Pears approx. 200g each",
    "COL Price": 0.58,
    "COL ppu": "$2.90 per 1Kg",
    "COL Size": "approx. 200g each"
  },
  {
    "Brand_Product_Size": "Glad To Be Green Snack Snaplock Plant Based Bags 50 pack",
    "COL Price": 3.5,
    "COL ppu": "$0.07 per 1Ea",
    "COL Size": "50 pack"
  },
  {
    "Brand_Product_Size": "Annalisa BPA Free Diced Tomatoes 400g",
    "COL Price": 1.4,
    "COL ppu": "$0.35 per 100G",
    "COL Size": "400g"
  },
  {
    "Brand_Product_Size": "Freedom Foods Messy Monkeys Chicken Flavour Whole Grain Bites 160g",
    "COL Price": 7,
    "COL ppu": "$4.38 per 100G",
    "COL Size": "160g"
  },
  {
    "Brand_Product_Size": "Schweppes Lemon Lime & Bitter No Sugar Mixers 1.1L",
    "COL Price": 2.15,
    "COL ppu": "$1.95 per 1L",
    "COL Size": "1.1L"
  },
  {
    "Brand_Product_Size": "Harvest Box Power Mix 135g",
    "COL Price": 4.95,
    "COL ppu": "$3.67 per 100G",
    "COL Size": "135g"
  },
  {
    "Brand_Product_Size": "Greens Vanilla Cake Mix 1.7kg",
    "COL Price": 9,
    "COL ppu": "$0.53 per 100G",
    "COL Size": "1.7kg"
  },
  {
    "Brand_Product_Size": "Coles Mussels In Oil 85g",
    "COL Price": 1.7,
    "COL ppu": "$2.00 per 100G",
    "COL Size": "85g"
  },
  {
    "Brand_Product_Size": "Bulla Nourish Ice Cream Sticks Strawberry 5 pack 450mL",
    "COL Price": 7,
    "COL ppu": "$1.56 per 100mL",
    "COL Size": "450mL"
  },
  {
    "Brand_Product_Size": "Gillette Fusion Proshield Refill Blades 4 pack",
    "COL Price": 27.5,
    "COL ppu": "$6.88 per 1Ea",
    "COL Size": "4 pack"
  },
  {
    "Brand_Product_Size": "Coles Frozen Diced Avocado 300g",
    "COL Price": 4,
    "COL ppu": "$13.33 per 1Kg",
    "COL Size": "300g"
  },
  {
    "Brand_Product_Size": "Dynamo Professional 7 In 1 Discs 28 pack",
    "COL Price": 24,
    "COL ppu": "$0.86 per 1Ea",
    "COL Size": "28 pack"
  },
  {
    "Brand_Product_Size": "Coca-Cola Sprite Soft Drink Lemon Lime 1.25L",
    "COL Price": 2.6,
    "COL ppu": "$2.08 per 1L",
    "COL Size": "1.25L"
  },
  {
    "Brand_Product_Size": "Carman's Gourmet Porridge Sachet with Honey Vanilla & Cinnamon 320g",
    "COL Price": 4,
    "COL ppu": "$1.25 per 100G",
    "COL Size": "320g"
  },
  {
    "Brand_Product_Size": "All Natural Bakery Nut Delight Oat Slices 100g",
    "COL Price": 2.15,
    "COL ppu": "$2.15 per 100G",
    "COL Size": "100g"
  },
  {
    "Brand_Product_Size": "V Energy Drink Rasp Lemonade 275mL 4 pack",
    "COL Price": 9.95,
    "COL ppu": "$9.05 per 1L",
    "COL Size": "4 pack"
  },
  {
    "Brand_Product_Size": "Colgate Pro Clinical 500r Sensitive Toothbrush 1 pack",
    "COL Price": 70,
    "COL ppu": "$70.00 per 1Ea",
    "COL Size": "1 pack"
  },
  {
    "Brand_Product_Size": "MasterFoods Family Hot Cajun Seasoning 115g",
    "COL Price": 7.4,
    "COL ppu": "$0.64 per 10G",
    "COL Size": "115g"
  },
  {
    "Brand_Product_Size": "Tassal Smoked Tassie Salmon 150g",
    "COL Price": 10.25,
    "COL ppu": "$68.34 per 1Kg",
    "COL Size": "150g"
  },
  {
    "Brand_Product_Size": "Red Tractor Flax Hemp Chia Meal 350g",
    "COL Price": 6,
    "COL ppu": "$1.71 per 100G",
    "COL Size": "350g"
  },
  {
    "Brand_Product_Size": "Continental Chilli Con Carne Recipe Base Serves 4 40g",
    "COL Price": 1.6,
    "COL ppu": "$4.00 per 100G",
    "COL Size": "40g"
  },
  {
    "Brand_Product_Size": "Helga's Low Carb Soy & Toasted Sesame Bread Loaf 700g",
    "COL Price": 4.2,
    "COL ppu": "$0.60 per 100G",
    "COL Size": "700g"
  },
  {
    "Brand_Product_Size": "Coles Colby Cheese Block 250g",
    "COL Price": 4,
    "COL ppu": "$1.60 per 100G",
    "COL Size": "250g"
  },
  {
    "Brand_Product_Size": "West Country Farmhouse Cheddar approx.100g",
    "COL Price": 5,
    "COL ppu": "$50.00 per 1Kg",
    "COL Size": "approx.100g"
  },
  {
    "Brand_Product_Size": "Pantene Classic Clean Shampoo 375mL",
    "COL Price": 8,
    "COL ppu": "$2.13 per 100mL",
    "COL Size": "375mL"
  },
  {
    "Brand_Product_Size": "Kedem Concord Grape Juice 946mL",
    "COL Price": 9,
    "COL ppu": "$9.51 per 1L",
    "COL Size": "946mL"
  },
  {
    "Brand_Product_Size": "Pattu Chick Peas Tyson 1kg",
    "COL Price": 3,
    "COL ppu": "$3.00 per 1Kg",
    "COL Size": "1kg"
  },
  {
    "Brand_Product_Size": "Coles Blanched Hazelnuts 150g",
    "COL Price": 4.5,
    "COL ppu": "$30.00 per 1Kg",
    "COL Size": "150g"
  },
  {
    "Brand_Product_Size": "Coles Organic Royal Gala Apples Prepacked 1kg",
    "COL Price": 7.5,
    "COL ppu": "$7.50 per 1Kg",
    "COL Size": "1kg"
  },
  {
    "Brand_Product_Size": "Meredith Dairy Marinated Goats Cheese 550g",
    "COL Price": 20,
    "COL ppu": "$36.36 per 1Kg",
    "COL Size": "550g"
  },
  {
    "Brand_Product_Size": "Arnott's Chocolate Malt Sticks TeeVee Snacks 175g",
    "COL Price": 4,
    "COL ppu": "$2.29 per 100G",
    "COL Size": "175g"
  },
  {
    "Brand_Product_Size": "Redheads Firelighters 24 pack",
    "COL Price": 3.5,
    "COL ppu": "$0.15 per 1Ea",
    "COL Size": "24 pack"
  },
  {
    "Brand_Product_Size": "Nature's Way Kids Smart Vita Gummies Calcium 60 pack",
    "COL Price": 14.5,
    "COL ppu": "$0.24 per 1Ea",
    "COL Size": "60 pack"
  },
  {
    "Brand_Product_Size": "Coles Pitted Medjool Date 340g",
    "COL Price": 10,
    "COL ppu": "$29.41 per 1Kg",
    "COL Size": "340g"
  },
  {
    "Brand_Product_Size": "Bickford's Pomegranate Juice 1L",
    "COL Price": 4.65,
    "COL ppu": "$4.65 per 1L",
    "COL Size": "1L"
  },
  {
    "Brand_Product_Size": "Coles Deli Australian Fetta Reduced Fat Cheese approx. 100g",
    "COL Price": 1.5,
    "COL ppu": "$15.00 per 1Kg",
    "COL Size": "approx. 100g"
  },
  {
    "Brand_Product_Size": "Mars Large Funsize Variety Pack 307g",
    "COL Price": 5,
    "COL ppu": "$1.63 per 100G",
    "COL Size": "307g"
  },
  {
    "Brand_Product_Size": "Guzzi's Golden Pappardelle Pasta 2x250g 500g",
    "COL Price": 5.65,
    "COL ppu": "$1.13 per 100G",
    "COL Size": "500g"
  },
  {
    "Brand_Product_Size": "Well Naturally Milk Chocolate Salted Caramel 90g",
    "COL Price": 4,
    "COL ppu": "$4.44 per 100G",
    "COL Size": "90g"
  },
  {
    "Brand_Product_Size": "Coles Heavy Duty Storage Bag 1 pack",
    "COL Price": 4.2,
    "COL ppu": "$4.20 per 1Ea",
    "COL Size": "1 pack"
  },
  {
    "Brand_Product_Size": "Wrigley's Extra Peppermint Sugar Free Chewing Gum Bottle 46 Piece 64g",
    "COL Price": 4,
    "COL ppu": "$6.25 per 100G",
    "COL Size": "64g"
  },
  {
    "Brand_Product_Size": "V Energy Raspberry Lemonade Drink 250mL",
    "COL Price": 2.8,
    "COL ppu": "$11.20 per 1L",
    "COL Size": "250mL"
  },
  {
    "Brand_Product_Size": "Razzamatazz Opaque Tights 120 Denier Black Small/Medium 1 pack",
    "COL Price": 14,
    "COL ppu": "$14.00 per 1Ea",
    "COL Size": "1 pack"
  },
  {
    "Brand_Product_Size": "Mr Chen's Vietnamese Vegetarian Pho Kit 500g",
    "COL Price": 7.5,
    "COL ppu": "$1.50 per 100G",
    "COL Size": "500g"
  },
  {
    "Brand_Product_Size": "Coles Brussels Sprouts loose approx. 400g",
    "COL Price": 5.16,
    "COL ppu": "$12.90 per 1Kg",
    "COL Size": "approx. 400g"
  },
  {
    "Brand_Product_Size": "Moccona Specialty Blend Coffee Intense 200g",
    "COL Price": 16,
    "COL ppu": "$8.00 per 100G",
    "COL Size": "200g"
  },
  {
    "Brand_Product_Size": "Only Organic Vanilla Bean Custard 6+ Months 120g",
    "COL Price": 2,
    "COL ppu": "$1.67 per 100G",
    "COL Size": "120g"
  },
  {
    "Brand_Product_Size": "Total Care Disney Mickey Mouse Plush Dog Toy 1 pack",
    "COL Price": 18,
    "COL ppu": "$18.00 per 1Ea",
    "COL Size": "1 pack"
  },
  {
    "Brand_Product_Size": "Coles Rapid 5 System Razor each",
    "COL Price": 6.5,
    "COL ppu": "$6.50 per 1Ea",
    "COL Size": "each"
  },
  {
    "Brand_Product_Size": "Leggo's Sundried Tomato Pesto 190g",
    "COL Price": 3,
    "COL ppu": "$1.58 per 100G",
    "COL Size": "190g"
  },
  {
    "Brand_Product_Size": "Tom Organic Period Brief Regular Flow Size M each",
    "COL Price": 15,
    "COL ppu": "$15.00 per 1Ea",
    "COL Size": "each"
  },
  {
    "Brand_Product_Size": "Mix Silky Sheer Pantyhose Black X-Tall 1 pack",
    "COL Price": 4,
    "COL ppu": "$4.00 per 1Ea",
    "COL Size": "1 pack"
  },
  {
    "Brand_Product_Size": "ICD Degradable Nappy Sacks 400 pack",
    "COL Price": 9,
    "COL ppu": "$0.02 per 1Ea",
    "COL Size": "400 pack"
  },
  {
    "Brand_Product_Size": "Coles Soft White Wraps 8 pack 360g",
    "COL Price": 2,
    "COL ppu": "$0.56 per 100G",
    "COL Size": "360g"
  },
  {
    "Brand_Product_Size": "Coles Bake & Create Gold Patty Pans 100 piece",
    "COL Price": 3.5,
    "COL ppu": "$0.04 per 1Ea",
    "COL Size": "100 piece"
  },
  {
    "Brand_Product_Size": "Coles Deli Salad Tubs Jumbo Quinoa Tabouleh Salad each",
    "COL Price": 11,
    "COL ppu": "$11.00 per 1Ea",
    "COL Size": "each"
  },
  {
    "Brand_Product_Size": "Dollar Sweets Edible Gold Leaf 2 each",
    "COL Price": 5,
    "COL ppu": "$2.50 per 1Ea",
    "COL Size": "2 each"
  },
  {
    "Brand_Product_Size": "Coles Organic Free Range Eggs 12 Pack 600g",
    "COL Price": 8.95,
    "COL ppu": "$1.49 per 100G",
    "COL Size": "600g"
  },
  {
    "Brand_Product_Size": "VS Sassoon Mini Pro Dryer 1 pack",
    "COL Price": 15.5,
    "COL ppu": "$15.50 per 1Ea",
    "COL Size": "1 pack"
  },
  {
    "Brand_Product_Size": "Continental Chow Mein Mince Recipe Base Serves 4 30g",
    "COL Price": 1.6,
    "COL ppu": "$5.33 per 100G",
    "COL Size": "30g"
  },
  {
    "Brand_Product_Size": "Fussy Cat Grainfree Crunchers With Beef & Liver Treats 100g",
    "COL Price": 3,
    "COL ppu": "$3.00 per 100G",
    "COL Size": "100g"
  },
  {
    "Brand_Product_Size": "Freedom Foods Brekky Heroes Honey Bolts 300g",
    "COL Price": 4,
    "COL ppu": "$1.33 per 100G",
    "COL Size": "300g"
  },
  {
    "Brand_Product_Size": "Burgen Hemp Seeds And Grains Bread 700g",
    "COL Price": 5,
    "COL ppu": "$0.71 per 100G",
    "COL Size": "700g"
  },
  {
    "Brand_Product_Size": "Wellness Road Organic White Quinoa 1kg",
    "COL Price": 10,
    "COL ppu": "$1.00 per 100G",
    "COL Size": "1kg"
  },
  {
    "Brand_Product_Size": "Deeko Clear Cups 225mL 20 pack",
    "COL Price": 3.2,
    "COL ppu": "$0.16 per 1Ea",
    "COL Size": "20 pack"
  },
  {
    "Brand_Product_Size": "Maggi Stir Fry Creations Chinese Five Spice & Soy Beef 150g",
    "COL Price": 2.7,
    "COL ppu": "$1.80 per 100G",
    "COL Size": "150g"
  },
  {
    "Brand_Product_Size": "Coles Soft Ponytailers Black 28 pack",
    "COL Price": 4.5,
    "COL ppu": "$0.16 per 1Ea",
    "COL Size": "28 pack"
  },
  {
    "Brand_Product_Size": "Grand Italian Gnocchi Spinach Ricotta 500g",
    "COL Price": 4.7,
    "COL ppu": "$0.94 per 100G",
    "COL Size": "500g"
  },
  {
    "Brand_Product_Size": "Ogx Biotin & Collagen Shampoo 385mL",
    "COL Price": 20,
    "COL ppu": "$5.19 per 100mL",
    "COL Size": "385mL"
  },
  {
    "Brand_Product_Size": "Clif Cool Mint Chocolate Energy Bar 68g",
    "COL Price": 2.4,
    "COL ppu": "$3.53 per 100G",
    "COL Size": "68g"
  },
  {
    "Brand_Product_Size": "Kiwi Black School Laces 1 pack",
    "COL Price": 2,
    "COL ppu": "$1.00 per 1Ea",
    "COL Size": "1 pack"
  },
  {
    "Brand_Product_Size": "Twinings Pure Peppermint Herbal Infusions Tea Bags 40 pack 80g",
    "COL Price": 7,
    "COL ppu": "$8.75 per 100G",
    "COL Size": "80g"
  },
  {
    "Brand_Product_Size": "Neutrogena Oil Free Acne Wash 175mL",
    "COL Price": 14.4,
    "COL ppu": "$8.23 per 100mL",
    "COL Size": "175mL"
  },
  {
    "Brand_Product_Size": "Chang's Super Lo-Cal Traditional Noodles 390g",
    "COL Price": 2.6,
    "COL ppu": "$0.67 per 100G",
    "COL Size": "390g"
  },
  {
    "Brand_Product_Size": "Nutella Hazelnut Spread With Cocoa 1kg",
    "COL Price": 10.5,
    "COL ppu": "$1.05 per 100G",
    "COL Size": "1kg"
  },
  {
    "Brand_Product_Size": "Coles Finest British Cavern Aged Cheddar approx .100g",
    "COL Price": 5,
    "COL ppu": "$50.00 per 1Kg",
    "COL Size": "approx .100g"
  },
  {
    "Brand_Product_Size": "Dynamo Profession Oxi Plus Liquid 900mL",
    "COL Price": 6,
    "COL ppu": "$6.67 per 1L",
    "COL Size": "900mL"
  },
  {
    "Brand_Product_Size": "Skin Republic Foot Repair 18g",
    "COL Price": 8,
    "COL ppu": "$44.45 per 100G",
    "COL Size": "18g"
  },
  {
    "Brand_Product_Size": "Nerada Cup Or Pot Tea Bags 200 pack 400g",
    "COL Price": 5.3,
    "COL ppu": "$1.33 per 100G",
    "COL Size": "400g"
  },
  {
    "Brand_Product_Size": "Nexba Kombucha Mixed Berry Live Sparkling Probiotic Multipack Bottles 330mL 4 pack",
    "COL Price": 8.55,
    "COL ppu": "$6.48 per 1L",
    "COL Size": "4 pack"
  },
  {
    "Brand_Product_Size": "McCain Man Size Chicken Bacon Bake 480g",
    "COL Price": 6,
    "COL ppu": "$1.25 per 100G",
    "COL Size": "480g"
  },
  {
    "Brand_Product_Size": "Myrtle Creek Cage Free Extra Large Eggs 12 Pack 700g",
    "COL Price": 3.95,
    "COL ppu": "$0.56 per 100G",
    "COL Size": "700g"
  },
  {
    "Brand_Product_Size": "Mae Ploy Sweet Chilli Sauce 280mL",
    "COL Price": 2.9,
    "COL ppu": "$1.04 per 100mL",
    "COL Size": "280mL"
  },
  {
    "Brand_Product_Size": "Mutti Cherry Tomatoes 400g",
    "COL Price": 1.6,
    "COL ppu": "$4.00 per 1Kg",
    "COL Size": "400g"
  },
  {
    "Brand_Product_Size": "L'Oreal Revitalift Filler Serum 30mL",
    "COL Price": 31.5,
    "COL ppu": "$105.00 per 100mL",
    "COL Size": "30mL"
  },
  {
    "Brand_Product_Size": "Sanitarium So Good Long Life Regular Soy Milk 1L",
    "COL Price": 1.9,
    "COL ppu": "$1.90 per 1L",
    "COL Size": "1L"
  },
  {
    "Brand_Product_Size": "Benny's Soy Sauce 500mL",
    "COL Price": 7,
    "COL ppu": "$1.40 per 100mL",
    "COL Size": "500mL"
  },
  {
    "Brand_Product_Size": "Clairol Natural Instincts 5R Cinnaberry Medium Auburn Hair Colour 1 pack",
    "COL Price": 12.8,
    "COL ppu": "$12.80 per 1Ea",
    "COL Size": "1 pack"
  },
  {
    "Brand_Product_Size": "Green's Pancake Shake Mix Original 375g",
    "COL Price": 2.9,
    "COL ppu": "$0.77 per 100G",
    "COL Size": "375g"
  },
  {
    "Brand_Product_Size": "Lowan Cocoa Bombs 350g",
    "COL Price": 4,
    "COL ppu": "$1.14 per 100G",
    "COL Size": "350g"
  },
  {
    "Brand_Product_Size": "Grillman BBQ Basic Tongs 35cm each",
    "COL Price": 5,
    "COL ppu": "$5.00 per 1Ea",
    "COL Size": "each"
  },
  {
    "Brand_Product_Size": "Colgate Plax Mouthwash Bamboo Charcoal Mint 250mL",
    "COL Price": 2.8,
    "COL ppu": "$1.12 per 100mL",
    "COL Size": "250mL"
  },
  {
    "Brand_Product_Size": "Primo Red Gum Honey Leg Ham approx. 125g",
    "COL Price": 3.375,
    "COL ppu": "$27.00 per 1Kg",
    "COL Size": "approx. 125g"
  },
  {
    "Brand_Product_Size": "Mutti Polpa Tomatoes Finely Chopped 2 pack 420g",
    "COL Price": 1.4,
    "COL ppu": "$3.33 per 1Kg",
    "COL Size": "420g"
  },
  {
    "Brand_Product_Size": "Purr Succulent Red Snapper & Tuna In Gravy Cat Food 85g",
    "COL Price": 1,
    "COL ppu": "$1.18 per 100G",
    "COL Size": "85g"
  },
  {
    "Brand_Product_Size": "Oak Classic Chocolate Flavoured Milk 2L",
    "COL Price": 4.5,
    "COL ppu": "$2.25 per 1L",
    "COL Size": "2L"
  },
  {
    "Brand_Product_Size": "Simson's Pantry Wholegrain Super Barley 5 pack 225g",
    "COL Price": 5,
    "COL ppu": "$2.22 per 100G",
    "COL Size": "225g"
  },
  {
    "Brand_Product_Size": "British Pork Cumberland Sausage Bag 450g",
    "COL Price": 7.5,
    "COL ppu": "$1.67 per 100G",
    "COL Size": "450g"
  },
  {
    "Brand_Product_Size": "Oral-B Electric Toothbrush Precision Clean Heads Value Pack 6 pack",
    "COL Price": 28,
    "COL ppu": "$4.67 per 1Ea",
    "COL Size": "6 pack"
  },
  {
    "Brand_Product_Size": "Odor Eaters Foot & Shoe Spray 100g",
    "COL Price": 7.5,
    "COL ppu": "$7.50 per 100G",
    "COL Size": "100g"
  },
  {
    "Brand_Product_Size": "Jalna Pot Set Sweet & Creamy Greek Yoghurt 2kg",
    "COL Price": 10.95,
    "COL ppu": "$5.48 per 1L",
    "COL Size": "2kg"
  },
  {
    "Brand_Product_Size": "Coles Medium Lemons Prepacked 5 pack",
    "COL Price": 4.2,
    "COL ppu": "$0.84 per 1Ea",
    "COL Size": "5 pack"
  },
  {
    "Brand_Product_Size": "Essano Rosehip Oil 20mL",
    "COL Price": 20,
    "COL ppu": "$100.00 per 100mL",
    "COL Size": "20mL"
  },
  {
    "Brand_Product_Size": "Coles Perform Open Cottage Pie 340g",
    "COL Price": 8,
    "COL ppu": "$2.35 per 100G",
    "COL Size": "340g"
  },
  {
    "Brand_Product_Size": "Cub Fragrance Free 20 Baby Wipes 1 pack",
    "COL Price": 1.5,
    "COL ppu": "$1.50 per 1Ea",
    "COL Size": "1 pack"
  },
  {
    "Brand_Product_Size": "Coles Finest By Laurent Wholemeal Sourdough Vienna each",
    "COL Price": 6,
    "COL ppu": "$6.00 per 1Ea",
    "COL Size": "each"
  },
  {
    "Brand_Product_Size": "Tandaco Savoury Noodle Pasta & Sauce One Pan Dinner 200g",
    "COL Price": 4,
    "COL ppu": "$2.00 per 100G",
    "COL Size": "200g"
  },
  {
    "Brand_Product_Size": "Heinz All Ages 6+ Months Glass Baby Food Vanilla Custard 110g",
    "COL Price": 1,
    "COL ppu": "$0.91 per 100G",
    "COL Size": "110g"
  },
  {
    "Brand_Product_Size": "Pringles BBQ Stacked Potato Chips 53g",
    "COL Price": 1.5,
    "COL ppu": "$2.83 per 100G",
    "COL Size": "53g"
  },
  {
    "Brand_Product_Size": "La Famiglia Stone Baked Garlic Ciabatta 330g",
    "COL Price": 6.7,
    "COL ppu": "$2.03 per 100G",
    "COL Size": "330g"
  },
  {
    "Brand_Product_Size": "Smith's Baked Sour Cream & Chives 40g",
    "COL Price": 1.5,
    "COL ppu": "$3.75 per 100G",
    "COL Size": "40g"
  },
  {
    "Brand_Product_Size": "Coles Deli Delre Smoked Dutch Cheese approx. 230g",
    "COL Price": 7.13,
    "COL ppu": "$31.00 per 1Kg",
    "COL Size": "approx. 230g"
  },
  {
    "Brand_Product_Size": "Slendier Black Bean Organic Spaghetti 200g",
    "COL Price": 3.9,
    "COL ppu": "$1.95 per 100G",
    "COL Size": "200g"
  },
  {
    "Brand_Product_Size": "I&J The Finest Frozen Prawns Cooked & Peeled Tail Off 500g",
    "COL Price": 15,
    "COL ppu": "$30.00 per 1Kg",
    "COL Size": "500g"
  },
  {
    "Brand_Product_Size": "Koja Natural Peanut Butter Bar Chocolate 30g",
    "COL Price": 3.2,
    "COL ppu": "$10.67 per 100G",
    "COL Size": "30g"
  },
  {
    "Brand_Product_Size": "Uncle Tobys Raspberry Goji & White Choc Bars 5pack 175g",
    "COL Price": 5,
    "COL ppu": "$2.86 per 100G",
    "COL Size": "175g"
  },
  {
    "Brand_Product_Size": "L'Oreal Elnett Normal Strength Hair Spray 75mL",
    "COL Price": 2.5,
    "COL ppu": "$3.33 per 100mL",
    "COL Size": "75mL"
  },
  {
    "Brand_Product_Size": "Mount Franklin Lime Flavoured Lightly Sparkling Water Can 250mL 4 pack",
    "COL Price": 3.6,
    "COL ppu": "$3.60 per 1L",
    "COL Size": "4 pack"
  },
  {
    "Brand_Product_Size": "Coles Hand Sanitiser 50mL",
    "COL Price": 2,
    "COL ppu": "$4.00 per 100mL",
    "COL Size": "50mL"
  },
  {
    "Brand_Product_Size": "Queen Victoria English Breakfast Tea 50 pack",
    "COL Price": 6,
    "COL ppu": "$0.12 per 1Ea",
    "COL Size": "50 pack"
  },
  {
    "Brand_Product_Size": "Oak Chocolate Flavoured Milk 600mL",
    "COL Price": 3.1,
    "COL ppu": "$5.17 per 1L",
    "COL Size": "600mL"
  },
  {
    "Brand_Product_Size": "K-Roo Kanga Bangas 500g",
    "COL Price": 6.5,
    "COL ppu": "$13.00 per 1Kg",
    "COL Size": "500g"
  },
  {
    "Brand_Product_Size": "Hoyts Crushed Dried Chilli 100g",
    "COL Price": 4,
    "COL ppu": "$0.40 per 10G",
    "COL Size": "100g"
  },
  {
    "Brand_Product_Size": "MasterFoods Dill Leaf Tips 10g",
    "COL Price": 2.95,
    "COL ppu": "$2.95 per 10G",
    "COL Size": "10g"
  },
  {
    "Brand_Product_Size": "Mr Chen's Vietnamese Vegetarian Pho Kit 500g",
    "COL Price": 7.5,
    "COL ppu": "$1.50 per 100G",
    "COL Size": "500g"
  },
  {
    "Brand_Product_Size": "Coles Ginger Ground 36g",
    "COL Price": 2.15,
    "COL ppu": "$0.60 per 10G",
    "COL Size": "36g"
  },
  {
    "Brand_Product_Size": "Mersey Valley Green Peppercorn Vintage Cheddar Cheese 235g",
    "COL Price": 5.5,
    "COL ppu": "$23.41 per 1Kg",
    "COL Size": "235g"
  },
  {
    "Brand_Product_Size": "Sunbeam Sultanas 1kg",
    "COL Price": 7.4,
    "COL ppu": "$7.40 per 1Kg",
    "COL Size": "1kg"
  },
  {
    "Brand_Product_Size": "Capilano Pure Honey Squeeze 500g",
    "COL Price": 8.6,
    "COL ppu": "$1.72 per 100G",
    "COL Size": "500g"
  },
  {
    "Brand_Product_Size": "Coles Liver Pieces 100g",
    "COL Price": 4,
    "COL ppu": "$0.40 per 1Ea",
    "COL Size": "100g"
  },
  {
    "Brand_Product_Size": "Cortas Broad Fava Beans 850g",
    "COL Price": 2.7,
    "COL ppu": "$3.18 per 1Kg",
    "COL Size": "850g"
  },
  {
    "Brand_Product_Size": "Mutti Sugo Pasta Sauce Basil Onion 400g",
    "COL Price": 4,
    "COL ppu": "$1.00 per 100G",
    "COL Size": "400g"
  },
  {
    "Brand_Product_Size": "BSC Muscle Protein Shake Double Shot Espresso 450mL",
    "COL Price": 4.65,
    "COL ppu": "$1.03 per 100mL",
    "COL Size": "450mL"
  },
  {
    "Brand_Product_Size": "Unger's Kosher  Dill Pickles 900g",
    "COL Price": 9.5,
    "COL ppu": "$10.56 per 1Kg",
    "COL Size": "900g"
  },
  {
    "Brand_Product_Size": "MasterFoods Smokey BBQ Marinade 375g",
    "COL Price": 2.5,
    "COL ppu": "$0.67 per 100G",
    "COL Size": "375g"
  },
  {
    "Brand_Product_Size": "Don Ham On The Bone approx. 125g each",
    "COL Price": 3.9375,
    "COL ppu": "$31.50 per 1Kg",
    "COL Size": "approx. 125g each"
  },
  {
    "Brand_Product_Size": "Mainland Blue Vein Cheese Portions 100g",
    "COL Price": 4,
    "COL ppu": "$40.00 per 1Kg",
    "COL Size": "100g"
  },
  {
    "Brand_Product_Size": "Twinings Vanilla Matcha Latte 200g",
    "COL Price": 9.65,
    "COL ppu": "$4.83 per 100G",
    "COL Size": "200g"
  },
  {
    "Brand_Product_Size": "Rexona Women Advanced Protection Invisible Dry Pure 100mL",
    "COL Price": 3.5,
    "COL ppu": "$3.50 per 100mL",
    "COL Size": "100mL"
  },
  {
    "Brand_Product_Size": "Daley Street Medium Coffee Capsules 10 pack",
    "COL Price": 4,
    "COL ppu": "",
    "COL Size": "10 pack"
  },
  {
    "Brand_Product_Size": "Dairy Farmers Strawberry Flavoured Milk 500mL",
    "COL Price": 3,
    "COL ppu": "$6.00 per 1L",
    "COL Size": "500mL"
  },
  {
    "Brand_Product_Size": "Lemsip Max Cold and Flu with Decongestant Hot Drink Lemon 10 pack",
    "COL Price": 10,
    "COL ppu": "$1.00 per 1Ea",
    "COL Size": "10 pack"
  },
  {
    "Brand_Product_Size": "Coles Smooth Peanut Butter 500g",
    "COL Price": 3.5,
    "COL ppu": "$0.70 per 100G",
    "COL Size": "500g"
  },
  {
    "Brand_Product_Size": "Coles Choc Cake With Icing 440g",
    "COL Price": 1.8,
    "COL ppu": "$0.41 per 100G",
    "COL Size": "440g"
  },
  {
    "Brand_Product_Size": "Starbucks Latte Premium Instant Mixes 5 pack",
    "COL Price": 2.95,
    "COL ppu": "$0.59 per 1Ea",
    "COL Size": "5 pack"
  },
  {
    "Brand_Product_Size": "Healtheries Kidscare Rice Wheels Cheese 126g",
    "COL Price": 4.75,
    "COL ppu": "$3.77 per 100G",
    "COL Size": "126g"
  },
  {
    "Brand_Product_Size": "Bega Dark Roast Crunchy Peanut Butter 470g",
    "COL Price": 5.9,
    "COL ppu": "$1.26 per 100G",
    "COL Size": "470g"
  },
  {
    "Brand_Product_Size": "Faber Castell Connector Pen Whiteboard Markers 10 pack",
    "COL Price": 19,
    "COL ppu": "$1.90 per 1Ea",
    "COL Size": "10 pack"
  },
  {
    "Brand_Product_Size": "Massel Vegetable Stock Cubes 105g",
    "COL Price": 3.4,
    "COL ppu": "$0.32 per 10G",
    "COL Size": "105g"
  },
  {
    "Brand_Product_Size": "Yoplait Multi Flavoured Classic Yoghurt 12 x100g 12 pack",
    "COL Price": 7,
    "COL ppu": "$0.58 per 1Ea",
    "COL Size": "12 pack"
  },
  {
    "Brand_Product_Size": "Golden Circle Tropical Fruit Drink 24x250mL 6L",
    "COL Price": 13,
    "COL ppu": "$2.17 per 1L",
    "COL Size": "6L"
  },
  {
    "Brand_Product_Size": "Daily Juice Orange Pulp Free 500mL",
    "COL Price": 2.3,
    "COL ppu": "$4.60 per 1L",
    "COL Size": "500mL"
  },
  {
    "Brand_Product_Size": "Republica Organic Medium Roast Decaffeinated Coffee 100g",
    "COL Price": 9.5,
    "COL ppu": "$9.50 per 100G",
    "COL Size": "100g"
  },
  {
    "Brand_Product_Size": "Coca-Cola Classic Coke Multipack Bottles 300mL 4 pack",
    "COL Price": 7.7,
    "COL ppu": "$6.42 per 1L",
    "COL Size": "4 pack"
  },
  {
    "Brand_Product_Size": "Sambucol Cold & Flu Capsules 24 pack",
    "COL Price": 19,
    "COL ppu": "$0.79 per 1Ea",
    "COL Size": "24 pack"
  },
  {
    "Brand_Product_Size": "Vileda All Purpose Cloth 6 pack",
    "COL Price": 5,
    "COL ppu": "$0.83 per 1Ea",
    "COL Size": "6 pack"
  },
  {
    "Brand_Product_Size": "Higher Living Organic Golden Turmeric Tea Bags 15 pack 30g",
    "COL Price": 2.95,
    "COL ppu": "$0.20 per 1Ea",
    "COL Size": "30g"
  },
  {
    "Brand_Product_Size": "Mars M&M's Minis Chocolate 35g",
    "COL Price": 2,
    "COL ppu": "$5.71 per 100G",
    "COL Size": "35g"
  },
  {
    "Brand_Product_Size": "Olinas Pita Cracker Olive Oil Seasalt 100g",
    "COL Price": 3,
    "COL ppu": "$3.00 per 100G",
    "COL Size": "100g"
  },
  {
    "Brand_Product_Size": "Berocca Orange Flavour Energy Vitamin 75 Effervescent Tablets 1 pack",
    "COL Price": 34,
    "COL ppu": "$34.00 per 1Ea",
    "COL Size": "1 pack"
  },
  {
    "Brand_Product_Size": "Tetley Classic Chai Latte Tea Sachets 8 pack 200g",
    "COL Price": 4.95,
    "COL ppu": "$2.48 per 100G",
    "COL Size": "200g"
  },
  {
    "Brand_Product_Size": "Herbert Adams Frozen Gourmet King Island Beef In Rich Gravy Pie  2 pack 420g",
    "COL Price": 7.8,
    "COL ppu": "$1.86 per 100G",
    "COL Size": "420g"
  },
  {
    "Brand_Product_Size": "Bosisto's Sugar Free Eucalyptus Drops 50g",
    "COL Price": 3.3,
    "COL ppu": "$6.60 per 100G",
    "COL Size": "50g"
  },
  {
    "Brand_Product_Size": "Obento Sushi & Sashimi Soy Sauce 250mL",
    "COL Price": 3,
    "COL ppu": "$1.20 per 100mL",
    "COL Size": "250mL"
  },
  {
    "Brand_Product_Size": "Coles Chocolate Mini Cupcakes 9 pack 216g",
    "COL Price": 4,
    "COL ppu": "$1.85 per 100G",
    "COL Size": "216g"
  },
  {
    "Brand_Product_Size": "Cook & Dine Clear Cutlery Set 24 pack",
    "COL Price": 2.2,
    "COL ppu": "$0.09 per 1Ea",
    "COL Size": "24 pack"
  },
  {
    "Brand_Product_Size": "Tom & Luke Snackaballs Peanut Butter 70g",
    "COL Price": 2.5,
    "COL ppu": "$3.57 per 100G",
    "COL Size": "70g"
  },
  {
    "Brand_Product_Size": "Coles Party Hats 10 pack",
    "COL Price": 3,
    "COL ppu": "$0.30 per 1Ea",
    "COL Size": "10 pack"
  },
  {
    "Brand_Product_Size": "McCain Healthy Choice Chicken Honey Mustard 300g",
    "COL Price": 4,
    "COL ppu": "$1.33 per 100G",
    "COL Size": "300g"
  },
  {
    "Brand_Product_Size": "Kellogg's LCM's Fruit Tingles 120g",
    "COL Price": 4,
    "COL ppu": "$3.33 per 100G",
    "COL Size": "120g"
  },
  {
    "Brand_Product_Size": "Coles Caramelised Onion & Balsamic Chutney 270 gram",
    "COL Price": 2.15,
    "COL ppu": "",
    "COL Size": "270 gram"
  },
  {
    "Brand_Product_Size": "KB Thawed Seafood MSC Rock Lobster each",
    "COL Price": 22,
    "COL ppu": "$22.00 per 1Ea",
    "COL Size": "each"
  },
  {
    "Brand_Product_Size": "Taste Of Asia Nori Seaweed Sheets 10 pack",
    "COL Price": 6,
    "COL ppu": "$0.60 per 1Ea",
    "COL Size": "10 pack"
  },
  {
    "Brand_Product_Size": "Coles Mocktails 10 pack 720mL",
    "COL Price": 6,
    "COL ppu": "$0.83 per 100mL",
    "COL Size": "720mL"
  },
  {
    "Brand_Product_Size": "Lipton Peach & Nectarine Ice Tea 500mL",
    "COL Price": 1.9,
    "COL ppu": "$3.80 per 1L",
    "COL Size": "500mL"
  },
  {
    "Brand_Product_Size": "Easiyo Strawberry Yoghurt 230g",
    "COL Price": 4.5,
    "COL ppu": "$1.96 per 100G",
    "COL Size": "230g"
  },
  {
    "Brand_Product_Size": "Musashi Shred & Burn Chocolate Protein Shake 375mL",
    "COL Price": 4.55,
    "COL ppu": "$1.21 per 100mL",
    "COL Size": "375mL"
  },
  {
    "Brand_Product_Size": "South Cape Danish Style Fetta 200g",
    "COL Price": 5,
    "COL ppu": "$25.00 per 1Kg",
    "COL Size": "200g"
  },
  {
    "Brand_Product_Size": "Oli & Vine Whole Egg Mayonnaise 230mL",
    "COL Price": 5,
    "COL ppu": "$2.17 per 100mL",
    "COL Size": "230mL"
  },
  {
    "Brand_Product_Size": "Pattu Fenugreek Seeds 100g",
    "COL Price": 1.7,
    "COL ppu": "$1.70 per 100G",
    "COL Size": "100g"
  },
  {
    "Brand_Product_Size": "Oral B Sensitivity & Gum All Day Protection Toothpaste 90g",
    "COL Price": 10,
    "COL ppu": "$11.11 per 100G",
    "COL Size": "90g"
  },
  {
    "Brand_Product_Size": "Chux Thin Sponges Collections 4 pack",
    "COL Price": 4,
    "COL ppu": "$1.00 per 1Ea",
    "COL Size": "4 pack"
  },
  {
    "Brand_Product_Size": "Coles Wombok Chinese Cabbage Whole each",
    "COL Price": 4.9,
    "COL ppu": "$4.90 per 1Ea",
    "COL Size": "each"
  },
  {
    "Brand_Product_Size": "Windex Shower Cleaner Trigger Spray 750mL",
    "COL Price": 4.2,
    "COL ppu": "$0.56 per 100mL",
    "COL Size": "750mL"
  },
  {
    "Brand_Product_Size": "V.I.P. Chicken Dog Chunkers 1kg",
    "COL Price": 4.25,
    "COL ppu": "$0.43 per 100G",
    "COL Size": "1kg"
  },
  {
    "Brand_Product_Size": "MasterFoods Roast Lamb Seasoning 42g",
    "COL Price": 3.25,
    "COL ppu": "$0.77 per 10G",
    "COL Size": "42g"
  },
  {
    "Brand_Product_Size": "Kinder Chocolate Mini Bites to Share 108g",
    "COL Price": 4.3,
    "COL ppu": "$3.98 per 100G",
    "COL Size": "108g"
  },
  {
    "Brand_Product_Size": "Coles Made Easy Creamy Chicken Pot Pie With Smoked Ham & Leek 500g",
    "COL Price": 10,
    "COL ppu": "$20.00 per 1Kg",
    "COL Size": "500g"
  },
  {
    "Brand_Product_Size": "Scunci Comfy Natural Ponytailers 12 pieces 1 pack",
    "COL Price": 10,
    "COL ppu": "$10.00 per 1Ea",
    "COL Size": "1 pack"
  },
  {
    "Brand_Product_Size": "L'Oreal Casting Creme Gloss Plum Hair Colour 1 pack",
    "COL Price": 12.8,
    "COL ppu": "$12.80 per 1Ea",
    "COL Size": "1 pack"
  },
  {
    "Brand_Product_Size": "Revlon Photoready Perfecting Makeup Primer 27mL",
    "COL Price": 30,
    "COL ppu": "$11.11 per 10mL",
    "COL Size": "27mL"
  },
  {
    "Brand_Product_Size": "Dairylea Original Cheese Slices 24 Pack 432g",
    "COL Price": 5.5,
    "COL ppu": "$12.73 per 1Kg",
    "COL Size": "432g"
  },
  {
    "Brand_Product_Size": "Coles Crushed Ginger 230g",
    "COL Price": 2.8,
    "COL ppu": "$0.12 per 10G",
    "COL Size": "230g"
  },
  {
    "Brand_Product_Size": "Skyn Get Fresh Wipes 30 pack",
    "COL Price": 6,
    "COL ppu": "$0.20 per 1Ea",
    "COL Size": "30 pack"
  },
  {
    "Brand_Product_Size": "Green's Pancake Shake Mix Buttermilk 325g",
    "COL Price": 2.9,
    "COL ppu": "$0.89 per 100G",
    "COL Size": "325g"
  },
  {
    "Brand_Product_Size": "Cook & Dine Bright Eyed Mug each",
    "COL Price": 4,
    "COL ppu": "$4.00 per 1Ea",
    "COL Size": "each"
  },
  {
    "Brand_Product_Size": "Birds Eye Frozen Fresh Caught Barramundi Fish Fillets 4 Pack 270g",
    "COL Price": 8,
    "COL ppu": "$29.63 per 1Kg",
    "COL Size": "270g"
  },
  {
    "Brand_Product_Size": "Dairylea Cheese Sticks 12 pack 240g",
    "COL Price": 5.6,
    "COL ppu": "$23.33 per 1Kg",
    "COL Size": "240g"
  },
  {
    "Brand_Product_Size": "Red Rock Deli Basil Pesto Pecorino & Cashew Dip 150g",
    "COL Price": 4.5,
    "COL ppu": "$3.00 per 100G",
    "COL Size": "150g"
  },
  {
    "Brand_Product_Size": "McKenzie's Gelatine Leaves 20g",
    "COL Price": 5,
    "COL ppu": "$25.00 per 100G",
    "COL Size": "20g"
  },
  {
    "Brand_Product_Size": "Nivea Double Effect Aerosol Antiperspirant Deodorant 250mL",
    "COL Price": 6.5,
    "COL ppu": "$2.60 per 100mL",
    "COL Size": "250mL"
  },
  {
    "Brand_Product_Size": "Casalingo Heritage Ham approx. 125g",
    "COL Price": 4.375,
    "COL ppu": "$35.00 per 1Kg",
    "COL Size": "approx. 125g"
  },
  {
    "Brand_Product_Size": "Coles Indian Daal Makhani 300g",
    "COL Price": 3,
    "COL ppu": "$1.00 per 100G",
    "COL Size": "300g"
  },
  {
    "Brand_Product_Size": "Coles Irresistible Berry Biscuit White Choc 400mL",
    "COL Price": 3.8,
    "COL ppu": "$0.95 per 100mL",
    "COL Size": "400mL"
  },
  {
    "Brand_Product_Size": "Coles Wooden Coat Hangers 3 pack",
    "COL Price": 3.15,
    "COL ppu": "$1.05 per 1Ea",
    "COL Size": "3 pack"
  },
  {
    "Brand_Product_Size": "Lavazza Qualita Rossa Ground 1kg",
    "COL Price": 22,
    "COL ppu": "$2.20 per 100G",
    "COL Size": "1kg"
  },
  {
    "Brand_Product_Size": "Cenovis Garlic Horseradish + C Complex Capsules 120 pack",
    "COL Price": 16.5,
    "COL ppu": "$0.14 per 1Ea",
    "COL Size": "120 pack"
  },
  {
    "Brand_Product_Size": "Dolmio Nonna'S Pasta Sauce Roast Garlic 500g",
    "COL Price": 4,
    "COL ppu": "$0.80 per 100G",
    "COL Size": "500g"
  },
  {
    "Brand_Product_Size": "Bonds Mens Logo Light No Show SYTK4G Size 6-10 4 pack",
    "COL Price": 15,
    "COL ppu": "",
    "COL Size": "4 pack"
  },
  {
    "Brand_Product_Size": "Fisiocrem Solugel 120g",
    "COL Price": 22,
    "COL ppu": "$18.33 per 100G",
    "COL Size": "120g"
  },
  {
    "Brand_Product_Size": "Easiyo Greek Style Honey Yoghurt 210g",
    "COL Price": 4.7,
    "COL ppu": "$2.24 per 100G",
    "COL Size": "210g"
  },
  {
    "Brand_Product_Size": "Peters No Sugar Added Ice Cream 1.2L",
    "COL Price": 7.6,
    "COL ppu": "$0.63 per 100mL",
    "COL Size": "1.2L"
  },
  {
    "Brand_Product_Size": "Peters Frosty Fruits Tropical 8 pack 600mL",
    "COL Price": 7,
    "COL ppu": "$1.17 per 100mL",
    "COL Size": "600mL"
  },
  {
    "Brand_Product_Size": "Cub Travel Bowl With Easy Grip Spoon 6+ Months 1 pack",
    "COL Price": 5,
    "COL ppu": "$5.00 per 1Ea",
    "COL Size": "1 pack"
  },
  {
    "Brand_Product_Size": "Armor All Original Protectant 250mL",
    "COL Price": 9,
    "COL ppu": "",
    "COL Size": "250mL"
  },
  {
    "Brand_Product_Size": "Grandma Moses Olive & Rosemary Sourdough 900g",
    "COL Price": 7.5,
    "COL ppu": "$0.83 per 100G",
    "COL Size": "900g"
  },
  {
    "Brand_Product_Size": "TriShave 3IN1 Shave Creme Women 100g",
    "COL Price": 6.5,
    "COL ppu": "$6.50 per 100G",
    "COL Size": "100g"
  },
  {
    "Brand_Product_Size": "Outback Spirit Peri-Peri Wild Lime Sauce 245mL",
    "COL Price": 3,
    "COL ppu": "$1.22 per 100mL",
    "COL Size": "245mL"
  },
  {
    "Brand_Product_Size": "Vileda Super Microfibre Plus Mop Refill each",
    "COL Price": 11,
    "COL ppu": "$11.00 per 1Ea",
    "COL Size": "each"
  },
  {
    "Brand_Product_Size": "McCormick Grill Mates All Star Burger Mix 40g",
    "COL Price": 2,
    "COL ppu": "$0.50 per 10G",
    "COL Size": "40g"
  },
  {
    "Brand_Product_Size": "Nature's Gift Small Breed Dry With Chicken & Mixed Vegetables 2.25kg",
    "COL Price": 9.5,
    "COL ppu": "$0.42 per 100G",
    "COL Size": "2.25kg"
  },
  {
    "Brand_Product_Size": "LPO Rewind Age Defence Night Cream 50mL",
    "COL Price": 19.2,
    "COL ppu": "$38.40 per 100mL",
    "COL Size": "50mL"
  },
  {
    "Brand_Product_Size": "Coles Premium Peppercorn Sauce 200mL",
    "COL Price": 4,
    "COL ppu": "$2.00 per 100mL",
    "COL Size": "200mL"
  },
  {
    "Brand_Product_Size": "Coles Kitchen Quinoa Tabouleh Salad 200g",
    "COL Price": 3.5,
    "COL ppu": "$1.75 per 100G",
    "COL Size": "200g"
  },
  {
    "Brand_Product_Size": "Coles Ultimate Triple Choc Chip Cookie 400g",
    "COL Price": 3.5,
    "COL ppu": "$0.88 per 100G",
    "COL Size": "400g"
  },
  {
    "Brand_Product_Size": "Patties Mini Quiche Cheese & Onion 420g",
    "COL Price": 6,
    "COL ppu": "$1.43 per 100G",
    "COL Size": "420g"
  },
  {
    "Brand_Product_Size": "Saxa Iodised Table Salt 125g",
    "COL Price": 2,
    "COL ppu": "$0.16 per 10G",
    "COL Size": "125g"
  },
  {
    "Brand_Product_Size": "White Wings Self Raising Flour 1kg",
    "COL Price": 3,
    "COL ppu": "$3.00 per 1Kg",
    "COL Size": "1kg"
  },
  {
    "Brand_Product_Size": "Betty Crocker Frosted Chocolate Brownie Mix 500g",
    "COL Price": 5.2,
    "COL ppu": "$1.04 per 100G",
    "COL Size": "500g"
  },
  {
    "Brand_Product_Size": "Coca Cola Soft Drink Coke Can 250mL",
    "COL Price": 2.25,
    "COL ppu": "$9.00 per 1L",
    "COL Size": "250mL"
  },
  {
    "Brand_Product_Size": "Clara Menstrual Cup Model 2 each",
    "COL Price": 40,
    "COL ppu": "$40.00 per 1Ea",
    "COL Size": "each"
  },
  {
    "Brand_Product_Size": "Vittoria Mountain Grown Ground Coffee 1kg",
    "COL Price": 36.5,
    "COL ppu": "$3.65 per 100G",
    "COL Size": "1kg"
  },
  {
    "Brand_Product_Size": "Van Der Meulen Pumpernickel Bread 500g",
    "COL Price": 2.4,
    "COL ppu": "$0.48 per 100G",
    "COL Size": "500g"
  },
  {
    "Brand_Product_Size": "Coles BBQ Meat Feast Pizza 500g",
    "COL Price": 3.5,
    "COL ppu": "$0.70 per 100G",
    "COL Size": "500g"
  },
  {
    "Brand_Product_Size": "Royal Fields Whole Red Lentils 1kg",
    "COL Price": 3.6,
    "COL ppu": "$3.60 per 1Kg",
    "COL Size": "1kg"
  },
  {
    "Brand_Product_Size": "BSC High Protein Peanut Butter Fudge Muscle Bar 80g",
    "COL Price": 5,
    "COL ppu": "$6.25 per 100G",
    "COL Size": "80g"
  },
  {
    "Brand_Product_Size": "Tibaldi Ham Off The Bone 120g",
    "COL Price": 4.5,
    "COL ppu": "$37.50 per 1Kg",
    "COL Size": "120g"
  },
  {
    "Brand_Product_Size": "Sukin Moisture Restoring Night Cream 120mL",
    "COL Price": 20,
    "COL ppu": "$16.67 per 100mL",
    "COL Size": "120mL"
  },
  {
    "Brand_Product_Size": "Nice & Natural Chocolate Almond Nut Bars 6 pack 180g",
    "COL Price": 4,
    "COL ppu": "$2.22 per 100G",
    "COL Size": "180g"
  },
  {
    "Brand_Product_Size": "Pantene Daily Moisture Renewal Shampoo 375mL",
    "COL Price": 8,
    "COL ppu": "$2.13 per 100mL",
    "COL Size": "375mL"
  },
  {
    "Brand_Product_Size": "Lean Cuisine Roast Chicken With Veg & Sweet Potato Mash 350g",
    "COL Price": 8.5,
    "COL ppu": "$2.43 per 100G",
    "COL Size": "350g"
  },
  {
    "Brand_Product_Size": "Cucina Matese Conchiglioni Italian Pasta 500g",
    "COL Price": 5,
    "COL ppu": "$1.00 per 100G",
    "COL Size": "500g"
  },
  {
    "Brand_Product_Size": "Kellogg's Gluten Free Baked Muesli Breakfast Biscuits With Apricot Fig And Raisin 200g",
    "COL Price": 5,
    "COL ppu": "$2.50 per 100G",
    "COL Size": "200g"
  },
  {
    "Brand_Product_Size": "Coles Beef Chuck Casserole Steak approx. 879g",
    "COL Price": 15.822,
    "COL ppu": "$18.00 per 1Kg",
    "COL Size": "approx. 879g"
  },
  {
    "Brand_Product_Size": "Soyco Tofu Malaysian Peanut Satay 200g",
    "COL Price": 4.7,
    "COL ppu": "$2.35 per 100G",
    "COL Size": "200g"
  },
  {
    "Brand_Product_Size": "Vittoria Oro Ground 1kg",
    "COL Price": 33,
    "COL ppu": "$3.30 per 100G",
    "COL Size": "1kg"
  },
  {
    "Brand_Product_Size": "Pepsi Max Multipack Cans 375mL 10 pack",
    "COL Price": 7.5,
    "COL ppu": "$2.00 per 1L",
    "COL Size": "10 pack"
  },
  {
    "Brand_Product_Size": "Sharwood's Malaysian Coconut Curry Asian Pouch 250g",
    "COL Price": 3.5,
    "COL ppu": "$1.40 per 100G",
    "COL Size": "250g"
  },
  {
    "Brand_Product_Size": "Vitasoy Almond Barista Milk 1L",
    "COL Price": 4,
    "COL ppu": "$4.00 per 1L",
    "COL Size": "1L"
  },
  {
    "Brand_Product_Size": "Red Rock Deli Sea Salt Potato Chips 50g",
    "COL Price": 1.5,
    "COL ppu": "$3.00 per 100G",
    "COL Size": "50g"
  },
  {
    "Brand_Product_Size": "Head & Shoulders Supreme Moisture Creme Conditioner 550mL",
    "COL Price": 9.5,
    "COL ppu": "$1.73 per 100mL",
    "COL Size": "550mL"
  },
  {
    "Brand_Product_Size": "Schwobs Classic White Half Loaf 450g",
    "COL Price": 2.9,
    "COL ppu": "$0.64 per 100G",
    "COL Size": "450g"
  },
  {
    "Brand_Product_Size": "Coles Apple Fruit Drink Multipack 250mL 6 pack",
    "COL Price": 2.65,
    "COL ppu": "$1.77 per 1L",
    "COL Size": "6 pack"
  },
  {
    "Brand_Product_Size": "Dreambaby Clip Buddy each",
    "COL Price": 7,
    "COL ppu": "$7.00 per 1Ea",
    "COL Size": "each"
  },
  {
    "Brand_Product_Size": "Three Farmers Australian Golden Quinoa 400g",
    "COL Price": 7,
    "COL ppu": "$1.75 per 100G",
    "COL Size": "400g"
  },
  {
    "Brand_Product_Size": "Coles Gluten Free Sesame Snaps 3 pack 120g",
    "COL Price": 1.5,
    "COL ppu": "$1.25 per 100G",
    "COL Size": "120g"
  },
  {
    "Brand_Product_Size": "Dandy Chicken & Ham Knob 1kg",
    "COL Price": 3.4,
    "COL ppu": "$3.40 per 1Kg",
    "COL Size": "1kg"
  },
  {
    "Brand_Product_Size": "Coles Cheese Slices 24 Pack 500g",
    "COL Price": 3.9,
    "COL ppu": "$7.80 per 1Kg",
    "COL Size": "500g"
  },
  {
    "Brand_Product_Size": "Mix Fuller Figure Pantyhose 15 Denier Size 2 4 pack",
    "COL Price": 5,
    "COL ppu": "$1.25 per 1Ea",
    "COL Size": "4 pack"
  },
  {
    "Brand_Product_Size": "Coles Oval Paddle Brush 1 pack",
    "COL Price": 6.8,
    "COL ppu": "$6.80 per 1Ea",
    "COL Size": "1 pack"
  },
  {
    "Brand_Product_Size": "Coles Dog Collar With Steel O Ring & Safety Clip Small 1 pack",
    "COL Price": 4,
    "COL ppu": "$4.00 per 1Ea",
    "COL Size": "1 pack"
  },
  {
    "Brand_Product_Size": "Nivea Men Deep Shaving Gel + Black Carbon 200mL",
    "COL Price": 6,
    "COL ppu": "$3.00 per 100mL",
    "COL Size": "200mL"
  },
  {
    "Brand_Product_Size": "Higher Living Organic Ginger Kick Tea Bags 15 pack 37g",
    "COL Price": 2.95,
    "COL ppu": "$0.20 per 1Ea",
    "COL Size": "37g"
  },
  {
    "Brand_Product_Size": "Bushells Blue LabelBlack Tea Bags 100 pack",
    "COL Price": 3.5,
    "COL ppu": "$0.04 per 1Ea",
    "COL Size": "100 pack"
  },
  {
    "Brand_Product_Size": "Cook & Dine Wok Spatula each",
    "COL Price": 3,
    "COL ppu": "$3.00 per 1Ea",
    "COL Size": "each"
  },
  {
    "Brand_Product_Size": "Ajishima Japanese Instant Miso Soup Fried Tofu 2 Pack 12g",
    "COL Price": 2.6,
    "COL ppu": "$2.17 per 10G",
    "COL Size": "12g"
  },
  {
    "Brand_Product_Size": "Coles Red Seedless Grapes approx. 800g",
    "COL Price": 2.72,
    "COL ppu": "$3.40 per 1Kg",
    "COL Size": "approx. 800g"
  },
  {
    "Brand_Product_Size": "Arnott's Malt-O-Milk Biscuits 250g",
    "COL Price": 3,
    "COL ppu": "$1.20 per 100G",
    "COL Size": "250g"
  },
  {
    "Brand_Product_Size": "Schmackos Strapz With Beef Dog Treats 500g",
    "COL Price": 12.9,
    "COL ppu": "$2.58 per 100G",
    "COL Size": "500g"
  },
  {
    "Brand_Product_Size": "Allen's Ripe Raspberries 190g",
    "COL Price": 3,
    "COL ppu": "$1.58 per 100G",
    "COL Size": "190g"
  },
  {
    "Brand_Product_Size": "Only Organic Macaroni & Cheese Pasta 1-5 Years 220g",
    "COL Price": 3,
    "COL ppu": "$1.36 per 100G",
    "COL Size": "220g"
  },
  {
    "Brand_Product_Size": "Cottee's Lemon No Added Sugar Cordial 1L",
    "COL Price": 4.2,
    "COL ppu": "$4.20 per 1L",
    "COL Size": "1L"
  },
  {
    "Brand_Product_Size": "Sirena La Vita Lite Tuna In Oil 185g",
    "COL Price": 4.3,
    "COL ppu": "$23.24 per 1Kg",
    "COL Size": "185g"
  },
  {
    "Brand_Product_Size": "Coles Urban Coffee Culture Double Espresso Caffitaly Compatible Coffee Capsules 10 pack",
    "COL Price": 3.7,
    "COL ppu": "$0.37 per 1Ea",
    "COL Size": "10 pack"
  },
  {
    "Brand_Product_Size": "Uncle Ben's Express Indian Style Spiced Rice Pouch 250g",
    "COL Price": 2.5,
    "COL ppu": "$1.00 per 100G",
    "COL Size": "250g"
  },
  {
    "Brand_Product_Size": "Coles Hot Dog Rolls 6 pack",
    "COL Price": 2.5,
    "COL ppu": "$0.42 per 1Ea",
    "COL Size": "6 pack"
  },
  {
    "Brand_Product_Size": "Coles Mocha Ice Cream 1L",
    "COL Price": 5,
    "COL ppu": "$5.00 per 1L",
    "COL Size": "1L"
  },
  {
    "Brand_Product_Size": "Air Wick Soft Cotton Air Freshener Spray 159g",
    "COL Price": 7,
    "COL ppu": "$4.40 per 100G",
    "COL Size": "159g"
  },
  {
    "Brand_Product_Size": "Higher Living Organic Cinnamon Tea Bags 15 Pack 33g",
    "COL Price": 2.95,
    "COL ppu": "$0.20 per 1Ea",
    "COL Size": "33g"
  },
  {
    "Brand_Product_Size": "MasterFoods Creamy Chicken & Mushroom Simmer Sauce 490g",
    "COL Price": 3.7,
    "COL ppu": "$0.76 per 100G",
    "COL Size": "490g"
  },
  {
    "Brand_Product_Size": "Sanpellegrino Aranciata Rossa Drink Cans 4 pack",
    "COL Price": 6,
    "COL ppu": "$1.50 per 1Ea",
    "COL Size": "4 pack"
  },
  {
    "Brand_Product_Size": "Vanish Napisan Crystal White Oxi Action Pre Treat In Wash & Powder Laundry Soak 2kg",
    "COL Price": 13,
    "COL ppu": "$6.50 per 1Kg",
    "COL Size": "2kg"
  },
  {
    "Brand_Product_Size": "The Culture Co. Probiotic Kefir Blueberry Yoghurt 1kg",
    "COL Price": 7,
    "COL ppu": "$7.00 per 1Kg",
    "COL Size": "1kg"
  },
  {
    "Brand_Product_Size": "Coles Mayan Gold Potatoes 1kg",
    "COL Price": 6,
    "COL ppu": "$6.00 per 1Kg",
    "COL Size": "1kg"
  },
  {
    "Brand_Product_Size": "Nerf \"Cat 2.5\" Exo Rattle Ball\" 1 pack",
    "COL Price": 6,
    "COL ppu": "$6.00 per 1Ea",
    "COL Size": "1 pack"
  },
  {
    "Brand_Product_Size": "Grillman BBQ Small Aluminium Trays 5 pack",
    "COL Price": 4,
    "COL ppu": "$0.80 per 1Ea",
    "COL Size": "5 pack"
  },
  {
    "Brand_Product_Size": "Massel Salt Reduced Chicken Style Stock 1L",
    "COL Price": 3,
    "COL ppu": "$0.30 per 100mL",
    "COL Size": "1L"
  },
  {
    "Brand_Product_Size": "Coles Deli Style Honey Soy Chicken Potato Chips 200g",
    "COL Price": 2.5,
    "COL ppu": "$1.25 per 100G",
    "COL Size": "200g"
  },
  {
    "Brand_Product_Size": "Gourmet Garden Garlic Cold Blended Paste 80g",
    "COL Price": 3.5,
    "COL ppu": "$0.44 per 10G",
    "COL Size": "80g"
  },
  {
    "Brand_Product_Size": "Crayola Crayons Tuck Box 24 pack",
    "COL Price": 2.5,
    "COL ppu": "",
    "COL Size": "24 pack"
  },
  {
    "Brand_Product_Size": "Coles Fruit Chutney 270 gram",
    "COL Price": 2.15,
    "COL ppu": "",
    "COL Size": "270 gram"
  },
  {
    "Brand_Product_Size": "Bokomo Pro Nutro Chocolate Flavoured Instant Porridge Cereal 500g",
    "COL Price": 7.2,
    "COL ppu": "$1.44 per 100G",
    "COL Size": "500g"
  },
  {
    "Brand_Product_Size": "Dodoni Greek Fetta Cheese 400g",
    "COL Price": 12,
    "COL ppu": "$30.00 per 1Kg",
    "COL Size": "400g"
  },
  {
    "Brand_Product_Size": "Coca Cola No Sugar Vanilla 10 pack",
    "COL Price": 13.75,
    "COL ppu": "$1.38 per 1Ea",
    "COL Size": "10 pack"
  },
  {
    "Brand_Product_Size": "Nivea Black & White Invisible Silky Smooth Aerosol Antiperspirant Deodorant 250mL",
    "COL Price": 6.5,
    "COL ppu": "$2.60 per 100mL",
    "COL Size": "250mL"
  },
  {
    "Brand_Product_Size": "Blackmores Celery 3000 Tablets 50 pack",
    "COL Price": 9,
    "COL ppu": "$0.18 per 1Ea",
    "COL Size": "50 pack"
  },
  {
    "Brand_Product_Size": "McCain Hash Browns 6 pack 390g",
    "COL Price": 1.25,
    "COL ppu": "$0.32 per 100G",
    "COL Size": "390g"
  },
  {
    "Brand_Product_Size": "Vicks Vapodrops Anti Inflammatory Lemon 16 pack",
    "COL Price": 7.99,
    "COL ppu": "$0.50 per 1Ea",
    "COL Size": "16 pack"
  },
  {
    "Brand_Product_Size": "Always Discreet Underwear Pants Medium For Bladder Leaks 9 pack",
    "COL Price": 20,
    "COL ppu": "$2.22 per 1Ea",
    "COL Size": "9 pack"
  },
  {
    "Brand_Product_Size": "Darrell Lea Milk Choc Block 170g",
    "COL Price": 3,
    "COL ppu": "$1.76 per 100G",
    "COL Size": "170g"
  },
  {
    "Brand_Product_Size": "Davinci Shaving Brush 1 pack",
    "COL Price": 6.5,
    "COL ppu": "$6.50 per 1Ea",
    "COL Size": "1 pack"
  },
  {
    "Brand_Product_Size": "Colgate Optic White Enamel White Whitening Toothpaste 140g",
    "COL Price": 10,
    "COL ppu": "$7.14 per 100G",
    "COL Size": "140g"
  },
  {
    "Brand_Product_Size": "Nature's Way Vitamin C 500mg Chewable Tablets 500 pack",
    "COL Price": 29,
    "COL ppu": "$0.06 per 1Ea",
    "COL Size": "500 pack"
  },
  {
    "Brand_Product_Size": "McKenzie's 12 Blend Soup Mix 375g",
    "COL Price": 2.3,
    "COL ppu": "$0.61 per 100G",
    "COL Size": "375g"
  },
  {
    "Brand_Product_Size": "Coles Kitchen American BBQ Slaw Kit 400g",
    "COL Price": 5,
    "COL ppu": "$1.25 per 100G",
    "COL Size": "400g"
  },
  {
    "Brand_Product_Size": "Nexba Soft Drink Orange 10 pack",
    "COL Price": 12.4,
    "COL ppu": "$1.24 per 1Ea",
    "COL Size": "10 pack"
  },
  {
    "Brand_Product_Size": "Elastoplast Adhesive Roll Plaster 2.5cm x 3m each",
    "COL Price": 7,
    "COL ppu": "$2.33 per 1M",
    "COL Size": "each"
  },
  {
    "Brand_Product_Size": "Dollar Sweets Sprinkles 5 In 1 Pack 125g",
    "COL Price": 2,
    "COL ppu": "$1.60 per 100G",
    "COL Size": "125g"
  },
  {
    "Brand_Product_Size": "Bulla Splits Spiders Multiflavour Ice Cream Sticks 10 Pack 750mL",
    "COL Price": 7,
    "COL ppu": "$0.93 per 100mL",
    "COL Size": "750mL"
  },
  {
    "Brand_Product_Size": "Zafarelli Spirali Pasta No 56 500g",
    "COL Price": 1.6,
    "COL ppu": "$0.32 per 100G",
    "COL Size": "500g"
  },
  {
    "Brand_Product_Size": "Multix Greener Plant Based Snack Bags 35 pack",
    "COL Price": 3.1,
    "COL ppu": "$0.09 per 1Ea",
    "COL Size": "35 pack"
  },
  {
    "Brand_Product_Size": "Coles Smokey Cheddar Waxed Cheese 150g",
    "COL Price": 4.5,
    "COL ppu": "$30.00 per 1Kg",
    "COL Size": "150g"
  },
  {
    "Brand_Product_Size": "Coles Royal Gala Apples Loose approx. 160g each",
    "COL Price": 0.56,
    "COL ppu": "$3.50 per 1Kg",
    "COL Size": "approx. 160g each"
  },
  {
    "Brand_Product_Size": "Aussie Bodies HPLC Cookies & Cream Protein Bar 100g",
    "COL Price": 5,
    "COL ppu": "$5.00 per 1Ea",
    "COL Size": "100g"
  },
  {
    "Brand_Product_Size": "Dimetapp Cold & Flu Tablets 27 pack",
    "COL Price": 12.5,
    "COL ppu": "$0.46 per 1Ea",
    "COL Size": "27 pack"
  },
  {
    "Brand_Product_Size": "Tracklement Perfect Ploughmans Pickle 295g",
    "COL Price": 14.75,
    "COL ppu": "$5.00 per 100G",
    "COL Size": "295g"
  },
  {
    "Brand_Product_Size": "Arnott's Tim Tam Double Coat Chocolate Biscuits 200g",
    "COL Price": 4,
    "COL ppu": "$2.00 per 100G",
    "COL Size": "200g"
  },
  {
    "Brand_Product_Size": "Misko Macaroni No 2 Greek Pasta 500g",
    "COL Price": 2.3,
    "COL ppu": "$0.46 per 100G",
    "COL Size": "500g"
  },
  {
    "Brand_Product_Size": "Schwarzkopf Got2b Beach Matt Texturizing Salt Spray 200mL",
    "COL Price": 7.8,
    "COL ppu": "$3.90 per 100mL",
    "COL Size": "200mL"
  },
  {
    "Brand_Product_Size": "Lucky Almond Meal 400g",
    "COL Price": 8,
    "COL ppu": "$20.00 per 1Kg",
    "COL Size": "400g"
  },
  {
    "Brand_Product_Size": "Safcol Smoked Oysters In Oil 85g",
    "COL Price": 2,
    "COL ppu": "$23.53 per 1Kg",
    "COL Size": "85g"
  },
  {
    "Brand_Product_Size": "Birds Eye Frozen Fresh Caught Barramundi Crispy Batter Fillets 4 Pack 270g",
    "COL Price": 8,
    "COL ppu": "$29.63 per 1Kg",
    "COL Size": "270g"
  },
  {
    "Brand_Product_Size": "Coles Basil Leaves 14g",
    "COL Price": 1.95,
    "COL ppu": "$1.39 per 10G",
    "COL Size": "14g"
  },
  {
    "Brand_Product_Size": "Nescafe Gold Original Premium Instant Coffee 100g",
    "COL Price": 9.5,
    "COL ppu": "$9.50 per 100G",
    "COL Size": "100g"
  },
  {
    "Brand_Product_Size": "Maggi 2 Minute Noodles Beef 12 Pack 888g",
    "COL Price": 8,
    "COL ppu": "$0.90 per 100G",
    "COL Size": "888g"
  },
  {
    "Brand_Product_Size": "Heinz Classic Creamy Tomato Soup Can 535g",
    "COL Price": 2.5,
    "COL ppu": "$0.47 per 100G",
    "COL Size": "535g"
  },
  {
    "Brand_Product_Size": "Osem Croutons Mini 400g",
    "COL Price": 7.3,
    "COL ppu": "$1.83 per 100G",
    "COL Size": "400g"
  },
  {
    "Brand_Product_Size": "Schweppes Lemon Lime & Bitter No Sugar Mixers 1.1L",
    "COL Price": 2.15,
    "COL ppu": "$1.95 per 1L",
    "COL Size": "1.1L"
  },
  {
    "Brand_Product_Size": "Vaalia Kids Lactose Free Yoghurt Blueberry 140g",
    "COL Price": 1.7,
    "COL ppu": "$1.21 per 100G",
    "COL Size": "140g"
  },
  {
    "Brand_Product_Size": "Arnott's Mozzarella & Basil Cracker Chips 150g",
    "COL Price": 3,
    "COL ppu": "$2.00 per 100G",
    "COL Size": "150g"
  },
  {
    "Brand_Product_Size": "Multix Small Garbage Trolley Bin Liners Bags 10 pack",
    "COL Price": 5.5,
    "COL ppu": "$0.55 per 1Ea",
    "COL Size": "10 pack"
  },
  {
    "Brand_Product_Size": "Sunsol Probiotic Kids Cereal Strawberry Crunch 230g",
    "COL Price": 5,
    "COL ppu": "$2.17 per 100G",
    "COL Size": "230g"
  },
  {
    "Brand_Product_Size": "Heinz Classic Creamy Pumpkin Soup Can 535g",
    "COL Price": 2.5,
    "COL ppu": "$0.47 per 100G",
    "COL Size": "535g"
  },
  {
    "Brand_Product_Size": "Spring Gully Gherkins Rounds 550g",
    "COL Price": 4.1,
    "COL ppu": "$7.45 per 1Kg",
    "COL Size": "550g"
  },
  {
    "Brand_Product_Size": "Coles Frozen Potato Royals 1kg",
    "COL Price": 2.9,
    "COL ppu": "$2.90 per 1Kg",
    "COL Size": "1kg"
  },
  {
    "Brand_Product_Size": "CC's Nacho Cheese Corn Chips 175g",
    "COL Price": 3.5,
    "COL ppu": "$2.00 per 100G",
    "COL Size": "175g"
  },
  {
    "Brand_Product_Size": "Pedigree Loaf With 5 Kinds Of Meat Adult Wet Dog Food Can 700g",
    "COL Price": 2.5,
    "COL ppu": "$0.36 per 100G",
    "COL Size": "700g"
  },
  {
    "Brand_Product_Size": "Aunty Kath's Cookie Dough M&M 450g",
    "COL Price": 4.8,
    "COL ppu": "$1.07 per 100G",
    "COL Size": "450g"
  },
  {
    "Brand_Product_Size": "Dare Caramel Latte Flavoured Milk Iced Coffee 500mL",
    "COL Price": 3.5,
    "COL ppu": "$7.00 per 1L",
    "COL Size": "500mL"
  },
  {
    "Brand_Product_Size": "Marion's Kitchen Miso & Sesame Vinaigrette 240mL",
    "COL Price": 5,
    "COL ppu": "$2.08 per 100mL",
    "COL Size": "240mL"
  },
  {
    "Brand_Product_Size": "Maggie Beer Quince Paste 100g",
    "COL Price": 6,
    "COL ppu": "$60.00 per 1Kg",
    "COL Size": "100g"
  },
  {
    "Brand_Product_Size": "Cancer Council Face Moisturiser Matte Water Resistant SPF 50 150mL",
    "COL Price": 17.5,
    "COL ppu": "$11.67 per 100mL",
    "COL Size": "150mL"
  },
  {
    "Brand_Product_Size": "L'Oreal Paris Pure Clay Anti-Blemish Marine Algae Mask 50mL",
    "COL Price": 14,
    "COL ppu": "$28.00 per 100mL",
    "COL Size": "50mL"
  },
  {
    "Brand_Product_Size": "L'Oreal Magic Retouch 9.3 Light Blonde 75mL",
    "COL Price": 12.8,
    "COL ppu": "$17.07 per 100mL",
    "COL Size": "75mL"
  },
  {
    "Brand_Product_Size": "Essano Collagen Boost Eye Creme 10g",
    "COL Price": 20,
    "COL ppu": "$20.00 per 10G",
    "COL Size": "10g"
  },
  {
    "Brand_Product_Size": "Taste Traders Peri Peri Chicken 150g",
    "COL Price": 2,
    "COL ppu": "$1.33 per 100G",
    "COL Size": "150g"
  },
  {
    "Brand_Product_Size": "Vittoria Mountain Grown Coffee Beans 1kg",
    "COL Price": 36.5,
    "COL ppu": "$3.65 per 100G",
    "COL Size": "1kg"
  },
  {
    "Brand_Product_Size": "Fresh Bake 6 Apple Fingers Biscuits 260g",
    "COL Price": 3.25,
    "COL ppu": "$1.25 per 100G",
    "COL Size": "260g"
  },
  {
    "Brand_Product_Size": "Carman's Dark Choc & Cranberry Gourmet Protein Bar 5 pack 200g",
    "COL Price": 6.3,
    "COL ppu": "$3.15 per 100G",
    "COL Size": "200g"
  },
  {
    "Brand_Product_Size": "Coles Beef & Pork  Mixed Pack Sliders 600g",
    "COL Price": 8.5,
    "COL ppu": "$14.17 per 1Kg",
    "COL Size": "600g"
  },
  {
    "Brand_Product_Size": "Sealord Hoki Tempura Batter Fillet 450g",
    "COL Price": 9.5,
    "COL ppu": "$21.11 per 1Kg",
    "COL Size": "450g"
  },
  {
    "Brand_Product_Size": "Ayam Hainanese Chicken Rice Paste 185g",
    "COL Price": 3.5,
    "COL ppu": "$1.89 per 100G",
    "COL Size": "185g"
  },
  {
    "Brand_Product_Size": "SPC Baked Beans in Rich Tomato Salt Reduced 4 pack 220g",
    "COL Price": 5,
    "COL ppu": "$0.57 per 100G",
    "COL Size": "220g"
  },
  {
    "Brand_Product_Size": "St Remio Coffee Expressi/Caffitaly Compatible Bio-Organic Aromatic Capsules 10 pack",
    "COL Price": 5,
    "COL ppu": "$0.50 per 1Ea",
    "COL Size": "10 pack"
  },
  {
    "Brand_Product_Size": "Berri Quelch Tropical Fruit Juice Icy Tubes 24 pack 1.68L",
    "COL Price": 7,
    "COL ppu": "$0.42 per 100mL",
    "COL Size": "1.68L"
  },
  {
    "Brand_Product_Size": "Bega Simply Nuts Smooth Peanut Butter 325g",
    "COL Price": 4,
    "COL ppu": "$1.23 per 100G",
    "COL Size": "325g"
  },
  {
    "Brand_Product_Size": "Decor Tellfresh Round Regular Container 350mL each",
    "COL Price": 2,
    "COL ppu": "$2.00 per 1Ea",
    "COL Size": "each"
  },
  {
    "Brand_Product_Size": "Schweppes Tonic Water Mixers 1.1L",
    "COL Price": 2.15,
    "COL ppu": "$1.95 per 1L",
    "COL Size": "1.1L"
  },
  {
    "Brand_Product_Size": "Coloxyl with Senna Softener Plus Laxative Tablets 45 pack",
    "COL Price": 8,
    "COL ppu": "$0.18 per 1Ea",
    "COL Size": "45 pack"
  },
  {
    "Brand_Product_Size": "Coles Hemp Seed 200g",
    "COL Price": 8,
    "COL ppu": "$4.00 per 100G",
    "COL Size": "200g"
  },
  {
    "Brand_Product_Size": "Shelbys Lemon Slice Bar 40g",
    "COL Price": 3,
    "COL ppu": "$7.50 per 100G",
    "COL Size": "40g"
  },
  {
    "Brand_Product_Size": "Vittoria Espressotoria Italian Blend Coffee Capsules 12 pack 78g",
    "COL Price": 4,
    "COL ppu": "$5.13 per 100G",
    "COL Size": "78g"
  },
  {
    "Brand_Product_Size": "Rufus & Coco Flea Flee Shampoo 200mL",
    "COL Price": 13.4,
    "COL ppu": "$67.00 per 1L",
    "COL Size": "200mL"
  },
  {
    "Brand_Product_Size": "Primo Gluten Free Classic Kransky 250g",
    "COL Price": 4.7,
    "COL ppu": "$18.80 per 1Kg",
    "COL Size": "250g"
  },
  {
    "Brand_Product_Size": "Nicabate Mini Mint Lozenges 1.5mg 60 pack",
    "COL Price": 33.2,
    "COL ppu": "$0.55 per 1Ea",
    "COL Size": "60 pack"
  },
  {
    "Brand_Product_Size": "Mount Franklin Lime Flavoured Lightly Sparkling Water 1.25L",
    "COL Price": 2.7,
    "COL ppu": "$2.16 per 1L",
    "COL Size": "1.25L"
  },
  {
    "Brand_Product_Size": "Bega Easy Melt Colby Cheese Block 500g",
    "COL Price": 8,
    "COL ppu": "$16.00 per 1Kg",
    "COL Size": "500g"
  },
  {
    "Brand_Product_Size": "Remedy Kombucha Raspberry 1.25L",
    "COL Price": 6,
    "COL ppu": "$4.80 per 1L",
    "COL Size": "1.25L"
  },
  {
    "Brand_Product_Size": "Coles Watercress Sleeved 1 bunch",
    "COL Price": 3,
    "COL ppu": "$3.00 per 1Ea",
    "COL Size": "1 bunch"
  },
  {
    "Brand_Product_Size": "Five:AM Organic Natural Yoghurt 700g",
    "COL Price": 6,
    "COL ppu": "$0.86 per 100G",
    "COL Size": "700g"
  },
  {
    "Brand_Product_Size": "Just Juice Orange Mango Juice Multipack 200mL 6 pack",
    "COL Price": 5.3,
    "COL ppu": "$0.88 per 1Ea",
    "COL Size": "6 pack"
  },
  {
    "Brand_Product_Size": "Coles Lamb Shanks With Red Wine Sauce Made Easy Slow Cooked 900g",
    "COL Price": 15,
    "COL ppu": "$16.67 per 1Kg",
    "COL Size": "900g"
  },
  {
    "Brand_Product_Size": "Gaganis Fine Semolina 1kg",
    "COL Price": 3.5,
    "COL ppu": "$3.50 per 1Kg",
    "COL Size": "1kg"
  },
  {
    "Brand_Product_Size": "Coles Piel De Sapo Melon Medium each",
    "COL Price": 4.5,
    "COL ppu": "$4.50 per 1Ea",
    "COL Size": "each"
  },
  {
    "Brand_Product_Size": "Barilla Gluten Free Lasagne 283g",
    "COL Price": 5,
    "COL ppu": "$1.77 per 100G",
    "COL Size": "283g"
  },
  {
    "Brand_Product_Size": "Springhill Farm Slice Biscuit Peanutbutter Choc 150g",
    "COL Price": 4,
    "COL ppu": "$2.67 per 100G",
    "COL Size": "150g"
  },
  {
    "Brand_Product_Size": "Toshiba SDMI Card 32GV 1 pack",
    "COL Price": 18,
    "COL ppu": "$18.00 per 1Ea",
    "COL Size": "1 pack"
  },
  {
    "Brand_Product_Size": "Coles Reporters Note Pad 300 Page each",
    "COL Price": 3,
    "COL ppu": "$3.00 per 1Ea",
    "COL Size": "each"
  },
  {
    "Brand_Product_Size": "Regal Lean Cat Food With Turkey 2 pack",
    "COL Price": 2.5,
    "COL ppu": "$1.25 per 1Ea",
    "COL Size": "2 pack"
  },
  {
    "Brand_Product_Size": "Karicare+ 1 Baby Infant Formula From Birth to 6 Months 900g",
    "COL Price": 18,
    "COL ppu": "$2.00 per 100G",
    "COL Size": "900g"
  },
  {
    "Brand_Product_Size": "Bubs Stage 3 Toddler Goat Milk Formula 800g",
    "COL Price": 38,
    "COL ppu": "$4.75 per 100G",
    "COL Size": "800g"
  },
  {
    "Brand_Product_Size": "Connoisseur Vanilla Caramel Brownie 4 pack 400mL",
    "COL Price": 8.6,
    "COL ppu": "$2.15 per 100mL",
    "COL Size": "400mL"
  },
  {
    "Brand_Product_Size": "Sunrice Family Size Jasmine Rice 450g",
    "COL Price": 3.5,
    "COL ppu": "$0.78 per 100G",
    "COL Size": "450g"
  },
  {
    "Brand_Product_Size": "Coles Deli Thawed Seafood Garlic Prawns approx. 250g",
    "COL Price": 6.25,
    "COL ppu": "$25.00 per 1Kg",
    "COL Size": "approx. 250g"
  },
  {
    "Brand_Product_Size": "Rexona Women Clinical Protection Antiperspirant Deodorant Sheer Powder 45mL",
    "COL Price": 13,
    "COL ppu": "$28.89 per 100mL",
    "COL Size": "45mL"
  },
  {
    "Brand_Product_Size": "Coles Creamy Cheese Pasta Sauce 425g",
    "COL Price": 3.7,
    "COL ppu": "$0.87 per 100G",
    "COL Size": "425g"
  },
  {
    "Brand_Product_Size": "Gusparo Chocolate Coated Mini Cakes 8 pack 280g",
    "COL Price": 3.8,
    "COL ppu": "$1.36 per 100G",
    "COL Size": "280g"
  },
  {
    "Brand_Product_Size": "Coles Smoked Meaty Pork Leg Hock approx. 1kg",
    "COL Price": 11.5,
    "COL ppu": "$11.50 per 1Kg",
    "COL Size": "approx. 1kg"
  },
  {
    "Brand_Product_Size": "Kellogg's Lcms Variety 15 Pack 330g",
    "COL Price": 7,
    "COL ppu": "$2.12 per 100G",
    "COL Size": "330g"
  },
  {
    "Brand_Product_Size": "Coles Brazil Nuts Natural 400g",
    "COL Price": 14,
    "COL ppu": "$35.00 per 1Kg",
    "COL Size": "400g"
  },
  {
    "Brand_Product_Size": "Ivans Family Chick Mush Leek Pie 900g 900g",
    "COL Price": 15.5,
    "COL ppu": "$1.72 per 100G",
    "COL Size": "900g"
  },
  {
    "Brand_Product_Size": "Coles Urban Culture Strong Ground Coffee 250g",
    "COL Price": 4.5,
    "COL ppu": "$1.80 per 100G",
    "COL Size": "250g"
  },
  {
    "Brand_Product_Size": "Korbond Silver Safety Pins Assorted Sizes 1 pack",
    "COL Price": 3.3,
    "COL ppu": "$3.30 per 1ea",
    "COL Size": "1 pack"
  },
  {
    "Brand_Product_Size": "Great Ocean Road Eastly Ridge Vintage Cheddar Cheese Block 500g",
    "COL Price": 7,
    "COL ppu": "$14.00 per 1Kg",
    "COL Size": "500g"
  },
  {
    "Brand_Product_Size": "Foster Clark's Quick Mix Custard 80g",
    "COL Price": 2,
    "COL ppu": "$2.50 per 100G",
    "COL Size": "80g"
  },
  {
    "Brand_Product_Size": "TriShave 3IN1 Anti-Rash Shave Crme Men 100g",
    "COL Price": 6.5,
    "COL ppu": "$6.50 per 100G",
    "COL Size": "100g"
  },
  {
    "Brand_Product_Size": "Coles Mini Danish 8 Pack 364g",
    "COL Price": 6,
    "COL ppu": "$1.65 per 100G",
    "COL Size": "364g"
  },
  {
    "Brand_Product_Size": "Twinings English Breakfast Leaf Tea 125g",
    "COL Price": 7,
    "COL ppu": "$5.60 per 100G",
    "COL Size": "125g"
  },
  {
    "Brand_Product_Size": "Pantene Hair Mist Detangler Conditioning 252mL",
    "COL Price": 8.5,
    "COL ppu": "$3.37 per 100mL",
    "COL Size": "252mL"
  },
  {
    "Brand_Product_Size": "Nestle Milkybar White Chocolate Bar 50g",
    "COL Price": 2,
    "COL ppu": "$4.00 per 100G",
    "COL Size": "50g"
  },
  {
    "Brand_Product_Size": "Coles Hot Hungarian Salami 200g",
    "COL Price": 6.2,
    "COL ppu": "$31.00 per 1Kg",
    "COL Size": "200g"
  },
  {
    "Brand_Product_Size": "Schwarzkopf Taft Full On Rough & Tough Matt Paste 100mL",
    "COL Price": 8,
    "COL ppu": "$8.00 per 100mL",
    "COL Size": "100mL"
  },
  {
    "Brand_Product_Size": "Kellogg's Sultana Bran 1.4kg",
    "COL Price": 10,
    "COL ppu": "$0.71 per 100G",
    "COL Size": "1.4kg"
  },
  {
    "Brand_Product_Size": "Scotch 944 Pvc Duct Tape Silver 1 pack",
    "COL Price": 6.5,
    "COL ppu": "",
    "COL Size": "1 pack"
  },
  {
    "Brand_Product_Size": "Biotene Dry Mouth Mouthwash 235mL",
    "COL Price": 9.5,
    "COL ppu": "$4.04 per 100mL",
    "COL Size": "235mL"
  },
  {
    "Brand_Product_Size": "Coles Trimmed Celery Prepacked 300g",
    "COL Price": 3.9,
    "COL ppu": "$1.30 per 100G",
    "COL Size": "300g"
  },
  {
    "Brand_Product_Size": "Glad To Be Green Recycled Kitchen Tidy Bags Small 34 pack",
    "COL Price": 3.6,
    "COL ppu": "",
    "COL Size": "34 pack"
  },
  {
    "Brand_Product_Size": "Coles Green Choice Wild Mint & Lavender Bathroom Cleaner 500mL",
    "COL Price": 4.5,
    "COL ppu": "$0.90 per 100mL",
    "COL Size": "500mL"
  },
  {
    "Brand_Product_Size": "Crankt Protein Shake Banana 375mL",
    "COL Price": 4.15,
    "COL ppu": "$11.07 per 1L",
    "COL Size": "375mL"
  },
  {
    "Brand_Product_Size": "Eti Puf Marshmallow Strawberry Sprinkles 216g",
    "COL Price": 5,
    "COL ppu": "$2.31 per 100G",
    "COL Size": "216g"
  },
  {
    "Brand_Product_Size": "Sard Wonder Stick Stain Remover 100g",
    "COL Price": 5,
    "COL ppu": "$50.00 per 1Kg",
    "COL Size": "100g"
  },
  {
    "Brand_Product_Size": "Nivea Q10 Plus Day Cream Anti Wrinkle 50mL",
    "COL Price": 22,
    "COL ppu": "$44.00 per 100mL",
    "COL Size": "50mL"
  },
  {
    "Brand_Product_Size": "Pantene Micellar Water Aloe Vera Shampoo 300mL",
    "COL Price": 13,
    "COL ppu": "$4.33 per 100mL",
    "COL Size": "300mL"
  },
  {
    "Brand_Product_Size": "Allen's Killer Pythons 192g",
    "COL Price": 3,
    "COL ppu": "$1.56 per 100G",
    "COL Size": "192g"
  },
  {
    "Brand_Product_Size": "Tempo Passover Natural Yoghurt 99% Fat Free 200g",
    "COL Price": 3,
    "COL ppu": "$1.50 per 100G",
    "COL Size": "200g"
  },
  {
    "Brand_Product_Size": "Nestle Bakers' Choice Dark Chocolate Melts 290g",
    "COL Price": 3.85,
    "COL ppu": "$1.33 per 100G",
    "COL Size": "290g"
  },
  {
    "Brand_Product_Size": "Katoomba Date Tamarind Chutney 220g",
    "COL Price": 2.7,
    "COL ppu": "$1.23 per 100G",
    "COL Size": "220g"
  },
  {
    "Brand_Product_Size": "Danone Yopro Salted Caramel Flavoured Yoghurt 160g",
    "COL Price": 2.4,
    "COL ppu": "$1.50 per 100G",
    "COL Size": "160g"
  },
  {
    "Brand_Product_Size": "Pirro Tagliatelle Egg Pasta 500g",
    "COL Price": 4.95,
    "COL ppu": "$0.99 per 100G",
    "COL Size": "500g"
  },
  {
    "Brand_Product_Size": "Coles Pouch Soup Coconut Lentil 430g",
    "COL Price": 2.7,
    "COL ppu": "$0.63 per 100G",
    "COL Size": "430g"
  },
  {
    "Brand_Product_Size": "Uncle Toby's Nutritious Snacks Oat Slice Chocolate Chip 140g",
    "COL Price": 5.5,
    "COL ppu": "$3.93 per 100G",
    "COL Size": "140g"
  },
  {
    "Brand_Product_Size": "Vanish Napisan Gold Pro Oxi Action Crystal White Powder Fabric Stain Remover 1.8kg",
    "COL Price": 11,
    "COL ppu": "$6.11 per 1Kg",
    "COL Size": "1.8kg"
  },
  {
    "Brand_Product_Size": "Coles Baby Gem Lettuce 3 pack",
    "COL Price": 4,
    "COL ppu": "$1.33 per 1Ea",
    "COL Size": "3 pack"
  },
  {
    "Brand_Product_Size": "Cadbury Old Gold Block Caramel Chocolate 180g",
    "COL Price": 3.5,
    "COL ppu": "$1.94 per 100G",
    "COL Size": "180g"
  },
  {
    "Brand_Product_Size": "Chapstick Conditioner Lip Balm 4.2g",
    "COL Price": 4.4,
    "COL ppu": "$104.76 per 100G",
    "COL Size": "4.2g"
  },
  {
    "Brand_Product_Size": "Tena Discreet Creme High Waist Underwear Medium 9 pack",
    "COL Price": 13.6,
    "COL ppu": "$1.51 per 1Ea",
    "COL Size": "9 pack"
  },
  {
    "Brand_Product_Size": "Coles Cranberry Sauce 275g",
    "COL Price": 2.65,
    "COL ppu": "$0.96 per 100G",
    "COL Size": "275g"
  },
  {
    "Brand_Product_Size": "Cascade Dry Ginger Ale Multipack Mini Cans 200mL 4 pack",
    "COL Price": 4.4,
    "COL ppu": "$5.50 per 1L",
    "COL Size": "4 pack"
  },
  {
    "Brand_Product_Size": "Coles Frozen Party Beef Pies 550g",
    "COL Price": 4.9,
    "COL ppu": "$0.89 per 100G",
    "COL Size": "550g"
  },
  {
    "Brand_Product_Size": "Coles Roasted & Salted Cashews 400g",
    "COL Price": 9,
    "COL ppu": "$22.50 per 1Kg",
    "COL Size": "400g"
  },
  {
    "Brand_Product_Size": "Tassal Smoked Tassie Salmon 250g",
    "COL Price": 14.25,
    "COL ppu": "$57.00 per 1Kg",
    "COL Size": "250g"
  },
  {
    "Brand_Product_Size": "Coles Bean Shoots Prepacked 250g",
    "COL Price": 2.2,
    "COL ppu": "$8.80 per 1Kg",
    "COL Size": "250g"
  },
  {
    "Brand_Product_Size": "Herbal Essences Classic Normal Hair Moisturising Conditioner 490mL",
    "COL Price": 10,
    "COL ppu": "$2.04 per 100mL",
    "COL Size": "490mL"
  },
  {
    "Brand_Product_Size": "Arnott's Cheese & Bacon Shapes 180g",
    "COL Price": 3.2,
    "COL ppu": "$1.78 per 100G",
    "COL Size": "180g"
  },
  {
    "Brand_Product_Size": "Coles Kitchens Thai Green Chicken Curry Bowl 350g",
    "COL Price": 9,
    "COL ppu": "$25.72 per 1Kg",
    "COL Size": "350g"
  },
  {
    "Brand_Product_Size": "Dainty Food Sabra Houmous Extra Dip 250g",
    "COL Price": 7.5,
    "COL ppu": "$3.00 per 100G",
    "COL Size": "250g"
  },
  {
    "Brand_Product_Size": "Moira Mac's BBQ Oven Roasted Chicken Breast 350g",
    "COL Price": 7.5,
    "COL ppu": "$21.43 per 1Kg",
    "COL Size": "350g"
  },
  {
    "Brand_Product_Size": "Coles Eucalyptus Solution 10% 200mL",
    "COL Price": 5,
    "COL ppu": "$2.50 per 100mL",
    "COL Size": "200mL"
  },
  {
    "Brand_Product_Size": "Birds Eye Frozen Steam Fresh Carrot Cauliflower & Broccoli Mix 3 pack 450g",
    "COL Price": 2.8,
    "COL ppu": "$6.22 per 1Kg",
    "COL Size": "450g"
  },
  {
    "Brand_Product_Size": "McCain Frozen Cheese & Bacon Family Pizza 500g",
    "COL Price": 5.5,
    "COL ppu": "$1.10 per 100G",
    "COL Size": "500g"
  },
  {
    "Brand_Product_Size": "Coles Baby Leaf Blend Salad Leaves Prepacked 300g",
    "COL Price": 5,
    "COL ppu": "$16.67 per 1Kg",
    "COL Size": "300g"
  },
  {
    "Brand_Product_Size": "The Spice Tailor Original Tikka Masala 300g",
    "COL Price": 5.5,
    "COL ppu": "$1.83 per 100G",
    "COL Size": "300g"
  },
  {
    "Brand_Product_Size": "Telstra Samsung Galaxy A12 each",
    "COL Price": 249,
    "COL ppu": "$249.00 per 1Ea",
    "COL Size": "each"
  },
  {
    "Brand_Product_Size": "My Dog Chicken Supreme Dog Food 100g 24 pack",
    "COL Price": 24,
    "COL ppu": "$1.00 per 1Ea",
    "COL Size": "24 pack"
  },
  {
    "Brand_Product_Size": "Latina Fresh Lasagne Sheets 8 Pack 375g",
    "COL Price": 3.5,
    "COL ppu": "$0.93 per 100G",
    "COL Size": "375g"
  },
  {
    "Brand_Product_Size": "Tip Top Multigrain English Muffins 6 Pack 400g",
    "COL Price": 2.5,
    "COL ppu": "$0.63 per 100G",
    "COL Size": "400g"
  },
  {
    "Brand_Product_Size": "Schwarzkopf Brilliance Hypnotic Red 37 Permanent Hair Colour 1 pack",
    "COL Price": 14.4,
    "COL ppu": "$14.40 per 1Ea",
    "COL Size": "1 pack"
  },
  {
    "Brand_Product_Size": "Coles Organic Baby Salad Leaves 100g",
    "COL Price": 4,
    "COL ppu": "$4.00 per 100G",
    "COL Size": "100g"
  },
  {
    "Brand_Product_Size": "Cook & Dine Plastic Round Bowls 4 pack",
    "COL Price": 2.2,
    "COL ppu": "$0.55 per 1Ea",
    "COL Size": "4 pack"
  },
  {
    "Brand_Product_Size": "Hoyts Imitation Yellow Saffron 15g",
    "COL Price": 1.75,
    "COL ppu": "$1.17 per 10G",
    "COL Size": "15g"
  },
  {
    "Brand_Product_Size": "Oak Chocolate Flavoured Milk 300mL",
    "COL Price": 2.1,
    "COL ppu": "$7.00 per 1L",
    "COL Size": "300mL"
  },
  {
    "Brand_Product_Size": "Zak Riverside Drink Bottle 517mL each",
    "COL Price": 8,
    "COL ppu": "$8.00 per 1Ea",
    "COL Size": "each"
  },
  {
    "Brand_Product_Size": "Durex Pleasure Me Condoms 30 pack",
    "COL Price": 15,
    "COL ppu": "$0.50 per 1Ea",
    "COL Size": "30 pack"
  },
  {
    "Brand_Product_Size": "Batiste Eden Dry Shampoo 200mL",
    "COL Price": 10,
    "COL ppu": "$5.00 per 100mL",
    "COL Size": "200mL"
  },
  {
    "Brand_Product_Size": "Paramount Pink Salmon Wild Alaskan 210g",
    "COL Price": 4.5,
    "COL ppu": "$21.43 per 1Kg",
    "COL Size": "210g"
  },
  {
    "Brand_Product_Size": "Katzy's Kosher Frozen Perogen Party Pie 320g",
    "COL Price": 16.5,
    "COL ppu": "$5.16 per 100G",
    "COL Size": "320g"
  },
  {
    "Brand_Product_Size": "Arkadia Vegan Chai Tea 240g",
    "COL Price": 6.5,
    "COL ppu": "$2.71 per 100G",
    "COL Size": "240g"
  },
  {
    "Brand_Product_Size": "Food For Health Cacao & Coconut Clusters 425g",
    "COL Price": 8,
    "COL ppu": "$1.88 per 100G",
    "COL Size": "425g"
  },
  {
    "Brand_Product_Size": "Coles Deli Delre Mini Chol approx. 100g",
    "COL Price": 3.6,
    "COL ppu": "$36.00 per 1Kg",
    "COL Size": "approx. 100g"
  },
  {
    "Brand_Product_Size": "Heinz Alphagetti In Tomato Sauce 220g",
    "COL Price": 1.65,
    "COL ppu": "$0.75 per 100G",
    "COL Size": "220g"
  },
  {
    "Brand_Product_Size": "Oak Vanilla Malt Flavoured Milk 600mL",
    "COL Price": 3.1,
    "COL ppu": "$5.17 per 1L",
    "COL Size": "600mL"
  },
  {
    "Brand_Product_Size": "Cadbury Caramilk Chocolate Family Block 180g",
    "COL Price": 5,
    "COL ppu": "$2.78 per 100G",
    "COL Size": "180g"
  },
  {
    "Brand_Product_Size": "Donna Hay Spelt Flour Pancakes with Real Vanilla Bean Seeds 285g",
    "COL Price": 5.05,
    "COL ppu": "$1.77 per 100G",
    "COL Size": "285g"
  },
  {
    "Brand_Product_Size": "Bega Tasty Cheese Sticks 8 pack 160g",
    "COL Price": 5.5,
    "COL ppu": "$34.38 per 1Kg",
    "COL Size": "160g"
  },
  {
    "Brand_Product_Size": "Solomon Kosher Butchen Frozen Bubby's Golden Chick Soup 510g",
    "COL Price": 8.3,
    "COL ppu": "$1.63 per 100G",
    "COL Size": "510g"
  },
  {
    "Brand_Product_Size": "Pureharvest Organic Almond Coconut Quench 1L",
    "COL Price": 3.5,
    "COL ppu": "$3.50 per 1L",
    "COL Size": "1L"
  },
  {
    "Brand_Product_Size": "Nippy's Chocolate Flavoured Multipack Long Life Milk 375mL 4 pack",
    "COL Price": 8.05,
    "COL ppu": "$5.37 per 1L",
    "COL Size": "4 pack"
  },
  {
    "Brand_Product_Size": "San Remo Red Lentils Spirals Pulse Pasta 250g",
    "COL Price": 4.2,
    "COL ppu": "$1.68 per 100G",
    "COL Size": "250g"
  },
  {
    "Brand_Product_Size": "Coles RSPCA Approved Chicken Breast Schnitzel Plain Crumb 600g",
    "COL Price": 9,
    "COL ppu": "$15.00 per 1Kg",
    "COL Size": "600g"
  },
  {
    "Brand_Product_Size": "Nature's Way Super Foods Spirulina 100g",
    "COL Price": 13,
    "COL ppu": "$13.00 per 100G",
    "COL Size": "100g"
  },
  {
    "Brand_Product_Size": "Coles Tomato Paste 500g",
    "COL Price": 1.25,
    "COL ppu": "$0.25 per 100G",
    "COL Size": "500g"
  },
  {
    "Brand_Product_Size": "Strepsils Extra Honey and Lemon Fast Numbing Sore Throat Pain Relief with Anaesthetic 16 Lozenges 1 pack",
    "COL Price": 7.5,
    "COL ppu": "$7.50 per 1Ea",
    "COL Size": "1 pack"
  },
  {
    "Brand_Product_Size": "Dolmio Tomato Onion Roast Garlic  Pasta Sauce Pouch 170g",
    "COL Price": 2,
    "COL ppu": "$1.18 per 100G",
    "COL Size": "170g"
  },
  {
    "Brand_Product_Size": "Tip Top Burger Thins 200g",
    "COL Price": 3.5,
    "COL ppu": "$1.75 per 100G",
    "COL Size": "200g"
  },
  {
    "Brand_Product_Size": "Coles Kitchen Teriyaki Stir Fry Sauce 180g",
    "COL Price": 3,
    "COL ppu": "$1.67 per 100G",
    "COL Size": "180g"
  },
  {
    "Brand_Product_Size": "Dimes Pomegranate Juice 1L",
    "COL Price": 2.5,
    "COL ppu": "$2.50 per 1L",
    "COL Size": "1L"
  },
  {
    "Brand_Product_Size": "Coles Mini Hommus Dips 3 Pack 180g",
    "COL Price": 2,
    "COL ppu": "$1.11 per 100G",
    "COL Size": "180g"
  },
  {
    "Brand_Product_Size": "L'OR Espresso Onyx Intensity 12 Coffee Capsules 10 Pack 52g",
    "COL Price": 4.5,
    "COL ppu": "$0.09 per 1G",
    "COL Size": "52g"
  },
  {
    "Brand_Product_Size": "Darikay Beef And Barley Soup 550g",
    "COL Price": 6.5,
    "COL ppu": "$1.18 per 100G",
    "COL Size": "550g"
  },
  {
    "Brand_Product_Size": "Garnier Fructis Nourishing Banana Hair Food 390mL",
    "COL Price": 6,
    "COL ppu": "$1.54 per 100mL",
    "COL Size": "390mL"
  },
  {
    "Brand_Product_Size": "Natures Kitchen Hawaiian Pizza 250g",
    "COL Price": 7,
    "COL ppu": "$2.80 per 100G",
    "COL Size": "250g"
  },
  {
    "Brand_Product_Size": "Coles Finest Beef Rib Eye Roast approx. 1kg",
    "COL Price": 36,
    "COL ppu": "$36.00 per 1Kg",
    "COL Size": "approx. 1kg"
  },
  {
    "Brand_Product_Size": "Mountain Dew Soft Drink No Sugar 1.25L",
    "COL Price": 1.3,
    "COL ppu": "$1.04 per 1L",
    "COL Size": "1.25L"
  },
  {
    "Brand_Product_Size": "Cook & Dine Bistro Speckle Side Plate each",
    "COL Price": 5,
    "COL ppu": "$5.00 per 1Ea",
    "COL Size": "each"
  },
  {
    "Brand_Product_Size": "Fairy Easy Spray Lemon Dishwashing 300mL",
    "COL Price": 5,
    "COL ppu": "$1.67 per 100mL",
    "COL Size": "300mL"
  },
  {
    "Brand_Product_Size": "Gippsland Dairy Boysenberry Twist Yoghurt 720g",
    "COL Price": 5.5,
    "COL ppu": "$0.76 per 100G",
    "COL Size": "720g"
  },
  {
    "Brand_Product_Size": "Deeko Printed Lunch Serviettes 25 pack",
    "COL Price": 4.8,
    "COL ppu": "$0.19 per 1Ea",
    "COL Size": "25 pack"
  },
  {
    "Brand_Product_Size": "Bonne Maman Cherry Jam 370g",
    "COL Price": 5.2,
    "COL ppu": "$1.41 per 100G",
    "COL Size": "370g"
  },
  {
    "Brand_Product_Size": "Grillman BBQ Dual Grill Brush each",
    "COL Price": 6,
    "COL ppu": "$6.00 per 1Ea",
    "COL Size": "each"
  },
  {
    "Brand_Product_Size": "Nice & Natural Nut Butter Muesli Bar Almond 5 Pack 175g",
    "COL Price": 5,
    "COL ppu": "$2.86 per 100G",
    "COL Size": "175g"
  },
  {
    "Brand_Product_Size": "Fairy Dishwashing Tablets 52 pack",
    "COL Price": 25,
    "COL ppu": "$0.48 per 1Ea",
    "COL Size": "52 pack"
  },
  {
    "Brand_Product_Size": "Grainwaves Sour Cream & Chives Grain Waves 5 pack 110g",
    "COL Price": 3.1,
    "COL ppu": "$2.82 per 100G",
    "COL Size": "110g"
  },
  {
    "Brand_Product_Size": "Coca-Cola No Sugar Soft Drink Coke 375mL 24 pack",
    "COL Price": 19.05,
    "COL ppu": "$0.79 per 1Ea",
    "COL Size": "24 pack"
  },
  {
    "Brand_Product_Size": "Latina Fresh Roast Chicken & Garlic Ravioli 375g",
    "COL Price": 4,
    "COL ppu": "$1.07 per 100G",
    "COL Size": "375g"
  },
  {
    "Brand_Product_Size": "Yumi's Avocado & Sea Salt With Crackers 75g",
    "COL Price": 2,
    "COL ppu": "$2.67 per 100G",
    "COL Size": "75g"
  },
  {
    "Brand_Product_Size": "Tate & Lyle Chocolate Dessert Syrup 325g",
    "COL Price": 3.5,
    "COL ppu": "$1.08 per 100G",
    "COL Size": "325g"
  },
  {
    "Brand_Product_Size": "Farmers Union Iced Coffee 600mL",
    "COL Price": 3.5,
    "COL ppu": "$5.83 per 1L",
    "COL Size": "600mL"
  },
  {
    "Brand_Product_Size": "Rufus & Coco 2 in 1 Oatmeal Wash 200mL",
    "COL Price": 12.8,
    "COL ppu": "$64.00 per 1L",
    "COL Size": "200mL"
  },
  {
    "Brand_Product_Size": "Coles Apricot Date & Almond Muesli 750g",
    "COL Price": 3.1,
    "COL ppu": "$0.41 per 100G",
    "COL Size": "750g"
  },
  {
    "Brand_Product_Size": "Dairy Farmers Chocolate Flavoured Milk 500mL",
    "COL Price": 3,
    "COL ppu": "$6.00 per 1L",
    "COL Size": "500mL"
  },
  {
    "Brand_Product_Size": "Coles Bakery Wholemeal Toast Bread Loaf 680g",
    "COL Price": 2,
    "COL ppu": "$0.29 per 100G",
    "COL Size": "680g"
  },
  {
    "Brand_Product_Size": "Surf Tropical Laundry Capsules 30 pack",
    "COL Price": 10,
    "COL ppu": "$0.33 per 1Ea",
    "COL Size": "30 pack"
  },
  {
    "Brand_Product_Size": "Kettle Sensations Peanut & Caramel Popcorn 100g",
    "COL Price": 3.5,
    "COL ppu": "$3.50 per 100G",
    "COL Size": "100g"
  },
  {
    "Brand_Product_Size": "Food For Health Mango & Coconut Probiotic Brekkie Balls 200g",
    "COL Price": 12,
    "COL ppu": "$6.00 per 100G",
    "COL Size": "200g"
  },
  {
    "Brand_Product_Size": "Sunfed Chicken Free Chicken Wild Meaty Chunks 300g",
    "COL Price": 11,
    "COL ppu": "$3.67 per 100G",
    "COL Size": "300g"
  },
  {
    "Brand_Product_Size": "Heinz Cheese Tomato Spaghetti 535g",
    "COL Price": 2.5,
    "COL ppu": "$0.47 per 100G",
    "COL Size": "535g"
  },
  {
    "Brand_Product_Size": "Red Island Extra Virgin Olive Oil 1L",
    "COL Price": 16,
    "COL ppu": "$1.60 per 100mL",
    "COL Size": "1L"
  },
  {
    "Brand_Product_Size": "Steggles Frozen Tempura Chicken Breast Nuggets 400g",
    "COL Price": 5,
    "COL ppu": "$12.50 per 1Kg",
    "COL Size": "400g"
  },
  {
    "Brand_Product_Size": "Oak Classic Strawberry Flavoured Milk 2L",
    "COL Price": 4.5,
    "COL ppu": "$2.25 per 1L",
    "COL Size": "2L"
  },
  {
    "Brand_Product_Size": "Coca Cola No Sugar Soft Drink Caffenine Free 10 pack",
    "COL Price": 13.75,
    "COL ppu": "$1.38 per 1Ea",
    "COL Size": "10 pack"
  },
  {
    "Brand_Product_Size": "Coles Stuffed Green Olives 445g",
    "COL Price": 1.95,
    "COL ppu": "$4.38 per 1Kg",
    "COL Size": "445g"
  },
  {
    "Brand_Product_Size": "Toolworx Hammer 1 pack",
    "COL Price": 10.25,
    "COL ppu": "$10.25 per 1Ea",
    "COL Size": "1 pack"
  },
  {
    "Brand_Product_Size": "Sirena Tuna in Springwater 185g",
    "COL Price": 4.3,
    "COL ppu": "$23.24 per 1Kg",
    "COL Size": "185g"
  },
  {
    "Brand_Product_Size": "Cook & Dine Bamboo Skewers 200 pack",
    "COL Price": 3,
    "COL ppu": "$0.02 per 1Ea",
    "COL Size": "200 pack"
  },
  {
    "Brand_Product_Size": "Coles Earl Grey Tea Bags 50 Pack 92.5g",
    "COL Price": 2.2,
    "COL ppu": "$2.38 per 100G",
    "COL Size": "92.5g"
  },
  {
    "Brand_Product_Size": "Coles Purple Eggplant each",
    "COL Price": 2.95,
    "COL ppu": "$5.90 per 1Kg",
    "COL Size": "each"
  },
  {
    "Brand_Product_Size": "Twinings Blueberry, Apple & Blackcurrant Cold Water Infusion 12 pack 30g",
    "COL Price": 6,
    "COL ppu": "$0.50 per 1Ea",
    "COL Size": "30g"
  },
  {
    "Brand_Product_Size": "Coles Turkish Pide 400g",
    "COL Price": 2.7,
    "COL ppu": "$0.68 per 100G",
    "COL Size": "400g"
  },
  {
    "Brand_Product_Size": "Coles Deli Ham Hocks approx. 125g",
    "COL Price": 1.375,
    "COL ppu": "$11.00 per 1Kg",
    "COL Size": "approx. 125g"
  },
  {
    "Brand_Product_Size": "Schweppes Lemon Lime Bitters Soda Mixers 1.1L",
    "COL Price": 2.15,
    "COL ppu": "$1.95 per 1L",
    "COL Size": "1.1L"
  },
  {
    "Brand_Product_Size": "Garuda Hot Spicy Coated Peanuts 80g",
    "COL Price": 1.1,
    "COL ppu": "$1.38 per 100G",
    "COL Size": "80g"
  },
  {
    "Brand_Product_Size": "Coles Assure Pants For Men Large 8pack",
    "COL Price": 9,
    "COL ppu": "$1.13 per 1Ea",
    "COL Size": "8pack"
  },
  {
    "Brand_Product_Size": "Maybelline Tattoo Studio Deep Brown Brow Gel 6.8mL",
    "COL Price": 19.6,
    "COL ppu": "$28.82 per 10mL",
    "COL Size": "6.8mL"
  },
  {
    "Brand_Product_Size": "On The Menu Frozen Satay Chicken King Size Power Bowl 450g",
    "COL Price": 7.5,
    "COL ppu": "$1.67 per 100G",
    "COL Size": "450g"
  },
  {
    "Brand_Product_Size": "Coles Beetroot Hommus Dips 200g",
    "COL Price": 1.9,
    "COL ppu": "$0.95 per 100G",
    "COL Size": "200g"
  },
  {
    "Brand_Product_Size": "Hoyts Oregano 60g",
    "COL Price": 2.75,
    "COL ppu": "$0.46 per 10G",
    "COL Size": "60g"
  },
  {
    "Brand_Product_Size": "Uncle Toby's Oat Slice Apple & Cinnamon 70g",
    "COL Price": 3.5,
    "COL ppu": "$5.00 per 100G",
    "COL Size": "70g"
  },
  {
    "Brand_Product_Size": "Berocca Energy Vitamin Orange 30 Effervescent Tablets 1 pack",
    "COL Price": 17.3,
    "COL ppu": "$17.30 per 1Ea",
    "COL Size": "1 pack"
  },
  {
    "Brand_Product_Size": "Coles Italia Olive Pesto 290g",
    "COL Price": 3.5,
    "COL ppu": "$1.21 per 100G",
    "COL Size": "290g"
  },
  {
    "Brand_Product_Size": "Kinder Happy Hippo Cocoa Biscuit Bar Multipack 5Pk 105g",
    "COL Price": 5,
    "COL ppu": "$4.76 per 100G",
    "COL Size": "105g"
  },
  {
    "Brand_Product_Size": "Odor Eaters Foot & Shoe Spray 100g",
    "COL Price": 7.5,
    "COL ppu": "$7.50 per 100G",
    "COL Size": "100g"
  },
  {
    "Brand_Product_Size": "Elastoplast Wrist Support each",
    "COL Price": 15,
    "COL ppu": "$15.00 per 1Ea",
    "COL Size": "each"
  },
  {
    "Brand_Product_Size": "Mother Earth Oaty Slices Peach White Chocolate 240g",
    "COL Price": 3,
    "COL ppu": "$1.25 per 100G",
    "COL Size": "240g"
  },
  {
    "Brand_Product_Size": "Annalisa Borlotti Beans 400g",
    "COL Price": 1.5,
    "COL ppu": "$3.75 per 1Kg",
    "COL Size": "400g"
  },
  {
    "Brand_Product_Size": "Tena Maxi Night Pads 14 pack",
    "COL Price": 9,
    "COL ppu": "$0.64 per 1Ea",
    "COL Size": "14 pack"
  },
  {
    "Brand_Product_Size": "Smiths Baked Smoky BBQ Snacks 130g",
    "COL Price": 2.5,
    "COL ppu": "$1.92 per 100G",
    "COL Size": "130g"
  },
  {
    "Brand_Product_Size": "Sistema Gripper Drink Bottle 800mL each",
    "COL Price": 11,
    "COL ppu": "$11.00 per 1Ea",
    "COL Size": "each"
  },
  {
    "Brand_Product_Size": "Melitta Espresso Gusto Milano Coffee 250g",
    "COL Price": 5.3,
    "COL ppu": "$2.12 per 100G",
    "COL Size": "250g"
  },
  {
    "Brand_Product_Size": "Coles Cheesey Peelers 8 Pack 160g",
    "COL Price": 3.9,
    "COL ppu": "$24.38 per 1Kg",
    "COL Size": "160g"
  },
  {
    "Brand_Product_Size": "Organic Choice Premium Air Freshener Limited Edition 200mL",
    "COL Price": 10,
    "COL ppu": "$5.00 per 100mL",
    "COL Size": "200mL"
  },
  {
    "Brand_Product_Size": "Hart & Soul Gluten Free Spiced Lentil Soup Pouch 400g",
    "COL Price": 3,
    "COL ppu": "$0.75 per 100G",
    "COL Size": "400g"
  },
  {
    "Brand_Product_Size": "Revlon Colorstay Overtime Lipcolor Endless Spice Lipstick 2mL",
    "COL Price": 28,
    "COL ppu": "$140.00 per 10mL",
    "COL Size": "2mL"
  },
  {
    "Brand_Product_Size": "Coles Gluten Free Original Organic Brown Rice Crackers 100g",
    "COL Price": 2,
    "COL ppu": "$2.00 per 100G",
    "COL Size": "100g"
  },
  {
    "Brand_Product_Size": "Planet Food Plant Based Protein Bar Chunky Choco Chip Fudge 40g",
    "COL Price": 3,
    "COL ppu": "$7.50 per 100G",
    "COL Size": "40g"
  },
  {
    "Brand_Product_Size": "Blue Dinosaur Protein Bar Peanut Butter 60g",
    "COL Price": 3.6,
    "COL ppu": "$6.00 per 100G",
    "COL Size": "60g"
  },
  {
    "Brand_Product_Size": "Vitapet Salmon Sticks Dog Treat 80g",
    "COL Price": 4.85,
    "COL ppu": "$6.06 per 100G",
    "COL Size": "80g"
  },
  {
    "Brand_Product_Size": "Culinare Magican Can Opener each",
    "COL Price": 12.6,
    "COL ppu": "$12.60 per 1Ea",
    "COL Size": "each"
  },
  {
    "Brand_Product_Size": "Rimmel Lasting Matte Primer 30mL",
    "COL Price": 9,
    "COL ppu": "$3.00 per 10mL",
    "COL Size": "30mL"
  },
  {
    "Brand_Product_Size": "Nature's Own High Strength Vitamin B12 1000mcg Tablets 60 pack",
    "COL Price": 15,
    "COL ppu": "$25.00 per 100Ea",
    "COL Size": "60 pack"
  },
  {
    "Brand_Product_Size": "Uncle Toby's Oat Slice Apple & Cinnamon 140g",
    "COL Price": 5.5,
    "COL ppu": "$3.93 per 100G",
    "COL Size": "140g"
  },
  {
    "Brand_Product_Size": "Peters Maxibon Honeycomb Flavour Ice Cream Bars 4 pack 620mL",
    "COL Price": 8.4,
    "COL ppu": "$1.35 per 100mL",
    "COL Size": "620mL"
  },
  {
    "Brand_Product_Size": "Strepsils Double Antibacterial  Soothing Sore Throat  Lozenges Honey and Lemon 16 pack",
    "COL Price": 5.5,
    "COL ppu": "$0.34 per 1Ea",
    "COL Size": "16 pack"
  },
  {
    "Brand_Product_Size": "Nanna's Frozen Apple Pie 600g",
    "COL Price": 4,
    "COL ppu": "$0.67 per 100G",
    "COL Size": "600g"
  },
  {
    "Brand_Product_Size": "Natural Chip Co. Honey Soy Chicken Potato Chips 175g",
    "COL Price": 3.5,
    "COL ppu": "$2.00 per 100G",
    "COL Size": "175g"
  },
  {
    "Brand_Product_Size": "Windex Multi Surface & Glass Cleaner Trigger Spray 750mL",
    "COL Price": 3.85,
    "COL ppu": "$0.51 per 100mL",
    "COL Size": "750mL"
  },
  {
    "Brand_Product_Size": "Cadbury Cherry Ripe Minis 135g",
    "COL Price": 4,
    "COL ppu": "$2.96 per 100G",
    "COL Size": "135g"
  },
  {
    "Brand_Product_Size": "Decor Xl Double Wall Smoothie Tumbler 650mL each",
    "COL Price": 16.8,
    "COL ppu": "$16.80 per 1Ea",
    "COL Size": "each"
  },
  {
    "Brand_Product_Size": "Bonne Maman Fig Jam 370g",
    "COL Price": 5.2,
    "COL ppu": "$1.41 per 100G",
    "COL Size": "370g"
  },
  {
    "Brand_Product_Size": "Coles Wrap Foil 30m 1 pack",
    "COL Price": 2.7,
    "COL ppu": "$2.70 per 1Ea",
    "COL Size": "1 pack"
  },
  {
    "Brand_Product_Size": "Coles Mixer Diet Tonic Water 1.25L",
    "COL Price": 1,
    "COL ppu": "$0.80 per 1L",
    "COL Size": "1.25L"
  },
  {
    "Brand_Product_Size": "Arnott's Shortbread Cream mud Cake Biscuit 250g",
    "COL Price": 3,
    "COL ppu": "$1.20 per 100G",
    "COL Size": "250g"
  },
  {
    "Brand_Product_Size": "Chux Robuste Extra Thick Cloth 3 pack",
    "COL Price": 3,
    "COL ppu": "$1.00 per 1Ea",
    "COL Size": "3 pack"
  },
  {
    "Brand_Product_Size": "Seeds Of Change Brown Rice & Quinoa With Garlic Pouch 240g",
    "COL Price": 3.5,
    "COL ppu": "$1.46 per 100G",
    "COL Size": "240g"
  },
  {
    "Brand_Product_Size": "Cancer Council Face Moisturiser Sunscreen Face Matt SPF 50+ 75mL",
    "COL Price": 13,
    "COL ppu": "$17.33 per 100mL",
    "COL Size": "75mL"
  },
  {
    "Brand_Product_Size": "Coles Nature's Kitchen Firm Tofu 300g",
    "COL Price": 2.3,
    "COL ppu": "$0.77 per 100G",
    "COL Size": "300g"
  },
  {
    "Brand_Product_Size": "Coles Perform Italian Style Meatballs 330g",
    "COL Price": 8,
    "COL ppu": "$2.42 per 100G",
    "COL Size": "330g"
  },
  {
    "Brand_Product_Size": "Club Orange Soft Drink Can 330mL",
    "COL Price": 2.4,
    "COL ppu": "$0.73 per 100mL",
    "COL Size": "330mL"
  },
  {
    "Brand_Product_Size": "Urban Colour Liquid Foundation Tan 30mL",
    "COL Price": 5.5,
    "COL ppu": "$1.83 per 10mL",
    "COL Size": "30mL"
  },
  {
    "Brand_Product_Size": "Table Of Plenty Rosemary & Sea Salt Mini Rice Cakes 60g",
    "COL Price": 3.2,
    "COL ppu": "$5.33 per 100G",
    "COL Size": "60g"
  },
  {
    "Brand_Product_Size": "Pattu Toor Dhall 1kg",
    "COL Price": 3.6,
    "COL ppu": "$3.60 per 1Kg",
    "COL Size": "1kg"
  },
  {
    "Brand_Product_Size": "Elmers Crunchy Slime Kit 147mL",
    "COL Price": 10.5,
    "COL ppu": "$7.14 per 100G",
    "COL Size": "147mL"
  },
  {
    "Brand_Product_Size": "Organic Care Handwash Soft Vanilla Shea 400mL",
    "COL Price": 3.5,
    "COL ppu": "$0.88 per 100mL",
    "COL Size": "400mL"
  },
  {
    "Brand_Product_Size": "Coles Cherry Blossom & Magnolia Auto Refill Spray Air Freshener 180g",
    "COL Price": 4,
    "COL ppu": "$2.22 per 100G",
    "COL Size": "180g"
  },
  {
    "Brand_Product_Size": "Coles Chicken Cheese Burgers 500g",
    "COL Price": 7.5,
    "COL ppu": "$1.50 per 100G",
    "COL Size": "500g"
  },
  {
    "Brand_Product_Size": "Aunt Betty's Whipped Cream Chocolate 250mL",
    "COL Price": 4,
    "COL ppu": "$1.60 per 100mL",
    "COL Size": "250mL"
  },
  {
    "Brand_Product_Size": "Munchkin Love-A-Bowls 10 pack",
    "COL Price": 15,
    "COL ppu": "$1.50 per 1Ea",
    "COL Size": "10 pack"
  },
  {
    "Brand_Product_Size": "Thursday Plantation Antiseptic Spray with Aloe Vera 100mL",
    "COL Price": 9.2,
    "COL ppu": "$9.20 per 100mL",
    "COL Size": "100mL"
  },
  {
    "Brand_Product_Size": "Coles Finest Tasmanian Goats Cheese 300g",
    "COL Price": 9.7,
    "COL ppu": "$3.23 per 100G",
    "COL Size": "300g"
  },
  {
    "Brand_Product_Size": "Masterfoods Butter Chicken Cooking Sauce 375g",
    "COL Price": 4.5,
    "COL ppu": "$1.20 per 100G",
    "COL Size": "375g"
  },
  {
    "Brand_Product_Size": "Coles Chocolate Hazelnut Slice 200g",
    "COL Price": 5,
    "COL ppu": "$2.50 per 100G",
    "COL Size": "200g"
  },
  {
    "Brand_Product_Size": "Huggies Dry Nites Pyjama Pants For Girls 8-15 Years 9 pack",
    "COL Price": 12,
    "COL ppu": "$1.33 per 1Ea",
    "COL Size": "9 pack"
  },
  {
    "Brand_Product_Size": "Glen 20 Carpet Cuddly Pet Deodoriser 354g",
    "COL Price": 8,
    "COL ppu": "$2.26 per 100G",
    "COL Size": "354g"
  },
  {
    "Brand_Product_Size": "Katoomba Okra Cut 312g",
    "COL Price": 2,
    "COL ppu": "$0.64 per 100G",
    "COL Size": "312g"
  },
  {
    "Brand_Product_Size": "Coles Baby White Potatoes Prepacked 1kg",
    "COL Price": 3.5,
    "COL ppu": "$3.50 per 1Kg",
    "COL Size": "1kg"
  },
  {
    "Brand_Product_Size": "Cook & Dine Coffee Cups With Lid 20 pack",
    "COL Price": 9,
    "COL ppu": "$0.45 per 1Ea",
    "COL Size": "20 pack"
  },
  {
    "Brand_Product_Size": "Uncle Tobys Chewy Choc Faves 12 Bars 375g",
    "COL Price": 5,
    "COL ppu": "$1.33 per 100G",
    "COL Size": "375g"
  },
  {
    "Brand_Product_Size": "Mother's Day Mug In Gift Box each",
    "COL Price": 4,
    "COL ppu": "$4.00 per 1Ea",
    "COL Size": "each"
  },
  {
    "Brand_Product_Size": "Cook & Dine Cutlery Set 12 pack",
    "COL Price": 4,
    "COL ppu": "$0.33 per 1Ea",
    "COL Size": "12 pack"
  },
  {
    "Brand_Product_Size": "Belvita Minis Honey & Choc Chip Breakfast Biscuits 6 pack 210g",
    "COL Price": 3,
    "COL ppu": "$1.43 per 100G",
    "COL Size": "210g"
  },
  {
    "Brand_Product_Size": "I&J Whole Prawns 500g",
    "COL Price": 15.2,
    "COL ppu": "$30.40 per 1Kg",
    "COL Size": "500g"
  },
  {
    "Brand_Product_Size": "V Original Green Energy Drink 275mL Cans 4 pack",
    "COL Price": 9.95,
    "COL ppu": "$9.05 per 1L",
    "COL Size": "4 pack"
  },
  {
    "Brand_Product_Size": "Magazine Better Homes & Gardens each",
    "COL Price": 7.2,
    "COL ppu": "",
    "COL Size": "each"
  },
  {
    "Brand_Product_Size": "San Remo Angel Hair Short Pasta No 141 500g",
    "COL Price": 1.95,
    "COL ppu": "$0.39 per 100G",
    "COL Size": "500g"
  },
  {
    "Brand_Product_Size": "Bic Single Blade Disposable Razors for Sensitive Skin 10 pack",
    "COL Price": 3.4,
    "COL ppu": "$0.34 per 1Ea",
    "COL Size": "10 pack"
  },
  {
    "Brand_Product_Size": "Nature's Gift Just Natural Casserole Gravy Style With Lamb Vegetable & Barley Dog Food 1.2kg",
    "COL Price": 3.5,
    "COL ppu": "$0.29 per 100G",
    "COL Size": "1.2kg"
  },
  {
    "Brand_Product_Size": "Milky Way Chocolate Medium Party Share Bag 18 Pieces 216g",
    "COL Price": 5,
    "COL ppu": "$2.31 per 100G",
    "COL Size": "216g"
  },
  {
    "Brand_Product_Size": "Coles Mediterranean Style Salad Bowl 185g",
    "COL Price": 6,
    "COL ppu": "$3.24 per 100G",
    "COL Size": "185g"
  },
  {
    "Brand_Product_Size": "Coles Dinosaur Cups 10 pack",
    "COL Price": 2.5,
    "COL ppu": "$0.25 per 1Ea",
    "COL Size": "10 pack"
  },
  {
    "Brand_Product_Size": "Fluffy Jasmine Fresh Ultra Fabric Softener 250mL",
    "COL Price": 1.8,
    "COL ppu": "$7.20 per 1L",
    "COL Size": "250mL"
  },
  {
    "Brand_Product_Size": "Jordans Dorset Ryvita Jordans Low Sugar Granola Blueberry & Coconut 500g",
    "COL Price": 3.5,
    "COL ppu": "$0.70 per 100G",
    "COL Size": "500g"
  },
  {
    "Brand_Product_Size": "Old El Paso Tortillas Mini 10 pack 250g",
    "COL Price": 3.7,
    "COL ppu": "$1.48 per 100G",
    "COL Size": "250g"
  },
  {
    "Brand_Product_Size": "Blistex Deep Renewal Lip Balm SPF25 3.7g",
    "COL Price": 6,
    "COL ppu": "$162.21 per 100G",
    "COL Size": "3.7g"
  },
  {
    "Brand_Product_Size": "Celebrate Health Teriyaki Chicken Stir Fry Recipe Base 175g",
    "COL Price": 3.5,
    "COL ppu": "$2.00 per 100G",
    "COL Size": "175g"
  },
  {
    "Brand_Product_Size": "Coles Kitchen Balanced Thai Green Chicken Curry With Rice 320g",
    "COL Price": 7.5,
    "COL ppu": "$2.34 per 100G",
    "COL Size": "320g"
  },
  {
    "Brand_Product_Size": "Marbig Colourhide Notebook 5 Subject A4 each",
    "COL Price": 8.8,
    "COL ppu": "",
    "COL Size": "each"
  },
  {
    "Brand_Product_Size": "Cenovis Men's Multi Once Daily Capsules 100 pack",
    "COL Price": 18,
    "COL ppu": "$18.00 per 100Ea",
    "COL Size": "100 pack"
  },
  {
    "Brand_Product_Size": "Coles Yellow Papaw each",
    "COL Price": 6.5,
    "COL ppu": "$6.50 per 1Ea",
    "COL Size": "each"
  },
  {
    "Brand_Product_Size": "Smith's Sticky BBQ Ribs Thinly Cut Potato Chips 175g",
    "COL Price": 2,
    "COL ppu": "$1.14 per 100G",
    "COL Size": "175g"
  },
  {
    "Brand_Product_Size": "Bref Power Active Toilet Cleaner Lemon 50g",
    "COL Price": 5,
    "COL ppu": "$10.00 per 100G",
    "COL Size": "50g"
  },
  {
    "Brand_Product_Size": "Marvels Original Popcorn Gaytime 100g",
    "COL Price": 3.5,
    "COL ppu": "$3.50 per 100G",
    "COL Size": "100g"
  },
  {
    "Brand_Product_Size": "Wildly Good Smoky Cauliflower Burgers 2 Pack 250g",
    "COL Price": 6,
    "COL ppu": "$2.40 per 100G",
    "COL Size": "250g"
  },
  {
    "Brand_Product_Size": "Purina Total Care Tasty Heartwormer & All Wormer Small Dog 3 pack",
    "COL Price": 27.5,
    "COL ppu": "$9.17 per 1Ea",
    "COL Size": "3 pack"
  },
  {
    "Brand_Product_Size": "Coles Resealable Sandwich Bags 50 pack",
    "COL Price": 1.75,
    "COL ppu": "$0.04 per 1Ea",
    "COL Size": "50 pack"
  },
  {
    "Brand_Product_Size": "Lingham's Garlic Chilli Sauce 280mL",
    "COL Price": 3.4,
    "COL ppu": "$1.21 per 100mL",
    "COL Size": "280mL"
  },
  {
    "Brand_Product_Size": "Toni & Guy Cleanse Fine Hair Shampoo 250mL",
    "COL Price": 16,
    "COL ppu": "$6.40 per 100mL",
    "COL Size": "250mL"
  },
  {
    "Brand_Product_Size": "Arctic Zone 9 Can Zipperless Cooler each",
    "COL Price": 20,
    "COL ppu": "$20.00 per 1Ea",
    "COL Size": "each"
  },
  {
    "Brand_Product_Size": "Starbucks By Nespresso Single Origin Coffee Sumatra Capsules 10 pack",
    "COL Price": 6.9,
    "COL ppu": "$0.69 per 1Ea",
    "COL Size": "10 pack"
  },
  {
    "Brand_Product_Size": "Sunny Queen Cage Free Large Eggs 18 pack 900g",
    "COL Price": 6.84,
    "COL ppu": "$0.76 per 100G",
    "COL Size": "900g"
  },
  {
    "Brand_Product_Size": "Coles Frozen Potato French Fries 1kg",
    "COL Price": 1.9,
    "COL ppu": "$1.90 per 1Kg",
    "COL Size": "1kg"
  },
  {
    "Brand_Product_Size": "Darikay Classic Pumpkin Soup 550g",
    "COL Price": 6.5,
    "COL ppu": "$1.18 per 100G",
    "COL Size": "550g"
  },
  {
    "Brand_Product_Size": "Dove Restoring Ritual With Coconut Oil Hand Cream For Dry Skin 75mL",
    "COL Price": 5.5,
    "COL ppu": "$7.33 per 100mL",
    "COL Size": "75mL"
  },
  {
    "Brand_Product_Size": "Madame Flavour Green Jasmine & Pear Tea Bags18 pack 36g",
    "COL Price": 6.15,
    "COL ppu": "$17.08 per 100G",
    "COL Size": "36g"
  },
  {
    "Brand_Product_Size": "Coles Vegan Peppermint Chocolate 80g",
    "COL Price": 5,
    "COL ppu": "$6.25 per 100G",
    "COL Size": "80g"
  },
  {
    "Brand_Product_Size": "SPC Diced Tropical Fruit Salad in Juice 113g 4 pack",
    "COL Price": 3,
    "COL ppu": "$6.64 per 1Kg",
    "COL Size": "4 pack"
  },
  {
    "Brand_Product_Size": "Coles Spreadable Light Cream Cheese Tub 250g",
    "COL Price": 2.75,
    "COL ppu": "$11.00 per 1Kg",
    "COL Size": "250g"
  },
  {
    "Brand_Product_Size": "Byron Bay Cookie Rocky Road Bites Pouch 100g",
    "COL Price": 2.5,
    "COL ppu": "$2.50 per 100G",
    "COL Size": "100g"
  },
  {
    "Brand_Product_Size": "MasterFoods Beef Stroganoff Simmer Sauce 495g",
    "COL Price": 3.7,
    "COL ppu": "$0.75 per 100G",
    "COL Size": "495g"
  },
  {
    "Brand_Product_Size": "Dove Women Clinical Protection Aerosol Original Clean Antiperspirant 180mL",
    "COL Price": 10,
    "COL ppu": "$5.56 per 100mL",
    "COL Size": "180mL"
  },
  {
    "Brand_Product_Size": "Coles Mexican Bowl 220g",
    "COL Price": 5,
    "COL ppu": "$22.73 per 1Kg",
    "COL Size": "220g"
  },
  {
    "Brand_Product_Size": "Rascal & Friends Bulk Junior Nappies 30 pack",
    "COL Price": 14,
    "COL ppu": "$0.47 per 1Ea",
    "COL Size": "30 pack"
  },
  {
    "Brand_Product_Size": "Coles Sensitive Medistrips 8 pack",
    "COL Price": 4,
    "COL ppu": "$0.50 per 1Ea",
    "COL Size": "8 pack"
  },
  {
    "Brand_Product_Size": "Head & Shoulders Shampoo Dry Scalp 660mL",
    "COL Price": 17,
    "COL ppu": "$2.58 per 100mL",
    "COL Size": "660mL"
  },
  {
    "Brand_Product_Size": "Cook & Dine Smoke Glaze Stemless Wine Glasses 4 pack",
    "COL Price": 20,
    "COL ppu": "$5.00 per 1Ea",
    "COL Size": "4 pack"
  },
  {
    "Brand_Product_Size": "Nature's Way Vita Gummies Hair- Skin & Nails 60 pack",
    "COL Price": 20,
    "COL ppu": "$0.33 per 1Ea",
    "COL Size": "60 pack"
  },
  {
    "Brand_Product_Size": "M & M Kosher Chicken Wings approx. 500g pack",
    "COL Price": 4.4,
    "COL ppu": "$8.80 per 1Kg",
    "COL Size": "approx. 500g pack"
  },
  {
    "Brand_Product_Size": "Coles Pancake Mix 375g",
    "COL Price": 2.9,
    "COL ppu": "$0.77 per 100G",
    "COL Size": "375g"
  },
  {
    "Brand_Product_Size": "Allen's Minties 415g",
    "COL Price": 5,
    "COL ppu": "$1.20 per 100G",
    "COL Size": "415g"
  },
  {
    "Brand_Product_Size": "Bosisto's Nasal Spray Eucalyptus 50mL",
    "COL Price": 8,
    "COL ppu": "$16.00 per 100mL",
    "COL Size": "50mL"
  },
  {
    "Brand_Product_Size": "Coles Throat Spray Forte 15mL",
    "COL Price": 13,
    "COL ppu": "$86.67 per 100mL",
    "COL Size": "15mL"
  },
  {
    "Brand_Product_Size": "Optimum Grainfree Dry Cat Food Adult Chicken 1.8kg",
    "COL Price": 19.8,
    "COL ppu": "$1.10 per 100G",
    "COL Size": "1.8kg"
  },
  {
    "Brand_Product_Size": "Schwarzkopf Brilliance Dark Brown Allure 88 Permanent Hair Colour 1 pack",
    "COL Price": 14.4,
    "COL ppu": "$14.40 per 1Ea",
    "COL Size": "1 pack"
  },
  {
    "Brand_Product_Size": "Tofutti American Flavoured Dairy Cheese Slices 227g",
    "COL Price": 4.5,
    "COL ppu": "$19.82 per 1Kg",
    "COL Size": "227g"
  },
  {
    "Brand_Product_Size": "Red Rock Deli Salted Caramel Nuts 100g",
    "COL Price": 4,
    "COL ppu": "$4.00 per 100G",
    "COL Size": "100g"
  },
  {
    "Brand_Product_Size": "Rimmel Lasting Matte Finish Mousse Foundation Warm Porcelain 010 30mL",
    "COL Price": 10.8,
    "COL ppu": "$36.00 per 100mL",
    "COL Size": "30mL"
  },
  {
    "Brand_Product_Size": "Lieber's Lime Jel 85g",
    "COL Price": 3.2,
    "COL ppu": "$3.76 per 100G",
    "COL Size": "85g"
  },
  {
    "Brand_Product_Size": "Sanitarium Weet-Bix Blends Multi-Grain+ Breakfast Cereal 860g",
    "COL Price": 7.4,
    "COL ppu": "$0.86 per 100G",
    "COL Size": "860g"
  },
  {
    "Brand_Product_Size": "Obento Yaki Nori Seaweed Sushi Sheets 25g",
    "COL Price": 3.1,
    "COL ppu": "$12.40 per 100G",
    "COL Size": "25g"
  },
  {
    "Brand_Product_Size": "Sistema Klip It Plus Round Container 640mL each",
    "COL Price": 2.75,
    "COL ppu": "$2.75 per 1Ea",
    "COL Size": "each"
  },
  {
    "Brand_Product_Size": "Optrex Advance Preservative Free Eye Drops 10mL",
    "COL Price": 14,
    "COL ppu": "$140.00 per 100mL",
    "COL Size": "10mL"
  },
  {
    "Brand_Product_Size": "Sambucol Black Elderberry Cold & Flu Kids Liquid 120mL",
    "COL Price": 19,
    "COL ppu": "$15.83 per 100mL",
    "COL Size": "120mL"
  },
  {
    "Brand_Product_Size": "Devondale Full Cream Long Life Milk 6 pack 1.2L",
    "COL Price": 3.2,
    "COL ppu": "$2.67 per 1L",
    "COL Size": "1.2L"
  },
  {
    "Brand_Product_Size": "Old El Paso Corn Taco Shells 12 pack 156g",
    "COL Price": 2.85,
    "COL ppu": "$1.83 per 100G",
    "COL Size": "156g"
  },
  {
    "Brand_Product_Size": "Pitango Free Range Soup Chicken & Vegetable 600g",
    "COL Price": 6.5,
    "COL ppu": "$1.08 per 100G",
    "COL Size": "600g"
  },
  {
    "Brand_Product_Size": "Coles Unflavoured Pea Protein 500g",
    "COL Price": 10,
    "COL ppu": "$20.00 per 1Kg",
    "COL Size": "500g"
  },
  {
    "Brand_Product_Size": "Morning Fresh Cucumber & Aloe Vera Softer Hands Dishwashing Liquid 350mL",
    "COL Price": 4.3,
    "COL ppu": "$1.23 per 100mL",
    "COL Size": "350mL"
  },
  {
    "Brand_Product_Size": "Cobram Estate Extra Virgin Olive Oil Classic 375mL",
    "COL Price": 9.5,
    "COL ppu": "$2.53 per 100mL",
    "COL Size": "375mL"
  },
  {
    "Brand_Product_Size": "Riviana Champignons Whole 425g",
    "COL Price": 2.7,
    "COL ppu": "$6.35 per 1Kg",
    "COL Size": "425g"
  },
  {
    "Brand_Product_Size": "Kellogg's Nutri-Grain Original Cereal Snack Bars 6 pack 144g",
    "COL Price": 4,
    "COL ppu": "$2.78 per 100G",
    "COL Size": "144g"
  },
  {
    "Brand_Product_Size": "Bega Crunchy Peanut Butter 375g",
    "COL Price": 4.9,
    "COL ppu": "$1.31 per 100G",
    "COL Size": "375g"
  },
  {
    "Brand_Product_Size": "Bosistos Floor Cleaner 750mL",
    "COL Price": 4,
    "COL ppu": "$0.53 per 100mL",
    "COL Size": "750mL"
  },
  {
    "Brand_Product_Size": "Coles Original Mini Posh Dogs 300g",
    "COL Price": 5.5,
    "COL ppu": "$1.83 per 100G",
    "COL Size": "300g"
  },
  {
    "Brand_Product_Size": "Kolotex Sheer Relief Trouser Sock Beige One size Fits All 1 pack",
    "COL Price": 8,
    "COL ppu": "",
    "COL Size": "1 pack"
  },
  {
    "Brand_Product_Size": "Kleenex 3 Ply Wellbeing Facial Tissues Aloe Vera 140 pack",
    "COL Price": 3,
    "COL ppu": "$2.14 per 100Ea",
    "COL Size": "140 pack"
  },
  {
    "Brand_Product_Size": "Scholastic Learning Express Workbooks Level K1 Ages 4-5 each",
    "COL Price": 5,
    "COL ppu": "$5.00 per 1Ea",
    "COL Size": "each"
  },
  {
    "Brand_Product_Size": "Sirena Soy & Ginger Tuna 95g",
    "COL Price": 2.7,
    "COL ppu": "$28.42 per 1Kg",
    "COL Size": "95g"
  },
  {
    "Brand_Product_Size": "Purr Cat Food Meat Selection 12X85g 12 pack",
    "COL Price": 8.5,
    "COL ppu": "$0.83 per 100G",
    "COL Size": "12 pack"
  },
  {
    "Brand_Product_Size": "Coles Tomato & Cheese Spaghetti 220g",
    "COL Price": 0.85,
    "COL ppu": "$0.39 per 100G",
    "COL Size": "220g"
  },
  {
    "Brand_Product_Size": "Arnott's Venetian Biscuits 200g",
    "COL Price": 3,
    "COL ppu": "$1.50 per 100G",
    "COL Size": "200g"
  },
  {
    "Brand_Product_Size": "Eti Biscotte Toast Regular 375g",
    "COL Price": 4.2,
    "COL ppu": "$1.12 per 100G",
    "COL Size": "375g"
  },
  {
    "Brand_Product_Size": "Wrigley's Extra White Sugar Free Chewing Gum 4x10 Pieces Pack 56g",
    "COL Price": 2.8,
    "COL ppu": "$5.00 per 100G",
    "COL Size": "56g"
  },
  {
    "Brand_Product_Size": "Carman's Cranberry, Blueberry & Goji Super Berry Muesli Bars 6 pack 270g",
    "COL Price": 6,
    "COL ppu": "$2.22 per 100G",
    "COL Size": "270g"
  },
  {
    "Brand_Product_Size": "Coles Sea Breeze & Sweet Jasmine Fabric Conditioner 1L",
    "COL Price": 4,
    "COL ppu": "$4.00 per 1L",
    "COL Size": "1L"
  },
  {
    "Brand_Product_Size": "Coles Organic Plain Flour 1kg",
    "COL Price": 4.5,
    "COL ppu": "$4.50 per 1Kg",
    "COL Size": "1kg"
  },
  {
    "Brand_Product_Size": "Grinders Medium Roasted Crema Ground Coffee 200g",
    "COL Price": 9.55,
    "COL ppu": "$4.78 per 100G",
    "COL Size": "200g"
  },
  {
    "Brand_Product_Size": "Coles Free Range Pork Forequarter Cutlets approx. 500g",
    "COL Price": 8,
    "COL ppu": "$16.00 per 1Kg",
    "COL Size": "approx. 500g"
  },
  {
    "Brand_Product_Size": "Flora ProActiv Margarine Spread Buttery 500g",
    "COL Price": 8,
    "COL ppu": "$1.60 per 100G",
    "COL Size": "500g"
  },
  {
    "Brand_Product_Size": "Nescafe Gold Cappuccino Original Coffee Sachets Medium 8 pack 123g",
    "COL Price": 6.3,
    "COL ppu": "$5.12 per 100G",
    "COL Size": "123g"
  },
  {
    "Brand_Product_Size": "Coles Medium Lemons each",
    "COL Price": 1.2,
    "COL ppu": "$1.20 per 1Ea",
    "COL Size": "each"
  },
  {
    "Brand_Product_Size": "Coles Ultimate Triple Choc Chip Cookie 400g",
    "COL Price": 3.5,
    "COL ppu": "$0.88 per 100G",
    "COL Size": "400g"
  },
  {
    "Brand_Product_Size": "Friskies Dry Cat Food Adult Indoor Delight 2.5kg",
    "COL Price": 10,
    "COL ppu": "$0.40 per 100G",
    "COL Size": "2.5kg"
  },
  {
    "Brand_Product_Size": "Obela Classic Smooth Hommus 220g",
    "COL Price": 4,
    "COL ppu": "$1.82 per 100G",
    "COL Size": "220g"
  },
  {
    "Brand_Product_Size": "Elevate Dry Dog Food Healthy Weight Chicken 3kg",
    "COL Price": 20,
    "COL ppu": "$0.67 per 100G",
    "COL Size": "3kg"
  },
  {
    "Brand_Product_Size": "White Wings Wholemeal Plain Flour 1kg",
    "COL Price": 3.1,
    "COL ppu": "$3.10 per 1Kg",
    "COL Size": "1kg"
  },
  {
    "Brand_Product_Size": "Coles Portabella Mushrooms loose approx. 200g",
    "COL Price": 2.8,
    "COL ppu": "$14.00 per 1Kg",
    "COL Size": "approx. 200g"
  },
  {
    "Brand_Product_Size": "Coles Deli Pendle Leg Ham On the Bone approx. 125g",
    "COL Price": 3.125,
    "COL ppu": "$25.00 per 1Kg",
    "COL Size": "approx. 125g"
  },
  {
    "Brand_Product_Size": "British Thin Pork Sausages Bag 450g",
    "COL Price": 7.5,
    "COL ppu": "$1.67 per 100G",
    "COL Size": "450g"
  },
  {
    "Brand_Product_Size": "McCain Frozen Cheese & Bacon Pizza Pockets 400g",
    "COL Price": 7.5,
    "COL ppu": "$1.88 per 100G",
    "COL Size": "400g"
  },
  {
    "Brand_Product_Size": "Sharpie Permanent Marker Black 2 pack",
    "COL Price": 5,
    "COL ppu": "$2.50 per 1Ea",
    "COL Size": "2 pack"
  },
  {
    "Brand_Product_Size": "Leggo's Organic Tomato & Basil Pasta Sauce 500g",
    "COL Price": 4.2,
    "COL ppu": "$0.84 per 100G",
    "COL Size": "500g"
  },
  {
    "Brand_Product_Size": "Talley's Chilli Mussels 375g",
    "COL Price": 7.75,
    "COL ppu": "$20.67 per 1Kg",
    "COL Size": "375g"
  },
  {
    "Brand_Product_Size": "Panadol Rapid Soluble Tablets for Pain Relief Paracetamol 500mg 20 pack",
    "COL Price": 5.5,
    "COL ppu": "$0.28 per 1Ea",
    "COL Size": "20 pack"
  },
  {
    "Brand_Product_Size": "Coles Choc Chip Muffin Single Serve each",
    "COL Price": 1,
    "COL ppu": "$1.00 per 1Ea",
    "COL Size": "each"
  },
  {
    "Brand_Product_Size": "Eastcoast Cranberry Juice Drink 2L",
    "COL Price": 4.75,
    "COL ppu": "$2.38 per 1L",
    "COL Size": "2L"
  },
  {
    "Brand_Product_Size": "Lindt Lindor Assorted Bag 125g",
    "COL Price": 6,
    "COL ppu": "$4.80 per 100G",
    "COL Size": "125g"
  },
  {
    "Brand_Product_Size": "Wrigley's Extra Strawberry Sugar Free Chewing Gum 3 x 14 Piece Pack 81g",
    "COL Price": 4,
    "COL ppu": "$4.94 per 100G",
    "COL Size": "81g"
  },
  {
    "Brand_Product_Size": "Carman's Natural 5 Grain & Super Seed Gourmet Porridge Sachets 320g",
    "COL Price": 4,
    "COL ppu": "$1.25 per 100G",
    "COL Size": "320g"
  },
  {
    "Brand_Product_Size": "Coles Finest Chicken Tikka Masala 400g",
    "COL Price": 8.5,
    "COL ppu": "$2.13 per 100G",
    "COL Size": "400g"
  },
  {
    "Brand_Product_Size": "Smile Spicy Pork Buns 310g",
    "COL Price": 8.5,
    "COL ppu": "$2.74 per 100G",
    "COL Size": "310g"
  },
  {
    "Brand_Product_Size": "Nippy's Coffee Flavoured Multipack Long Life Milk 375mL 4 pack",
    "COL Price": 8.05,
    "COL ppu": "$5.37 per 1L",
    "COL Size": "4 pack"
  },
  {
    "Brand_Product_Size": "Coles Pork Loin Steak Thin Cut 500g",
    "COL Price": 10,
    "COL ppu": "$2.00 per 100G",
    "COL Size": "500g"
  },
  {
    "Brand_Product_Size": "Garnier Body Intensive 7 Days Shea Butter Lotion 400mL",
    "COL Price": 3.25,
    "COL ppu": "$0.81 per 100mL",
    "COL Size": "400mL"
  },
  {
    "Brand_Product_Size": "SIS Go Energy Orange Isotonic Gel 60mL",
    "COL Price": 3.95,
    "COL ppu": "$6.58 per 100mL",
    "COL Size": "60mL"
  },
  {
    "Brand_Product_Size": "Angas Park Dried Pitted Prunes Resealable Pack 500g",
    "COL Price": 7.9,
    "COL ppu": "$15.80 per 1Kg",
    "COL Size": "500g"
  },
  {
    "Brand_Product_Size": "Nature's Way Super Greens Boost 100g",
    "COL Price": 20,
    "COL ppu": "$20.00 per 100G",
    "COL Size": "100g"
  },
  {
    "Brand_Product_Size": "L'Oreal Paris Excellence 9.1 Light Ash Blonde Hair Colour 1 pack",
    "COL Price": 20,
    "COL ppu": "$20.00 per 1Ea",
    "COL Size": "1 pack"
  },
  {
    "Brand_Product_Size": "Rexona Women's Antiperspirant Aerosol Advanced Bright Bouquet Deodorant 220mL",
    "COL Price": 7.5,
    "COL ppu": "$3.41 per 100mL",
    "COL Size": "220mL"
  },
  {
    "Brand_Product_Size": "Restaurant Collection Elotes Mexican Corn With Chipotle Mayo 420g",
    "COL Price": 12.5,
    "COL ppu": "$2.98 per 100G",
    "COL Size": "420g"
  },
  {
    "Brand_Product_Size": "Twinings Irish Breakfast Tea Bags 100 pack 200g",
    "COL Price": 5.6,
    "COL ppu": "$0.06 per 1Ea",
    "COL Size": "200g"
  },
  {
    "Brand_Product_Size": "Bulla Low Fat High Protein Cottage Cheese 200g",
    "COL Price": 3,
    "COL ppu": "$15.00 per 1Kg",
    "COL Size": "200g"
  },
  {
    "Brand_Product_Size": "Inglewood Farms Organic Chicken Breast Schnitzel 300g",
    "COL Price": 10,
    "COL ppu": "$33.33 per 1Kg",
    "COL Size": "300g"
  },
  {
    "Brand_Product_Size": "Ion Laundry Capsules Fragrance 36 pack",
    "COL Price": 12,
    "COL ppu": "$0.33 per 1Ea",
    "COL Size": "36 pack"
  },
  {
    "Brand_Product_Size": "Friskies Delight Indoor Adult Dry Cat Food 1kg",
    "COL Price": 3.9,
    "COL ppu": "$0.39 per 100G",
    "COL Size": "1kg"
  },
  {
    "Brand_Product_Size": "Coles Bakery Vegemite Scroll each",
    "COL Price": 2,
    "COL ppu": "$2.00 per 1Ea",
    "COL Size": "each"
  },
  {
    "Brand_Product_Size": "Ogx Moroccan Argan Penetrating Oil 100mL",
    "COL Price": 25,
    "COL ppu": "$25.00 per 100mL",
    "COL Size": "100mL"
  },
  {
    "Brand_Product_Size": "Coles Sticky Tape Refills 4 pack",
    "COL Price": 4.5,
    "COL ppu": "$1.13 per 1Ea",
    "COL Size": "4 pack"
  },
  {
    "Brand_Product_Size": "John West Protein + Calcium Tuna In Oil 90g",
    "COL Price": 2,
    "COL ppu": "$22.22 per 1Kg",
    "COL Size": "90g"
  },
  {
    "Brand_Product_Size": "Suimin Prawn & Chicken Noodle Cup 70g",
    "COL Price": 1.2,
    "COL ppu": "$1.71 per 100G",
    "COL Size": "70g"
  },
  {
    "Brand_Product_Size": "Always Discreet Pads Long For Bladder Leaks 12 pack",
    "COL Price": 8,
    "COL ppu": "$0.67 per 1Ea",
    "COL Size": "12 pack"
  },
  {
    "Brand_Product_Size": "Nongshim Yaki Udon Spicy Seafood Noodles 251g",
    "COL Price": 5,
    "COL ppu": "$1.99 per 100G",
    "COL Size": "251g"
  },
  {
    "Brand_Product_Size": "Aussie Bodies FX Lo Carb Chocolate Honeycomb Mini Protein Bar 30g",
    "COL Price": 2.59,
    "COL ppu": "$8.63 per 100G",
    "COL Size": "30g"
  },
  {
    "Brand_Product_Size": "Palmolive Naturals Active Nourishment Shampoo 700mL",
    "COL Price": 5,
    "COL ppu": "$0.71 per 100mL",
    "COL Size": "700mL"
  },
  {
    "Brand_Product_Size": "Coles Kitchen Gnocchi Pesto Sundried Tomato 350g",
    "COL Price": 6.5,
    "COL ppu": "$1.86 per 100G",
    "COL Size": "350g"
  },
  {
    "Brand_Product_Size": "Coles Bake & Create Eyeball Decorations 80g",
    "COL Price": 3.5,
    "COL ppu": "$4.38 per 100G",
    "COL Size": "80g"
  },
  {
    "Brand_Product_Size": "Twinings Assam Bold Tea Bags 80 pack 200g",
    "COL Price": 5.6,
    "COL ppu": "$0.07 per 1Ea",
    "COL Size": "200g"
  },
  {
    "Brand_Product_Size": "Coles Exotic Shiitake Mushrooms Prepacked 100g",
    "COL Price": 6,
    "COL ppu": "$60.00 per 1Kg",
    "COL Size": "100g"
  },
  {
    "Brand_Product_Size": "Red Tractor Organic Baking Oats 500g",
    "COL Price": 4,
    "COL ppu": "$0.80 per 100G",
    "COL Size": "500g"
  },
  {
    "Brand_Product_Size": "Mentos Pure Fresh Sour Gum Strawberry Bottle 30g",
    "COL Price": 2,
    "COL ppu": "$6.67 per 100G",
    "COL Size": "30g"
  },
  {
    "Brand_Product_Size": "Glen 20 Country Scent Disinfectant Spray 375g",
    "COL Price": 6.9,
    "COL ppu": "$1.84 per 100G",
    "COL Size": "375g"
  },
  {
    "Brand_Product_Size": "Twining's Camomile Honey & Vanilla Tea Bags 40 pack",
    "COL Price": 7,
    "COL ppu": "$0.18 per 1Ea",
    "COL Size": "40 pack"
  },
  {
    "Brand_Product_Size": "CSR Golden Syrup 850g",
    "COL Price": 4.75,
    "COL ppu": "$0.56 per 100G",
    "COL Size": "850g"
  },
  {
    "Brand_Product_Size": "Keep It Cleaner Peanut Butter & Banana Protein Bar 40g",
    "COL Price": 3,
    "COL ppu": "$7.50 per 100G",
    "COL Size": "40g"
  },
  {
    "Brand_Product_Size": "Huggies Dry Nites Bed Mats 7 pack",
    "COL Price": 8,
    "COL ppu": "$1.14 per 1Ea",
    "COL Size": "7 pack"
  },
  {
    "Brand_Product_Size": "Coles Green Beans loose approx. 200g",
    "COL Price": 1.7,
    "COL ppu": "$8.50 per 1Kg",
    "COL Size": "approx. 200g"
  },
  {
    "Brand_Product_Size": "Coles Ultimate 40% Chocolate Chip Cookies 400g",
    "COL Price": 3.5,
    "COL ppu": "$0.88 per 100G",
    "COL Size": "400g"
  },
  {
    "Brand_Product_Size": "South Cape Summer Herbs Sun Dried Tomato Trilogy Cheddar Cheese 140g",
    "COL Price": 5,
    "COL ppu": "$35.71 per 1Kg",
    "COL Size": "140g"
  },
  {
    "Brand_Product_Size": "Nood Grass Fed Beef Recipe With Garden Vegetables Dog Food 100g 12 pack",
    "COL Price": 15,
    "COL ppu": "$12.50 per 1Kg",
    "COL Size": "12 pack"
  },
  {
    "Brand_Product_Size": "V Energy Drink Can 250mL",
    "COL Price": 2.8,
    "COL ppu": "$11.20 per 1L",
    "COL Size": "250mL"
  },
  {
    "Brand_Product_Size": "Arnott's Tim Tam Crafted Mango & Cream Biscuits 160g",
    "COL Price": 4,
    "COL ppu": "$2.50 per 100G",
    "COL Size": "160g"
  },
  {
    "Brand_Product_Size": "Arnott's Nacho Cheese Shapes 160g",
    "COL Price": 3.2,
    "COL ppu": "$2.00 per 100G",
    "COL Size": "160g"
  },
  {
    "Brand_Product_Size": "Colgate Smiles Junior Soft Toothbrush each",
    "COL Price": 2.8,
    "COL ppu": "$2.80 per 1Ea",
    "COL Size": "each"
  },
  {
    "Brand_Product_Size": "Colgate 360 Degree Value Pack Soft Toothbrush 2 pack",
    "COL Price": 8,
    "COL ppu": "$4.00 per 1Ea",
    "COL Size": "2 pack"
  },
  {
    "Brand_Product_Size": "Paper Mate Kilometrico Pens Black 10 pack",
    "COL Price": 4.5,
    "COL ppu": "$0.45 per 1Ea",
    "COL Size": "10 pack"
  },
  {
    "Brand_Product_Size": "Eskal Chopped Herring 375g",
    "COL Price": 6,
    "COL ppu": "$16.00 per 1Kg",
    "COL Size": "375g"
  },
  {
    "Brand_Product_Size": "The Spice Tailor Keralan Coconut Curry 225g",
    "COL Price": 5.5,
    "COL ppu": "$2.44 per 100G",
    "COL Size": "225g"
  },
  {
    "Brand_Product_Size": "Nongshim Shrimp Meat Chips 75g",
    "COL Price": 2.3,
    "COL ppu": "$3.07 per 100G",
    "COL Size": "75g"
  },
  {
    "Brand_Product_Size": "Mazzetti Prebiotics Beetroot Apple Cider Vinegar 500mL",
    "COL Price": 6,
    "COL ppu": "$1.20 per 100mL",
    "COL Size": "500mL"
  },
  {
    "Brand_Product_Size": "Coles Dried Porcini Mushrooms 20g",
    "COL Price": 5,
    "COL ppu": "$2.50 per 10G",
    "COL Size": "20g"
  },
  {
    "Brand_Product_Size": "Crest Large Push Light each",
    "COL Price": 7,
    "COL ppu": "$7.00 per 1Ea",
    "COL Size": "each"
  },
  {
    "Brand_Product_Size": "Garnier Fructis Sleek & Shine Anti-Frizz Serum 150mL",
    "COL Price": 6,
    "COL ppu": "$4.00 per 100mL",
    "COL Size": "150mL"
  },
  {
    "Brand_Product_Size": "LPO Refine Revitalising Facial Scrub 50mL",
    "COL Price": 12,
    "COL ppu": "$24.00 per 100mL",
    "COL Size": "50mL"
  },
  {
    "Brand_Product_Size": "Coles Australian Sultana's 6 pack 240g",
    "COL Price": 2,
    "COL ppu": "$8.33 per 1Kg",
    "COL Size": "240g"
  },
  {
    "Brand_Product_Size": "Coles Margherita Pizza Bites 200g",
    "COL Price": 5,
    "COL ppu": "$2.50 per 100G",
    "COL Size": "200g"
  },
  {
    "Brand_Product_Size": "Coles Ultra Antibacterial Floor Wipes Lemon  Fresh 20 pack",
    "COL Price": 5,
    "COL ppu": "$25.00 per 100Ea",
    "COL Size": "20 pack"
  },
  {
    "Brand_Product_Size": "Swisse High Strength Magnesium Powder Orange 180g",
    "COL Price": 30,
    "COL ppu": "$16.67 per 100G",
    "COL Size": "180g"
  },
  {
    "Brand_Product_Size": "Massel Chicken Style Stock 1L",
    "COL Price": 3,
    "COL ppu": "$0.30 per 100mL",
    "COL Size": "1L"
  },
  {
    "Brand_Product_Size": "Gillette Shave Foam Sensitive Skin 330 gram",
    "COL Price": 4.6,
    "COL ppu": "",
    "COL Size": "330 gram"
  },
  {
    "Brand_Product_Size": "Blue Diamond Almond Breeze Unsweetened Almond Milk 1L",
    "COL Price": 2.5,
    "COL ppu": "$2.50 per 1L",
    "COL Size": "1L"
  },
  {
    "Brand_Product_Size": "Red Island Extra Virgin Olive Oil 500mL",
    "COL Price": 9.5,
    "COL ppu": "$1.90 per 100mL",
    "COL Size": "500mL"
  },
  {
    "Brand_Product_Size": "Coles Ground Sage Leaves 27g",
    "COL Price": 2.2,
    "COL ppu": "$0.81 per 10G",
    "COL Size": "27g"
  },
  {
    "Brand_Product_Size": "Nice & Natural Trail Mix Nut Bars 192g",
    "COL Price": 4,
    "COL ppu": "$2.08 per 100G",
    "COL Size": "192g"
  },
  {
    "Brand_Product_Size": "Angas Park Dried Pitted Prunes 1kg",
    "COL Price": 12.5,
    "COL ppu": "$12.50 per 1Kg",
    "COL Size": "1kg"
  },
  {
    "Brand_Product_Size": "Frantelle Natural Spring Water 600ml 24 pack",
    "COL Price": 9,
    "COL ppu": "$0.63 per 1L",
    "COL Size": "24 pack"
  },
  {
    "Brand_Product_Size": "Head & Shoulders Ultra Men 2 In1 Deep Clean Anti-Dandruff Shampoo + Conditioner 400mL",
    "COL Price": 7.5,
    "COL ppu": "$1.88 per 100mL",
    "COL Size": "400mL"
  },
  {
    "Brand_Product_Size": "Coles Kitchen Chicken Laksa Noodles 350g",
    "COL Price": 7.5,
    "COL ppu": "$2.14 per 100G",
    "COL Size": "350g"
  },
  {
    "Brand_Product_Size": "Fantastic Delites Sea Salt & Balsamic Vinegar Rice Snacks 100g",
    "COL Price": 2,
    "COL ppu": "$2.00 per 100G",
    "COL Size": "100g"
  },
  {
    "Brand_Product_Size": "Armor All Large Sponge each",
    "COL Price": 3.1,
    "COL ppu": "$3.10 per 1Ea",
    "COL Size": "each"
  },
  {
    "Brand_Product_Size": "V2 Plant Based Mince 750g",
    "COL Price": 8,
    "COL ppu": "$1.07 per 100G",
    "COL Size": "750g"
  },
  {
    "Brand_Product_Size": "Finish 2 In 1 Lemon & Lime Dishwasher Freshener 1 pack",
    "COL Price": 6,
    "COL ppu": "$6.00 per 1Ea",
    "COL Size": "1 pack"
  },
  {
    "Brand_Product_Size": "Sanitarium Weet-Bix Bites Wild berry Breakfast Cereal 500g",
    "COL Price": 4,
    "COL ppu": "$0.80 per 100G",
    "COL Size": "500g"
  },
  {
    "Brand_Product_Size": "OC Naturals Dry Nourish Shampoo 725mL",
    "COL Price": 6,
    "COL ppu": "$0.83 per 100mL",
    "COL Size": "725mL"
  },
  {
    "Brand_Product_Size": "Black Swan Crafted Beetroot Tzatziki Dip 200g",
    "COL Price": 4.3,
    "COL ppu": "$2.15 per 100G",
    "COL Size": "200g"
  },
  {
    "Brand_Product_Size": "Dare Triple Espresso Robusta & Arabica Iced Coffee 500mL",
    "COL Price": 2.6,
    "COL ppu": "$5.20 per 1L",
    "COL Size": "500mL"
  },
  {
    "Brand_Product_Size": "Nature's Way Vitamin E 1000 IU Capsules 50 pack",
    "COL Price": 21,
    "COL ppu": "$0.42 per 1Ea",
    "COL Size": "50 pack"
  },
  {
    "Brand_Product_Size": "Wellness Road Organic Cacao Powder 500g",
    "COL Price": 10,
    "COL ppu": "$2.00 per 100G",
    "COL Size": "500g"
  },
  {
    "Brand_Product_Size": "Coles Unisex Comfy Bots Toddler Nappies 10-15 Kg 50 pack",
    "COL Price": 11,
    "COL ppu": "$0.22 per 1Ea",
    "COL Size": "50 pack"
  },
  {
    "Brand_Product_Size": "Ritz Snackz Sour Cream and Onion Crackers 100g",
    "COL Price": 2,
    "COL ppu": "$2.00 per 100G",
    "COL Size": "100g"
  },
  {
    "Brand_Product_Size": "San Remo La Pasta Chicken & Mushroom Flavour Pasta & Sauce 80g",
    "COL Price": 1,
    "COL ppu": "$1.25 per 100G",
    "COL Size": "80g"
  },
  {
    "Brand_Product_Size": "Annabel Karmel Meals Bolognaise Pasta Bake 200g",
    "COL Price": 4,
    "COL ppu": "$2.00 per 100G",
    "COL Size": "200g"
  },
  {
    "Brand_Product_Size": "Grandma Moses Sesame Bagels 4 pack 440g",
    "COL Price": 4.6,
    "COL ppu": "$1.05 per 100G",
    "COL Size": "440g"
  },
  {
    "Brand_Product_Size": "Coles Radial Brush Medium 1 pack",
    "COL Price": 6.8,
    "COL ppu": "$6.80 per 1Ea",
    "COL Size": "1 pack"
  },
  {
    "Brand_Product_Size": "Nescafe Gold Coffee Sachets Almond Mocha 6 pack",
    "COL Price": 6.3,
    "COL ppu": "$1.05 per 1Ea",
    "COL Size": "6 pack"
  },
  {
    "Brand_Product_Size": "Garlos Lean Beef Pie 200g",
    "COL Price": 4,
    "COL ppu": "$2.00 per 100G",
    "COL Size": "200g"
  },
  {
    "Brand_Product_Size": "Bee Products Manuka Honey MG30+ 500g",
    "COL Price": 20,
    "COL ppu": "$4.00 per 100G",
    "COL Size": "500g"
  },
  {
    "Brand_Product_Size": "Sukin Foaming Facial Cleanser Pump 125mL",
    "COL Price": 13,
    "COL ppu": "$10.40 per 100mL",
    "COL Size": "125mL"
  },
  {
    "Brand_Product_Size": "Carman's Coconut Yoghurt & Roasted Nut Gourmet Protein Bars 5 pack 200g",
    "COL Price": 6.3,
    "COL ppu": "$3.15 per 100G",
    "COL Size": "200g"
  },
  {
    "Brand_Product_Size": "Coles Tea Tree Oil 200mL",
    "COL Price": 7,
    "COL ppu": "$3.50 per 100mL",
    "COL Size": "200mL"
  },
  {
    "Brand_Product_Size": "Nissin Chicken Flavour Instant Noodles 118g",
    "COL Price": 2.2,
    "COL ppu": "$1.86 per 100G",
    "COL Size": "118g"
  },
  {
    "Brand_Product_Size": "Kellogg's Peanut Crunchy Nut Bars 6 pack 180g",
    "COL Price": 5,
    "COL ppu": "$2.78 per 100G",
    "COL Size": "180g"
  },
  {
    "Brand_Product_Size": "Coles Bakery Light Sourdough Hamburger Rolls 4 pack",
    "COL Price": 3,
    "COL ppu": "$0.75 per 1Ea",
    "COL Size": "4 pack"
  },
  {
    "Brand_Product_Size": "Mirabella Round Clear ES Globe Warm White Filament Led 2W 250 Lumens each",
    "COL Price": 6.5,
    "COL ppu": "$6.50 per 1Ea",
    "COL Size": "each"
  },
  {
    "Brand_Product_Size": "Gillette Fusion ProGlide Power Styler Shaving Razor 1 pack",
    "COL Price": 30,
    "COL ppu": "",
    "COL Size": "1 pack"
  },
  {
    "Brand_Product_Size": "Tyrrells Lightly Salted English Crisps 165g",
    "COL Price": 4.5,
    "COL ppu": "$2.73 per 100G",
    "COL Size": "165g"
  },
  {
    "Brand_Product_Size": "Twisted Licks 99% Sugar Free Sticks Double Choc 4 Pack 355g",
    "COL Price": 8.5,
    "COL ppu": "$2.66 per 100mL",
    "COL Size": "355g"
  },
  {
    "Brand_Product_Size": "Black Swan Spicy Capsicum Dip 200g",
    "COL Price": 3.5,
    "COL ppu": "$1.75 per 100G",
    "COL Size": "200g"
  },
  {
    "Brand_Product_Size": "Rana Spinach & Ricotta Tortellini 325g",
    "COL Price": 7,
    "COL ppu": "$2.15 per 100G",
    "COL Size": "325g"
  },
  {
    "Brand_Product_Size": "Old El Paso Regular Tortillas 6 pack 240g",
    "COL Price": 3,
    "COL ppu": "$1.25 per 100G",
    "COL Size": "240g"
  },
  {
    "Brand_Product_Size": "Red Rock Deli Lime & Pepper Potato Chips 165g",
    "COL Price": 3,
    "COL ppu": "$1.82 per 100G",
    "COL Size": "165g"
  },
  {
    "Brand_Product_Size": "Garlos Curry Beef Pie 200g",
    "COL Price": 4,
    "COL ppu": "$2.00 per 100G",
    "COL Size": "200g"
  },
  {
    "Brand_Product_Size": "Herbal Essences Shampoo Drama Clean 300mL",
    "COL Price": 6.5,
    "COL ppu": "$2.17 per 100mL",
    "COL Size": "300mL"
  },
  {
    "Brand_Product_Size": "Coles 5 Brown Rice Pouches 625g",
    "COL Price": 4,
    "COL ppu": "$0.64 per 100G",
    "COL Size": "625g"
  },
  {
    "Brand_Product_Size": "Artemis Kefalotyri 200g",
    "COL Price": 12.5,
    "COL ppu": "$62.50 per 1Kg",
    "COL Size": "200g"
  },
  {
    "Brand_Product_Size": "Ardmona Apple Pie Slices Canned 800g",
    "COL Price": 4.25,
    "COL ppu": "$5.31 per 1Kg",
    "COL Size": "800g"
  },
  {
    "Brand_Product_Size": "Paul Newman's Own Balsamic Dressing 250mL",
    "COL Price": 4,
    "COL ppu": "$1.60 per 100mL",
    "COL Size": "250mL"
  },
  {
    "Brand_Product_Size": "Fodmapped Gluten Free Slow Roasted Vegetable Pasta Sauce 375g",
    "COL Price": 4.4,
    "COL ppu": "$1.17 per 100G",
    "COL Size": "375g"
  },
  {
    "Brand_Product_Size": "Continental Creamy Spinach Parmesan & Bacon Pasta Serves 2 91g",
    "COL Price": 2.75,
    "COL ppu": "$3.02 per 100G",
    "COL Size": "91g"
  },
  {
    "Brand_Product_Size": "Cuddly Japanese Cherry Blossom Fabric Conditioner 900mL",
    "COL Price": 6,
    "COL ppu": "$6.67 per 1L",
    "COL Size": "900mL"
  },
  {
    "Brand_Product_Size": "Coles Nature's Kitchen Sweet Potato & Black Bean Burger 250g",
    "COL Price": 3.5,
    "COL ppu": "$1.40 per 100G",
    "COL Size": "250g"
  },
  {
    "Brand_Product_Size": "Yumi's Gluten Free Green Olive Classic Dip 200g",
    "COL Price": 3,
    "COL ppu": "$1.50 per 100G",
    "COL Size": "200g"
  },
  {
    "Brand_Product_Size": "Nivea Hydrocare Moisturising Lip Balm + Shea Butter & SPF15 4.8g",
    "COL Price": 4,
    "COL ppu": "$83.33 per 100G",
    "COL Size": "4.8g"
  },
  {
    "Brand_Product_Size": "Twinings Earl Grey Tea Bags 10 pack 20g",
    "COL Price": 2.9,
    "COL ppu": "$0.29 per 1Ea",
    "COL Size": "20g"
  },
  {
    "Brand_Product_Size": "Obento Sushi Bamboo Mat each",
    "COL Price": 2.1,
    "COL ppu": "$2.10 per 1Ea",
    "COL Size": "each"
  },
  {
    "Brand_Product_Size": "Pattu Black Lentils 1kg",
    "COL Price": 3.4,
    "COL ppu": "$3.40 per 1Kg",
    "COL Size": "1kg"
  },
  {
    "Brand_Product_Size": "Neutrogena Fresh Foaming Cleanser 200mL",
    "COL Price": 13,
    "COL ppu": "$6.50 per 100mL",
    "COL Size": "200mL"
  },
  {
    "Brand_Product_Size": "Coca-Cola No Sugar Soft Drink Coke 375mL 24 pack",
    "COL Price": 19.05,
    "COL ppu": "$0.79 per 1Ea",
    "COL Size": "24 pack"
  },
  {
    "Brand_Product_Size": "Kan Tong Thai Green Curry Paste 250g",
    "COL Price": 3.99,
    "COL ppu": "$1.60 per 100G",
    "COL Size": "250g"
  },
  {
    "Brand_Product_Size": "Coles Deli Hans Mild Hungarian Salami approx. 125g each",
    "COL Price": 3.125,
    "COL ppu": "$25.00 per 1Kg",
    "COL Size": "approx. 125g each"
  },
  {
    "Brand_Product_Size": "Fancy Plants Vanilla Chia Pod 150g",
    "COL Price": 2.5,
    "COL ppu": "$1.67 per 100G",
    "COL Size": "150g"
  },
  {
    "Brand_Product_Size": "Coles Graze Grassfed Beef Rump Steak 300g",
    "COL Price": 10,
    "COL ppu": "$3.33 per 100G",
    "COL Size": "300g"
  },
  {
    "Brand_Product_Size": "Clairol Root Touch Up Colour Blending Gel Red 45mL",
    "COL Price": 12.6,
    "COL ppu": "$2.80 per 10mL",
    "COL Size": "45mL"
  },
  {
    "Brand_Product_Size": "Wurstel Chorizo 300g",
    "COL Price": 6.9,
    "COL ppu": "$23.00 per 1Kg",
    "COL Size": "300g"
  },
  {
    "Brand_Product_Size": "Berocca Energy Vitamin Original Berry 30 Effervescent Tablets 1 pack",
    "COL Price": 17.3,
    "COL ppu": "$17.30 per 1Ea",
    "COL Size": "1 pack"
  },
  {
    "Brand_Product_Size": "Coles Tuna Chunks in Springwater 425g",
    "COL Price": 3.35,
    "COL ppu": "$7.88 per 1Kg",
    "COL Size": "425g"
  },
  {
    "Brand_Product_Size": "Schweppes Dry Ginger Ale Zero Sugar Classic Mixers Multipack Bottles 300mL 4 pack",
    "COL Price": 5.9,
    "COL ppu": "$4.92 per 1L",
    "COL Size": "4 pack"
  },
  {
    "Brand_Product_Size": "Campbell's Country Ladle Rich & Creamy Pumpkin Soup Can 500g",
    "COL Price": 3.5,
    "COL ppu": "$0.70 per 100G",
    "COL Size": "500g"
  },
  {
    "Brand_Product_Size": "Deep Spring Mineral Water Orange Pass 4 pack",
    "COL Price": 5.1,
    "COL ppu": "$5.10 per 1L",
    "COL Size": "4 pack"
  },
  {
    "Brand_Product_Size": "Coles Chocolate Cupcakes 4 pack 288g",
    "COL Price": 4,
    "COL ppu": "$1.39 per 100G",
    "COL Size": "288g"
  },
  {
    "Brand_Product_Size": "Mr Fishi Traditional Chopped Herring 330g",
    "COL Price": 8.5,
    "COL ppu": "$25.76 per 1Kg",
    "COL Size": "330g"
  },
  {
    "Brand_Product_Size": "Colgate Whitening & Tartar Control Toothpaste 120g",
    "COL Price": 4.8,
    "COL ppu": "$4.00 per 100G",
    "COL Size": "120g"
  },
  {
    "Brand_Product_Size": "Whiskas So Meaty 1+ Years Wet Cat Food Meat Cuts In Gravy 85g Pouch 24 pack",
    "COL Price": 19.8,
    "COL ppu": "$0.97 per 100G",
    "COL Size": "24 pack"
  },
  {
    "Brand_Product_Size": "Heinz Creamy Potato & Leek Soup 430g",
    "COL Price": 3,
    "COL ppu": "$0.70 per 100G",
    "COL Size": "430g"
  },
  {
    "Brand_Product_Size": "TCC Premium Coconut Cream 400mL",
    "COL Price": 2,
    "COL ppu": "$0.50 per 100mL",
    "COL Size": "400mL"
  },
  {
    "Brand_Product_Size": "Sukin The Art Series Anna Cole 1 pack",
    "COL Price": 25,
    "COL ppu": "$25.00 per 1Ea",
    "COL Size": "1 pack"
  },
  {
    "Brand_Product_Size": "Edgell Diced Capsicum 125g",
    "COL Price": 1.4,
    "COL ppu": "$11.20 per 1Kg",
    "COL Size": "125g"
  },
  {
    "Brand_Product_Size": "Coles Brown Rice 250g",
    "COL Price": 1.5,
    "COL ppu": "$0.60 per 100G",
    "COL Size": "250g"
  },
  {
    "Brand_Product_Size": "Libra Girl Regular Tampons 16 pack",
    "COL Price": 2.52,
    "COL ppu": "$0.16 per 1Ea",
    "COL Size": "16 pack"
  },
  {
    "Brand_Product_Size": "Coles Continental Parsley Punnets Prepacked 15g",
    "COL Price": 3,
    "COL ppu": "$2.00 per 10G",
    "COL Size": "15g"
  },
  {
    "Brand_Product_Size": "OC Naturals Normal Balance Conditioner 400mL",
    "COL Price": 3.5,
    "COL ppu": "$0.88 per 100mL",
    "COL Size": "400mL"
  },
  {
    "Brand_Product_Size": "Bref Lavender Toilet Gel Colour Change Indicator 450mL",
    "COL Price": 5,
    "COL ppu": "$1.11 per 100mL",
    "COL Size": "450mL"
  },
  {
    "Brand_Product_Size": "Wart-Off Wart Remover Stick 5g",
    "COL Price": 14,
    "COL ppu": "$280.00 per 100G",
    "COL Size": "5g"
  },
  {
    "Brand_Product_Size": "Vegie Delights Vegetable Roast 480g",
    "COL Price": 7,
    "COL ppu": "$1.46 per 100G",
    "COL Size": "480g"
  },
  {
    "Brand_Product_Size": "Hercules Resealable Value Pack Sandwich Bags 200 pack",
    "COL Price": 7.35,
    "COL ppu": "$0.04 per 1Ea",
    "COL Size": "200 pack"
  },
  {
    "Brand_Product_Size": "Redwin Sports Aluminium Free Deodorant Pump 150mL",
    "COL Price": 2.5,
    "COL ppu": "$1.67 per 100mL",
    "COL Size": "150mL"
  },
  {
    "Brand_Product_Size": "Coles Asian Pak Choy 1 bunch",
    "COL Price": 2.5,
    "COL ppu": "$2.50 per 1Ea",
    "COL Size": "1 bunch"
  },
  {
    "Brand_Product_Size": "Jalna Farm To Pot Organic Yoghourt Natural 2kg",
    "COL Price": 13.95,
    "COL ppu": "$0.70 per 100G",
    "COL Size": "2kg"
  },
  {
    "Brand_Product_Size": "Sunsilk Addictive Brilliant Shine Conditioner 700mL",
    "COL Price": 10,
    "COL ppu": "$1.43 per 100mL",
    "COL Size": "700mL"
  },
  {
    "Brand_Product_Size": "Cook & Dine Dog Repeat Mug each",
    "COL Price": 5,
    "COL ppu": "$5.00 per 1Ea",
    "COL Size": "each"
  },
  {
    "Brand_Product_Size": "Meat Servery Free Range Chicken Breast approx. 3kg",
    "COL Price": 48,
    "COL ppu": "$16.00 per 1Kg",
    "COL Size": "approx. 3kg"
  },
  {
    "Brand_Product_Size": "Libra Breathable Liners 50 pack",
    "COL Price": 2.52,
    "COL ppu": "$0.05 per 1Ea",
    "COL Size": "50 pack"
  },
  {
    "Brand_Product_Size": "Bosisto's Natural Lavender Oil Spray 125g",
    "COL Price": 12,
    "COL ppu": "$9.60 per 100G",
    "COL Size": "125g"
  },
  {
    "Brand_Product_Size": "Lean Cuisine Vegan Plant Protein Spiced Cauliflower Lentils & Cous Cous 280g",
    "COL Price": 4.5,
    "COL ppu": "$1.61 per 100G",
    "COL Size": "280g"
  },
  {
    "Brand_Product_Size": "Keep It Cleaner Brown Rice And Hemp Fusilli Pasta 250g",
    "COL Price": 4,
    "COL ppu": "$1.60 per 100G",
    "COL Size": "250g"
  },
  {
    "Brand_Product_Size": "Libra Regular Tampons 32 pack",
    "COL Price": 6.35,
    "COL ppu": "$0.20 per 1Ea",
    "COL Size": "32 pack"
  },
  {
    "Brand_Product_Size": "Coles Deli Snack BBQ Pasta Salad each",
    "COL Price": 3,
    "COL ppu": "$3.00 per 1Ea",
    "COL Size": "each"
  },
  {
    "Brand_Product_Size": "Starbucks Nescafe Dolce Gusto Capsules Cappuccino 12 pack",
    "COL Price": 5,
    "COL ppu": "$0.42 per 1Ea",
    "COL Size": "12 pack"
  },
  {
    "Brand_Product_Size": "Coles Combs Family Pack 4 pack",
    "COL Price": 3.8,
    "COL ppu": "$0.95 per 1Ea",
    "COL Size": "4 pack"
  },
  {
    "Brand_Product_Size": "Rexona Men Clinical Protection Aerosol Active Fresh Antiperspirant 180mL",
    "COL Price": 10,
    "COL ppu": "$5.56 per 100mL",
    "COL Size": "180mL"
  },
  {
    "Brand_Product_Size": "Coles Refined Olive Oil 1L",
    "COL Price": 6,
    "COL ppu": "$6.00 per 1L",
    "COL Size": "1L"
  },
  {
    "Brand_Product_Size": "Doritos Cheese Supreme Corn Chips 170g",
    "COL Price": 1.75,
    "COL ppu": "$1.03 per 100G",
    "COL Size": "170g"
  },
  {
    "Brand_Product_Size": "Wyld Supplement Tablets Man 60 pack",
    "COL Price": 27,
    "COL ppu": "$0.45 per 1Ea",
    "COL Size": "60 pack"
  },
  {
    "Brand_Product_Size": "Oli6 Stage 1 Goat Milk Infant Formula 0-6 Months 800g",
    "COL Price": 32,
    "COL ppu": "$4.00 per 100G",
    "COL Size": "800g"
  },
  {
    "Brand_Product_Size": "Nongshim Gourmet Spicy Shin Cup Noodle Soup 68g",
    "COL Price": 2.3,
    "COL ppu": "$3.38 per 100G",
    "COL Size": "68g"
  },
  {
    "Brand_Product_Size": "Coles Rockmelon Whole each",
    "COL Price": 4.9,
    "COL ppu": "$4.90 per 1Ea",
    "COL Size": "each"
  },
  {
    "Brand_Product_Size": "Coles Lamb Cutlets approx. 320g",
    "COL Price": 10.88,
    "COL ppu": "$34.00 per 1Kg",
    "COL Size": "approx. 320g"
  },
  {
    "Brand_Product_Size": "Abbott's Village Bakery Gluten Free Wholemeal 500g",
    "COL Price": 6,
    "COL ppu": "$1.20 per 100G",
    "COL Size": "500g"
  },
  {
    "Brand_Product_Size": "Natural Chip Co. Sea Salt & Vinegar Potato Chips 175g",
    "COL Price": 3.5,
    "COL ppu": "$2.00 per 100G",
    "COL Size": "175g"
  },
  {
    "Brand_Product_Size": "Patties Vegetarian Party Platter 800g",
    "COL Price": 14.25,
    "COL ppu": "$1.78 per 100G",
    "COL Size": "800g"
  },
  {
    "Brand_Product_Size": "Sharpie Metallic Markers 2 pack",
    "COL Price": 6.4,
    "COL ppu": "$3.20 per 1ea",
    "COL Size": "2 pack"
  },
  {
    "Brand_Product_Size": "Coles Finest By Laurent Traditional Brioche Burger Buns 2 pack",
    "COL Price": 2.7,
    "COL ppu": "$1.35 per 1Ea",
    "COL Size": "2 pack"
  },
  {
    "Brand_Product_Size": "Dettol Healthy Touch Liquid Antibacterial Instant Hand Sanitiser 50mL",
    "COL Price": 3.5,
    "COL ppu": "$0.70 per 10mL",
    "COL Size": "50mL"
  },
  {
    "Brand_Product_Size": "SPC Tropics Diced & Juicy Mangoes in Juice 120g 4 pack",
    "COL Price": 3,
    "COL ppu": "$6.25 per 1Kg",
    "COL Size": "4 pack"
  },
  {
    "Brand_Product_Size": "Fresh Pasta Linguine 300g",
    "COL Price": 3,
    "COL ppu": "$1.00 per 100G",
    "COL Size": "300g"
  },
  {
    "Brand_Product_Size": "Helga's Gluten Free White Bread Slices 470g",
    "COL Price": 7,
    "COL ppu": "$1.49 per 100G",
    "COL Size": "470g"
  },
  {
    "Brand_Product_Size": "Core Powerfoods Chipotle Chicken 350g",
    "COL Price": 9,
    "COL ppu": "$2.57 per 100G",
    "COL Size": "350g"
  },
  {
    "Brand_Product_Size": "L'Oreal Paris Excellence 4.15 Dark Frosted Brown Hair Colour 1 pack",
    "COL Price": 20,
    "COL ppu": "$20.00 per 1Ea",
    "COL Size": "1 pack"
  },
  {
    "Brand_Product_Size": "Maharajah's Choice Besan Flour 1kg",
    "COL Price": 3.9,
    "COL ppu": "$3.90 per 1Kg",
    "COL Size": "1kg"
  },
  {
    "Brand_Product_Size": "Coles Deli Salad Tubs Snack Curried Pumpkin Cous Cous Salad each",
    "COL Price": 3,
    "COL ppu": "$3.00 per 1Ea",
    "COL Size": "each"
  },
  {
    "Brand_Product_Size": "Optimum Adult 1+ Years Wth Oceanfish Dry Cat Food 2kg",
    "COL Price": 19.8,
    "COL ppu": "$0.99 per 100G",
    "COL Size": "2kg"
  },
  {
    "Brand_Product_Size": "Barkers Tropical Fruit Compote 300g",
    "COL Price": 4.5,
    "COL ppu": "$15.00 per 1Kg",
    "COL Size": "300g"
  },
  {
    "Brand_Product_Size": "Keep It Cleaner Hazelnut Fudge Slice 40g",
    "COL Price": 4,
    "COL ppu": "$10.00 per 100G",
    "COL Size": "40g"
  },
  {
    "Brand_Product_Size": "Crankt Max Salted Caramel Protein Bar 60 gram",
    "COL Price": 3.75,
    "COL ppu": "",
    "COL Size": "60 gram"
  },
  {
    "Brand_Product_Size": "Simson's Pantry Four Seeds Wraps 4 pack 180g",
    "COL Price": 2.3,
    "COL ppu": "$1.28 per 100G",
    "COL Size": "180g"
  },
  {
    "Brand_Product_Size": "Coles Extra Tough Garbage Bags 20 pack",
    "COL Price": 2.7,
    "COL ppu": "$0.14 per 1Ea",
    "COL Size": "20 pack"
  },
  {
    "Brand_Product_Size": "Coles Finest Filled Pasta Pork Fennel 350g",
    "COL Price": 5,
    "COL ppu": "$1.43 per 100G",
    "COL Size": "350g"
  },
  {
    "Brand_Product_Size": "Twinings Blueberry, Apple & Blackcurrant Cold Water Infusion 12 pack 30g",
    "COL Price": 6,
    "COL ppu": "$0.50 per 1Ea",
    "COL Size": "30g"
  },
  {
    "Brand_Product_Size": "Obento Teriyaki Marinade 250mL",
    "COL Price": 3,
    "COL ppu": "$1.20 per 100mL",
    "COL Size": "250mL"
  },
  {
    "Brand_Product_Size": "Cadbury Baking 70% Cocoa Dark Chocolate Block 180g",
    "COL Price": 3,
    "COL ppu": "$1.67 per 100G",
    "COL Size": "180g"
  },
  {
    "Brand_Product_Size": "Pauls Kids Yoghurt Strawberry Red 70g",
    "COL Price": 1.4,
    "COL ppu": "$2.00 per 100G",
    "COL Size": "70g"
  },
  {
    "Brand_Product_Size": "Streets Magnum Almond Mini Ice Cream Sticks 6 Pack 360mL",
    "COL Price": 4.5,
    "COL ppu": "$1.25 per 100mL",
    "COL Size": "360mL"
  },
  {
    "Brand_Product_Size": "Nood Cage Free Chicken Recipe With Superfoods Dry Dog Food 1.5kg",
    "COL Price": 14,
    "COL ppu": "$9.33 per 1Kg",
    "COL Size": "1.5kg"
  },
  {
    "Brand_Product_Size": "Redheads Extra Long Safety Matches 45 pack",
    "COL Price": 2.75,
    "COL ppu": "$6.11 per 100Ea",
    "COL Size": "45 pack"
  },
  {
    "Brand_Product_Size": "Coles Finest Beef Ragu Fettucine 400g",
    "COL Price": 8.5,
    "COL ppu": "$2.13 per 100G",
    "COL Size": "400g"
  },
  {
    "Brand_Product_Size": "Coles Rainbow Cake 970g",
    "COL Price": 16,
    "COL ppu": "$1.65 per 100G",
    "COL Size": "970g"
  },
  {
    "Brand_Product_Size": "Nyal Bronchitis Cough Medicine 200mL",
    "COL Price": 6.8,
    "COL ppu": "$3.40 per 100mL",
    "COL Size": "200mL"
  },
  {
    "Brand_Product_Size": "Black Swan Warming Leek & Bacon Dip 180g",
    "COL Price": 4.3,
    "COL ppu": "$2.39 per 100G",
    "COL Size": "180g"
  },
  {
    "Brand_Product_Size": "DermaVeen Daily Nourish Soap-Free Wash 500mL",
    "COL Price": 13.6,
    "COL ppu": "$2.72 per 100mL",
    "COL Size": "500mL"
  },
  {
    "Brand_Product_Size": "Cottee's Raspberry Jam 500g",
    "COL Price": 2.8,
    "COL ppu": "$0.56 per 100G",
    "COL Size": "500g"
  },
  {
    "Brand_Product_Size": "Coles Ultra Antibacterial Multipurpose Apple Blossom Wipes 100 pack",
    "COL Price": 3.5,
    "COL ppu": "$3.50 per 100Ea",
    "COL Size": "100 pack"
  },
  {
    "Brand_Product_Size": "Castello Creamy Blue Cheese 300g",
    "COL Price": 11.5,
    "COL ppu": "$3.83 per 100G",
    "COL Size": "300g"
  },
  {
    "Brand_Product_Size": "Darikay Hearty Chicken Soup 550g",
    "COL Price": 6.5,
    "COL ppu": "$1.18 per 100G",
    "COL Size": "550g"
  },
  {
    "Brand_Product_Size": "Coles Gluten Free Worcestershire Sauce 250mL",
    "COL Price": 2,
    "COL ppu": "$0.80 per 100mL",
    "COL Size": "250mL"
  },
  {
    "Brand_Product_Size": "L'Oreal Casting Creme Gloss Ebony Black Hair Colour 1 pack",
    "COL Price": 12.8,
    "COL ppu": "$12.80 per 1Ea",
    "COL Size": "1 pack"
  },
  {
    "Brand_Product_Size": "Terrys Milk Chocolate Orange Gift Box 157g",
    "COL Price": 6,
    "COL ppu": "$3.82 per 100G",
    "COL Size": "157g"
  },
  {
    "Brand_Product_Size": "Multix Alfoil Traditional Strength 30cm X 60m 1 pack",
    "COL Price": 10,
    "COL ppu": "$10.00 per 1Ea",
    "COL Size": "1 pack"
  },
  {
    "Brand_Product_Size": "Parker's Baked Twists Pretzels 200g",
    "COL Price": 3.55,
    "COL ppu": "$1.78 per 100G",
    "COL Size": "200g"
  },
  {
    "Brand_Product_Size": "Hengshun Chinkiang Vinegar 550mL",
    "COL Price": 2,
    "COL ppu": "$0.36 per 100mL",
    "COL Size": "550mL"
  },
  {
    "Brand_Product_Size": "Coles Manuka Mgo 50+ Multifloral Honey 500g",
    "COL Price": 15,
    "COL ppu": "$3.00 per 100G",
    "COL Size": "500g"
  },
  {
    "Brand_Product_Size": "Le Tan Coconut Lotion SPF 50+ 500mL",
    "COL Price": 25,
    "COL ppu": "$5.00 per 100mL",
    "COL Size": "500mL"
  },
  {
    "Brand_Product_Size": "Only Organic Banana Blueberry & Quinoa 120g",
    "COL Price": 2,
    "COL ppu": "$1.67 per 100G",
    "COL Size": "120g"
  },
  {
    "Brand_Product_Size": "Primo Gourmet Caramelised Onion Pork Sausage 450g",
    "COL Price": 7.5,
    "COL ppu": "$1.67 per 100G",
    "COL Size": "450g"
  },
  {
    "Brand_Product_Size": "Sunkist Orange Crush Soft Drink Can 375mL 24 pack",
    "COL Price": 24.55,
    "COL ppu": "$2.73 per 1L",
    "COL Size": "24 pack"
  },
  {
    "Brand_Product_Size": "Pattu Dark Red Kidney Beans 1kg",
    "COL Price": 5.1,
    "COL ppu": "$5.10 per 1Kg",
    "COL Size": "1kg"
  },
  {
    "Brand_Product_Size": "Noshu Unicorn Snackles 110g",
    "COL Price": 6,
    "COL ppu": "$5.45 per 100G",
    "COL Size": "110g"
  },
  {
    "Brand_Product_Size": "Leggo's Tomato Paste No Added Salt 2 pack 140g",
    "COL Price": 2.9,
    "COL ppu": "$1.04 per 100G",
    "COL Size": "140g"
  },
  {
    "Brand_Product_Size": "Tip Top Cafe Raisin Bread Loaf 650g",
    "COL Price": 3,
    "COL ppu": "$0.46 per 100G",
    "COL Size": "650g"
  },
  {
    "Brand_Product_Size": "Decor Tellfresh Cupcake Storer 4L each",
    "COL Price": 10,
    "COL ppu": "$10.00 per 1Ea",
    "COL Size": "each"
  },
  {
    "Brand_Product_Size": "Cook & Dine Dessert Spoons 4 pack",
    "COL Price": 6,
    "COL ppu": "$1.50 per 1Ea",
    "COL Size": "4 pack"
  },
  {
    "Brand_Product_Size": "Botanica Fresh Pineapple & Tunisian Rosemary Room Spray 236mL",
    "COL Price": 7.5,
    "COL ppu": "$3.18 per 100mL",
    "COL Size": "236mL"
  },
  {
    "Brand_Product_Size": "Just Juice Apple Blackcurrant Juice Multipack 200mL 6 pack",
    "COL Price": 5.3,
    "COL ppu": "$0.88 per 1Ea",
    "COL Size": "6 pack"
  },
  {
    "Brand_Product_Size": "Coles Brioche Hamburger Buns 4 Pack 200g",
    "COL Price": 2.7,
    "COL ppu": "$1.35 per 100G",
    "COL Size": "200g"
  },
  {
    "Brand_Product_Size": "Palmolive Luminous Oil Moroccan Argan Oil & Camellia Shampoo 350mL",
    "COL Price": 5,
    "COL ppu": "$1.43 per 100mL",
    "COL Size": "350mL"
  },
  {
    "Brand_Product_Size": "Coles Chickpeas 420g",
    "COL Price": 0.8,
    "COL ppu": "$0.19 per 100G",
    "COL Size": "420g"
  },
  {
    "Brand_Product_Size": "MasterFoods Moroccan Seasoning 160g",
    "COL Price": 6.5,
    "COL ppu": "$0.41 per 10G",
    "COL Size": "160g"
  },
  {
    "Brand_Product_Size": "Obento Rice Wine Vinegar 250mL",
    "COL Price": 2.3,
    "COL ppu": "$0.92 per 100mL",
    "COL Size": "250mL"
  },
  {
    "Brand_Product_Size": "Optus X Power 2 4G each",
    "COL Price": 79,
    "COL ppu": "$79.00 per 1Ea",
    "COL Size": "each"
  },
  {
    "Brand_Product_Size": "Plant Life Food Co. Crackers Garlic Chilli Sea Salt 110g",
    "COL Price": 3.2,
    "COL ppu": "$2.91 per 100G",
    "COL Size": "110g"
  },
  {
    "Brand_Product_Size": "Abbott's Village Bakery Gluten Free Soy & Linseed Bread 500g",
    "COL Price": 6,
    "COL ppu": "$1.20 per 100G",
    "COL Size": "500g"
  },
  {
    "Brand_Product_Size": "Lean Cuisine Beans Broccoli Chorizo 280g",
    "COL Price": 4.5,
    "COL ppu": "$1.61 per 100G",
    "COL Size": "280g"
  },
  {
    "Brand_Product_Size": "Poulings Sliced Pork 290g",
    "COL Price": 7.5,
    "COL ppu": "$2.59 per 100G",
    "COL Size": "290g"
  },
  {
    "Brand_Product_Size": "Mortein NaturGard Multi-Insect Automatic Spray Eucalyptus Refill 154g",
    "COL Price": 16,
    "COL ppu": "$10.39 per 100G",
    "COL Size": "154g"
  },
  {
    "Brand_Product_Size": "Arnott's Original Chocolate Tim Tam 200g",
    "COL Price": 4,
    "COL ppu": "$2.00 per 100G",
    "COL Size": "200g"
  },
  {
    "Brand_Product_Size": "Bonds Women's Logo Low Cut L7292U Size 3-8 3 pack",
    "COL Price": 15,
    "COL ppu": "",
    "COL Size": "3 pack"
  },
  {
    "Brand_Product_Size": "Coles Deli Salad Tubs Jumbo Quinoa Tabouleh Salad each",
    "COL Price": 11,
    "COL ppu": "$11.00 per 1Ea",
    "COL Size": "each"
  },
  {
    "Brand_Product_Size": "Coles 3 in 1 Indoor Outdoor & Garden Surface Spray 2L",
    "COL Price": 15,
    "COL ppu": "$0.75 per 100mL",
    "COL Size": "2L"
  },
  {
    "Brand_Product_Size": "Swisse Ultibiotic Daily Digestive Probiotic 30 Capsules 1 pack",
    "COL Price": 16,
    "COL ppu": "$16.00 per 1Ea",
    "COL Size": "1 pack"
  },
  {
    "Brand_Product_Size": "Pine O Cleen Laundry Sanitiser Fragrance Free 1.5L",
    "COL Price": 12,
    "COL ppu": "$8.00 per 1L",
    "COL Size": "1.5L"
  },
  {
    "Brand_Product_Size": "Johnson & Johnson Baby Oil With Aloe Vera & Vitamin e 500mL",
    "COL Price": 9.5,
    "COL ppu": "$1.90 per 100mL",
    "COL Size": "500mL"
  },
  {
    "Brand_Product_Size": "Oak Strawberry Flavoured Milk 300mL",
    "COL Price": 2.1,
    "COL ppu": "$7.00 per 1L",
    "COL Size": "300mL"
  },
  {
    "Brand_Product_Size": "Carman's Blueberry, Coconut & Almond Crunchy Clusters 500g",
    "COL Price": 6.9,
    "COL ppu": "$1.38 per 100G",
    "COL Size": "500g"
  },
  {
    "Brand_Product_Size": "Coles Deli Salad Tubs Large Quinoa Tabouleh Salad Large",
    "COL Price": 7,
    "COL ppu": "$7.00 per 1Ea",
    "COL Size": "Large"
  },
  {
    "Brand_Product_Size": "Hoyts Four Colour Pepper Mix 50g",
    "COL Price": 3.9,
    "COL ppu": "$7.80 per 100G",
    "COL Size": "50g"
  },
  {
    "Brand_Product_Size": "Always Fresh Cherries Pitted Morello 680g",
    "COL Price": 4,
    "COL ppu": "$5.88 per 1Kg",
    "COL Size": "680g"
  },
  {
    "Brand_Product_Size": "Hanabi Chive & Pork Dumplings 500g",
    "COL Price": 10,
    "COL ppu": "$2.00 per 100G",
    "COL Size": "500g"
  },
  {
    "Brand_Product_Size": "Coles Medium Salad Tub Curried Pumpkin Cous Cous Salad each",
    "COL Price": 6,
    "COL ppu": "$6.00 per 1Ea",
    "COL Size": "each"
  },
  {
    "Brand_Product_Size": "Hoyts Oregano 25g",
    "COL Price": 1.65,
    "COL ppu": "$0.66 per 10G",
    "COL Size": "25g"
  },
  {
    "Brand_Product_Size": "Cremeux Ash Brie 180g",
    "COL Price": 8.5,
    "COL ppu": "$47.22 per 1Kg",
    "COL Size": "180g"
  },
  {
    "Brand_Product_Size": "Coles Paper Stem Cotton Wool Tips 200 pack",
    "COL Price": 3,
    "COL ppu": "$0.02 per 1Ea",
    "COL Size": "200 pack"
  },
  {
    "Brand_Product_Size": "OB Finest Fig & Almond Crackers 150g",
    "COL Price": 6,
    "COL ppu": "$4.00 per 100G",
    "COL Size": "150g"
  },
  {
    "Brand_Product_Size": "Bonds Skinny Legging Mix Colour Medium/Large 1 pack",
    "COL Price": 20,
    "COL ppu": "$20.00 per 1Ea",
    "COL Size": "1 pack"
  },
  {
    "Brand_Product_Size": "Fantastic Rice Squares Lightly Salted 100g",
    "COL Price": 2.5,
    "COL ppu": "$2.50 per 100G",
    "COL Size": "100g"
  },
  {
    "Brand_Product_Size": "Mars Maltesers Chocolate Large Bag 280g",
    "COL Price": 6,
    "COL ppu": "$2.14 per 100G",
    "COL Size": "280g"
  },
  {
    "Brand_Product_Size": "Uncle Ben's Microwave Mexican Style Brown Rice 250g",
    "COL Price": 2.5,
    "COL ppu": "$1.00 per 100G",
    "COL Size": "250g"
  },
  {
    "Brand_Product_Size": "Supercoat Chicken Dry Puppy Dog Food 3kg",
    "COL Price": 12,
    "COL ppu": "$0.40 per 100G",
    "COL Size": "3kg"
  },
  {
    "Brand_Product_Size": "Plenty Crunchy Peanut Butter 375g",
    "COL Price": 6,
    "COL ppu": "$1.60 per 100G",
    "COL Size": "375g"
  },
  {
    "Brand_Product_Size": "Loma Linda Lemon Pepper Tuno 142g",
    "COL Price": 1.6,
    "COL ppu": "$1.13 per 100G",
    "COL Size": "142g"
  },
  {
    "Brand_Product_Size": "The Spice Tailor Thai Green Curry 275g",
    "COL Price": 4.5,
    "COL ppu": "$1.64 per 100G",
    "COL Size": "275g"
  },
  {
    "Brand_Product_Size": "Dare Vanilla Latte Flavoured Milk 500mL",
    "COL Price": 2.6,
    "COL ppu": "$5.20 per 1L",
    "COL Size": "500mL"
  },
  {
    "Brand_Product_Size": "Mission Wholegrain Wraps 8 pack 567g",
    "COL Price": 5,
    "COL ppu": "$0.88 per 100G",
    "COL Size": "567g"
  },
  {
    "Brand_Product_Size": "Wild Tides Tuna Creamy Pasta Mornay Sauce 190g",
    "COL Price": 3.8,
    "COL ppu": "$20.00 per 1Kg",
    "COL Size": "190g"
  },
  {
    "Brand_Product_Size": "Sara Lee Frozen Chocolate Buttercake 350g",
    "COL Price": 5,
    "COL ppu": "$1.43 per 100G",
    "COL Size": "350g"
  },
  {
    "Brand_Product_Size": "Coles Ultra Glass & Window Wipes 50 pack",
    "COL Price": 2.5,
    "COL ppu": "$0.05 per 1Ea",
    "COL Size": "50 pack"
  },
  {
    "Brand_Product_Size": "Riviana Brown Basmati Rice 1kg",
    "COL Price": 4.5,
    "COL ppu": "$0.45 per 100G",
    "COL Size": "1kg"
  },
  {
    "Brand_Product_Size": "Swisspers Cotton Tips Paperstems 400 pack",
    "COL Price": 6.4,
    "COL ppu": "$0.02 per 1Ea",
    "COL Size": "400 pack"
  },
  {
    "Brand_Product_Size": "Schwarzkopf Extra Care Shampoo Ultimate Repair 900mL",
    "COL Price": 14,
    "COL ppu": "$1.56 per 100mL",
    "COL Size": "900mL"
  },
  {
    "Brand_Product_Size": "Carman's Almond Hazelnut & Vanilla Nut Bar 175g",
    "COL Price": 6,
    "COL ppu": "$3.43 per 100G",
    "COL Size": "175g"
  },
  {
    "Brand_Product_Size": "Coles Gluten Free Beef Burgers Graze Grass Fed Oregano & Fresh Parsley 500g",
    "COL Price": 8,
    "COL ppu": "$1.60 per 100G",
    "COL Size": "500g"
  },
  {
    "Brand_Product_Size": "Robitussin Cold & Chesty Cough Syrup 200mL",
    "COL Price": 11.4,
    "COL ppu": "$5.70 per 100mL",
    "COL Size": "200mL"
  },
  {
    "Brand_Product_Size": "Coles Plant Based Kitchen Tidy Bags Small 35 pack",
    "COL Price": 3.8,
    "COL ppu": "$0.11 per 1Ea",
    "COL Size": "35 pack"
  },
  {
    "Brand_Product_Size": "Gaviscon Dual Action Tablets 48 pack",
    "COL Price": 15,
    "COL ppu": "$0.31 per 1Ea",
    "COL Size": "48 pack"
  },
  {
    "Brand_Product_Size": "Nutella Hazelnut Chocolate Spread 750g",
    "COL Price": 6,
    "COL ppu": "$0.80 per 100G",
    "COL Size": "750g"
  },
  {
    "Brand_Product_Size": "SPC Aussie Diced Apricots in Juice 120g 4 pack",
    "COL Price": 3,
    "COL ppu": "$6.25 per 1Kg",
    "COL Size": "4 pack"
  },
  {
    "Brand_Product_Size": "McCain Quick Cook Mini Smiles 500g",
    "COL Price": 4.3,
    "COL ppu": "$8.60 per 1Kg",
    "COL Size": "500g"
  },
  {
    "Brand_Product_Size": "Dolmio Extra Chunky Tomato, Onion & Roast Garlic Pasta Sauce 785g",
    "COL Price": 3.75,
    "COL ppu": "$0.48 per 100G",
    "COL Size": "785g"
  },
  {
    "Brand_Product_Size": "Babylove Unisex Cosifit Infant Nappy 3-8 Kg Size 2 44 pack",
    "COL Price": 14,
    "COL ppu": "$0.32 per 1Ea",
    "COL Size": "44 pack"
  },
  {
    "Brand_Product_Size": "Cook & Dine Slotted Turner each",
    "COL Price": 5,
    "COL ppu": "$5.00 per 1Ea",
    "COL Size": "each"
  },
  {
    "Brand_Product_Size": "Coles Premium Cherry Jam 345g",
    "COL Price": 2.35,
    "COL ppu": "$0.68 per 100G",
    "COL Size": "345g"
  },
  {
    "Brand_Product_Size": "Heinz Big'N Chunky Ravioli with Beef & Tomato Soup 535g",
    "COL Price": 2.5,
    "COL ppu": "$0.47 per 100G",
    "COL Size": "535g"
  },
  {
    "Brand_Product_Size": "Sunrice Brown Rice & Quinoa Infused with Lemongrass Chilli & Garlic 250g",
    "COL Price": 3,
    "COL ppu": "$1.20 per 100G",
    "COL Size": "250g"
  },
  {
    "Brand_Product_Size": "Coles Whole Black Peppercorns 44g",
    "COL Price": 2.3,
    "COL ppu": "$0.52 per 10G",
    "COL Size": "44g"
  },
  {
    "Brand_Product_Size": "Coles Finest Artisan Beetroot Crispbread 130g",
    "COL Price": 3,
    "COL ppu": "$2.31 per 100G",
    "COL Size": "130g"
  },
  {
    "Brand_Product_Size": "Brut Original Ultra Shaving Gel 200g",
    "COL Price": 3.4,
    "COL ppu": "$1.70 per 100G",
    "COL Size": "200g"
  },
  {
    "Brand_Product_Size": "Coles Deli Salads Tub Snack Classic Coleslaw each",
    "COL Price": 2,
    "COL ppu": "$2.00 per 1Ea",
    "COL Size": "each"
  },
  {
    "Brand_Product_Size": "Betty Crocker Rainbow Cake Mix 480g",
    "COL Price": 5.2,
    "COL ppu": "$1.08 per 100G",
    "COL Size": "480g"
  },
  {
    "Brand_Product_Size": "Pepsi Max Mango Soft Drink 1.25L",
    "COL Price": 1.3,
    "COL ppu": "$1.04 per 1L",
    "COL Size": "1.25L"
  },
  {
    "Brand_Product_Size": "Red Rock Deli Nuts Sweet Honey & Sea Salt 130g",
    "COL Price": 4,
    "COL ppu": "$30.77 per 1Kg",
    "COL Size": "130g"
  },
  {
    "Brand_Product_Size": "Fuze Peach Black Iced Tea 1.25L",
    "COL Price": 3.3,
    "COL ppu": "$2.64 per 1L",
    "COL Size": "1.25L"
  },
  {
    "Brand_Product_Size": "Coles Squeezy Tomato Paste 415g",
    "COL Price": 2,
    "COL ppu": "$0.48 per 100G",
    "COL Size": "415g"
  },
  {
    "Brand_Product_Size": "Nivea Rich Moisture Soft Shower Gel & Body Wash 1L",
    "COL Price": 13.7,
    "COL ppu": "$1.37 per 100mL",
    "COL Size": "1L"
  },
  {
    "Brand_Product_Size": "Avalanche Drinking Chocolate 10 Sticks 200g",
    "COL Price": 4.5,
    "COL ppu": "$2.25 per 100G",
    "COL Size": "200g"
  },
  {
    "Brand_Product_Size": "Ryvita Multigrain Rye Crispbread 250g",
    "COL Price": 2.85,
    "COL ppu": "$1.14 per 100G",
    "COL Size": "250g"
  },
  {
    "Brand_Product_Size": "Cool Pak Popcorn Cheese 6 Pack 66g",
    "COL Price": 3.1,
    "COL ppu": "$4.70 per 100G",
    "COL Size": "66g"
  },
  {
    "Brand_Product_Size": "Haagen-Dazs Strawberry Cheesecake Ice Cream Tub 457mL",
    "COL Price": 7,
    "COL ppu": "$1.53 per 100mL",
    "COL Size": "457mL"
  },
  {
    "Brand_Product_Size": "Table of Plenty Mini Dark Chocolate Rice Cakes 60g",
    "COL Price": 3.6,
    "COL ppu": "$6.00 per 100G",
    "COL Size": "60g"
  },
  {
    "Brand_Product_Size": "Toblerone Milk Chocolate Bar 50g",
    "COL Price": 2,
    "COL ppu": "$4.00 per 100G",
    "COL Size": "50g"
  },
  {
    "Brand_Product_Size": "Sunsilk Longer & Stronger Conditioner 350mL",
    "COL Price": 5.5,
    "COL ppu": "$1.57 per 100mL",
    "COL Size": "350mL"
  },
  {
    "Brand_Product_Size": "Maggi 2 Minute Noodles Fusian Mi Goreng Hot & Spicy Cup 65g",
    "COL Price": 1.8,
    "COL ppu": "$2.77 per 100G",
    "COL Size": "65g"
  },
  {
    "Brand_Product_Size": "Head & Shoulders Shampoo Itchy Scalp 400mL",
    "COL Price": 6.75,
    "COL ppu": "$1.69 per 100mL",
    "COL Size": "400mL"
  },
  {
    "Brand_Product_Size": "Jill's Cuisine Traditional Tomato Relish 400g",
    "COL Price": 3,
    "COL ppu": "$0.75 per 100G",
    "COL Size": "400g"
  },
  {
    "Brand_Product_Size": "Queen Fiesta Icing Decorations 12 piece",
    "COL Price": 3.5,
    "COL ppu": "$0.29 per 1Ea",
    "COL Size": "12 piece"
  },
  {
    "Brand_Product_Size": "Lipton Green Ceylon Tea 100 pack",
    "COL Price": 8.45,
    "COL ppu": "$0.08 per 1Ea",
    "COL Size": "100 pack"
  },
  {
    "Brand_Product_Size": "Sistema Twist N Sip Bottle 460mL each",
    "COL Price": 4.73,
    "COL ppu": "$4.73 per 1ea",
    "COL Size": "each"
  },
  {
    "Brand_Product_Size": "Ready For School Big Workbook Ages 3-5 each",
    "COL Price": 5,
    "COL ppu": "",
    "COL Size": "each"
  },
  {
    "Brand_Product_Size": "Cook & Dine Red Wine Glasses 420mL 4 pack",
    "COL Price": 16,
    "COL ppu": "",
    "COL Size": "4 pack"
  },
  {
    "Brand_Product_Size": "Continental Kosher Veal Goulash approx. 1kg pack",
    "COL Price": 30.5,
    "COL ppu": "$30.50 per 1Kg",
    "COL Size": "approx. 1kg pack"
  },
  {
    "Brand_Product_Size": "Coles Mi Goreng Noodle Cup 75g",
    "COL Price": 1,
    "COL ppu": "$1.33 per 100G",
    "COL Size": "75g"
  },
  {
    "Brand_Product_Size": "Lindt Nuxor Milk Ballotin 165g",
    "COL Price": 10,
    "COL ppu": "$6.06 per 100G",
    "COL Size": "165g"
  },
  {
    "Brand_Product_Size": "Boss Iced Long Black Coffee 237mL",
    "COL Price": 3.65,
    "COL ppu": "$15.40 per 1L",
    "COL Size": "237mL"
  },
  {
    "Brand_Product_Size": "Continental Kosher Butchers Lamb Forequarter Chops approx. 500g pack",
    "COL Price": 18.5,
    "COL ppu": "$37.00 per 1Kg",
    "COL Size": "approx. 500g pack"
  },
  {
    "Brand_Product_Size": "Whittaker's Marlborough Sea Salt and Caramel Brittle Milk Chocolate 100g",
    "COL Price": 4.5,
    "COL ppu": "$4.50 per 100G",
    "COL Size": "100g"
  },
  {
    "Brand_Product_Size": "Cadbury Large Sharepack Freddo Dairy Milk 216 gram",
    "COL Price": 5,
    "COL ppu": "",
    "COL Size": "216 gram"
  },
  {
    "Brand_Product_Size": "Dine Desire Tuna Whitemeat Grain Free Wet Cat Food Can 85g 6 pack",
    "COL Price": 8,
    "COL ppu": "$1.57 per 100G",
    "COL Size": "6 pack"
  },
  {
    "Brand_Product_Size": "Oatly Chocolate Oat Milk 1L",
    "COL Price": 4.5,
    "COL ppu": "$4.50 per 1L",
    "COL Size": "1L"
  },
  {
    "Brand_Product_Size": "CUB Walker Nappy Pants Size 5 23 pack",
    "COL Price": 9,
    "COL ppu": "$0.39 per 1Ea",
    "COL Size": "23 pack"
  },
  {
    "Brand_Product_Size": "St Ives Energising Coconut & Coffee Scrub 150mL",
    "COL Price": 10,
    "COL ppu": "$6.67 per 100mL",
    "COL Size": "150mL"
  },
  {
    "Brand_Product_Size": "Jindi Cheese Camembert 200g",
    "COL Price": 7,
    "COL ppu": "$35.00 per 1Kg",
    "COL Size": "200g"
  },
  {
    "Brand_Product_Size": "Method Hand Gel Waterfall 354mL",
    "COL Price": 5,
    "COL ppu": "$1.41 per 100mL",
    "COL Size": "354mL"
  },
  {
    "Brand_Product_Size": "Coles Natural Spring Water 600mL 6 pack",
    "COL Price": 3.6,
    "COL ppu": "$1.00 per 1L",
    "COL Size": "6 pack"
  },
  {
    "Brand_Product_Size": "Twinings Cold Water Infusions Live Well Refresh 12 pack",
    "COL Price": 6.5,
    "COL ppu": "$0.54 per 1Ea",
    "COL Size": "12 pack"
  },
  {
    "Brand_Product_Size": "Duracell Coppertop Alkaline 9V Batteries each",
    "COL Price": 5.6,
    "COL ppu": "$5.60 per 1Ea",
    "COL Size": "each"
  },
  {
    "Brand_Product_Size": "Mother's Day Make Your Own Plaster Handprint Kit each",
    "COL Price": 5,
    "COL ppu": "$5.00 per 1Ea",
    "COL Size": "each"
  },
  {
    "Brand_Product_Size": "Koala Turmeric Tea 36g",
    "COL Price": 4,
    "COL ppu": "$11.11 per 100G",
    "COL Size": "36g"
  },
  {
    "Brand_Product_Size": "Game Farm Whole Corn Fed Chicken approx. 1.6kg pack",
    "COL Price": 16.64,
    "COL ppu": "$10.40 per 1Kg",
    "COL Size": "approx. 1.6kg pack"
  },
  {
    "Brand_Product_Size": "Hi Life Rapid Loss Banana Powder 750g",
    "COL Price": 24,
    "COL ppu": "$3.20 per 100G",
    "COL Size": "750g"
  },
  {
    "Brand_Product_Size": "Dairy Farmers Thick & Creamy Caramelised Fig Yoghurt 150g",
    "COL Price": 2.2,
    "COL ppu": "$1.47 per 100G",
    "COL Size": "150g"
  },
  {
    "Brand_Product_Size": "Coles Micro Greens Celery each",
    "COL Price": 3,
    "COL ppu": "$3.00 per 1Ea",
    "COL Size": "each"
  },
  {
    "Brand_Product_Size": "Nestle Milkybar Snakit Cookie Bites 140g",
    "COL Price": 3.5,
    "COL ppu": "$2.50 per 100G",
    "COL Size": "140g"
  },
  {
    "Brand_Product_Size": "Smiths Snack Mix 20 Pack 395g",
    "COL Price": 5.5,
    "COL ppu": "$1.39 per 100G",
    "COL Size": "395g"
  },
  {
    "Brand_Product_Size": "Blue Ribbon Classic Vanilla Ice Cream Tub 2L",
    "COL Price": 4.9,
    "COL ppu": "$2.45 per 1L",
    "COL Size": "2L"
  },
  {
    "Brand_Product_Size": "MasterFoods Celery Salt 57g",
    "COL Price": 1.8,
    "COL ppu": "$0.32 per 10G",
    "COL Size": "57g"
  },
  {
    "Brand_Product_Size": "Cook & Dine Paper Bowls 50 pack",
    "COL Price": 3.15,
    "COL ppu": "$0.06 per 1Ea",
    "COL Size": "50 pack"
  },
  {
    "Brand_Product_Size": "Haolam String Cheese 510g",
    "COL Price": 19.5,
    "COL ppu": "$38.24 per 1Kg",
    "COL Size": "510g"
  },
  {
    "Brand_Product_Size": "Arnott's Country Cheese Crackers 250g",
    "COL Price": 4,
    "COL ppu": "$1.60 per 100G",
    "COL Size": "250g"
  },
  {
    "Brand_Product_Size": "Bickford's Peach Iced Tea Cordial 750mL",
    "COL Price": 3.2,
    "COL ppu": "$4.27 per 1L",
    "COL Size": "750mL"
  },
  {
    "Brand_Product_Size": "Mother's Day Disney All My Love Book each",
    "COL Price": 8,
    "COL ppu": "$8.00 per 1Ea",
    "COL Size": "each"
  },
  {
    "Brand_Product_Size": "Sun Swallow Star Anise 50g",
    "COL Price": 3.05,
    "COL ppu": "$6.10 per 100G",
    "COL Size": "50g"
  },
  {
    "Brand_Product_Size": "Coles Kitchen Slow Cooked Chicken Marylands 650g",
    "COL Price": 10,
    "COL ppu": "$1.54 per 100G",
    "COL Size": "650g"
  },
  {
    "Brand_Product_Size": "Pantene Micellar Rose Water Conditioner 530mL",
    "COL Price": 18,
    "COL ppu": "$3.40 per 100mL",
    "COL Size": "530mL"
  },
  {
    "Brand_Product_Size": "Coles Nature's Kitchen Meat Free Chicken Style Tenders 240g",
    "COL Price": 7,
    "COL ppu": "$2.92 per 100G",
    "COL Size": "240g"
  },
  {
    "Brand_Product_Size": "Don Honey Roasted Sliced Ham 250g",
    "COL Price": 3.2,
    "COL ppu": "$12.80 per 1Kg",
    "COL Size": "250g"
  },
  {
    "Brand_Product_Size": "Chobani Flip Mint Chocolate Chip Yoghurt 140g",
    "COL Price": 2,
    "COL ppu": "$1.43 per 100G",
    "COL Size": "140g"
  },
  {
    "Brand_Product_Size": "Meet Meetballs 240g",
    "COL Price": 9.5,
    "COL ppu": "$3.96 per 100G",
    "COL Size": "240g"
  },
  {
    "Brand_Product_Size": "Coles Urban Coffee Culture Dolce Gusto Cappuccino Capsules 16 pack",
    "COL Price": 6.5,
    "COL ppu": "$0.41 per 1Ea",
    "COL Size": "16 pack"
  },
  {
    "Brand_Product_Size": "Coles Mighty Grain Cereal 560g",
    "COL Price": 3.5,
    "COL ppu": "$0.63 per 100G",
    "COL Size": "560g"
  },
  {
    "Brand_Product_Size": "Hart & Soul Soup Pho Cup 100g",
    "COL Price": 1.8,
    "COL ppu": "$1.80 per 100G",
    "COL Size": "100g"
  },
  {
    "Brand_Product_Size": "Red Rock Deli Deluxe Crisps Chick Garlic Thyme 135g",
    "COL Price": 3,
    "COL ppu": "$2.22 per 100G",
    "COL Size": "135g"
  },
  {
    "Brand_Product_Size": "Herbal Essences Bio Renew White Grapefruit & Mosa Mint Shampoo 400mL",
    "COL Price": 12,
    "COL ppu": "$3.00 per 100mL",
    "COL Size": "400mL"
  },
  {
    "Brand_Product_Size": "Grillman BBQ Bamboo Skewers 50 Pieces 1 pack",
    "COL Price": 4,
    "COL ppu": "$4.00 per 1Ea",
    "COL Size": "1 pack"
  },
  {
    "Brand_Product_Size": "Scunci Oval Barrette Large 2 pieces 1 pack",
    "COL Price": 10,
    "COL ppu": "$10.00 per 1Ea",
    "COL Size": "1 pack"
  },
  {
    "Brand_Product_Size": "Fodmapped Gluten Free Sweet Chilli Lemongrass & Basil Stir Fry Sauce 200g",
    "COL Price": 4,
    "COL ppu": "$2.00 per 100G",
    "COL Size": "200g"
  },
  {
    "Brand_Product_Size": "Campbell's Beef Spaghetti Bolognese Original Recipe Pasta Sauce 410g",
    "COL Price": 2.8,
    "COL ppu": "$0.68 per 100G",
    "COL Size": "410g"
  },
  {
    "Brand_Product_Size": "Coles Deli Salads Tub Small Classic Potato smaLL",
    "COL Price": 4,
    "COL ppu": "$4.00 per 1Ea",
    "COL Size": "smaLL"
  },
  {
    "Brand_Product_Size": "Darrell Lea Dark Chocolate Coated Ginger 200g",
    "COL Price": 8,
    "COL ppu": "$4.00 per 100G",
    "COL Size": "200g"
  },
  {
    "Brand_Product_Size": "British Beef Bacon & Cheddar Sausages Bag 450g",
    "COL Price": 7.5,
    "COL ppu": "$1.67 per 100G",
    "COL Size": "450g"
  },
  {
    "Brand_Product_Size": "Dove Triple Moisturising Body Wash 1L",
    "COL Price": 13.7,
    "COL ppu": "$1.37 per 100mL",
    "COL Size": "1L"
  },
  {
    "Brand_Product_Size": "Munchme Roasted Almond Cashew 120g",
    "COL Price": 4.4,
    "COL ppu": "$3.67 per 100G",
    "COL Size": "120g"
  },
  {
    "Brand_Product_Size": "Fab Frangipani Top & Front Loader Laundry Powder 4kg",
    "COL Price": 13,
    "COL ppu": "$3.25 per 1Kg",
    "COL Size": "4kg"
  },
  {
    "Brand_Product_Size": "Purr Tuna with Whitebait in Gravy Cat Food 85g",
    "COL Price": 1,
    "COL ppu": "$1.18 per 100G",
    "COL Size": "85g"
  },
  {
    "Brand_Product_Size": "Go Natural Gut Salted Caramel Cookie 50g",
    "COL Price": 3.5,
    "COL ppu": "$7.00 per 100G",
    "COL Size": "50g"
  },
  {
    "Brand_Product_Size": "Abbott's Village Bakery Gluten Free Mixed Seeds bread 500g",
    "COL Price": 6,
    "COL ppu": "$1.20 per 100G",
    "COL Size": "500g"
  },
  {
    "Brand_Product_Size": "Maybelline Superstay Liquid Foundation Light Beige 30mL",
    "COL Price": 13.5,
    "COL ppu": "$4.50 per 10mL",
    "COL Size": "30mL"
  },
  {
    "Brand_Product_Size": "Coon Colby Cheese Slices 250g",
    "COL Price": 6,
    "COL ppu": "$24.00 per 1Kg",
    "COL Size": "250g"
  },
  {
    "Brand_Product_Size": "Organic Choice Premium Air Freshener Baltic Saffron & Wild Juniperberry 200mL",
    "COL Price": 10,
    "COL ppu": "$5.00 per 100mL",
    "COL Size": "200mL"
  },
  {
    "Brand_Product_Size": "Saxa Pink Himalayan Salt 125g",
    "COL Price": 3,
    "COL ppu": "$0.24 per 10G",
    "COL Size": "125g"
  },
  {
    "Brand_Product_Size": "Heinz Pureed Beef & Vegetable Casserole 8 + Months 170g",
    "COL Price": 1.5,
    "COL ppu": "$0.88 per 100G",
    "COL Size": "170g"
  },
  {
    "Brand_Product_Size": "Famous Soda Co Pink Lemonade 250mL",
    "COL Price": 2.5,
    "COL ppu": "$1.00 per 100mL",
    "COL Size": "250mL"
  },
  {
    "Brand_Product_Size": "Coles Chicken Fettuccine Carbonara 375g",
    "COL Price": 3,
    "COL ppu": "$0.80 per 100G",
    "COL Size": "375g"
  },
  {
    "Brand_Product_Size": "Arnott's Balsamic Vinegar & Sea Salt Cracker Chips 150g",
    "COL Price": 3,
    "COL ppu": "$2.00 per 100G",
    "COL Size": "150g"
  },
  {
    "Brand_Product_Size": "Proud & Punch Pining For Lime 6 pack 450mL",
    "COL Price": 6,
    "COL ppu": "$1.33 per 100mL",
    "COL Size": "450mL"
  },
  {
    "Brand_Product_Size": "Ecover Delicates Laundry Liquid 750mL",
    "COL Price": 9,
    "COL ppu": "$12.00 per 1L",
    "COL Size": "750mL"
  },
  {
    "Brand_Product_Size": "Kemach Graham Cracker Pie Crust 170g",
    "COL Price": 4.6,
    "COL ppu": "$2.71 per 100G",
    "COL Size": "170g"
  },
  {
    "Brand_Product_Size": "Coles Bakery Snow Drops 8 Pack 200g",
    "COL Price": 2.5,
    "COL ppu": "$1.25 per 100G",
    "COL Size": "200g"
  },
  {
    "Brand_Product_Size": "Steggles Frozen Sweet Chilli Chicken Breast Tenders 400g",
    "COL Price": 9,
    "COL ppu": "$22.50 per 1Kg",
    "COL Size": "400g"
  },
  {
    "Brand_Product_Size": "Peters Connoisseur Matcha Green Tea 1L",
    "COL Price": 7.5,
    "COL ppu": "$0.75 per 100mL",
    "COL Size": "1L"
  },
  {
    "Brand_Product_Size": "Belvita Raspberry & Vanilla With Cranberry Baked Bar 180g",
    "COL Price": 5.8,
    "COL ppu": "$3.22 per 100G",
    "COL Size": "180g"
  },
  {
    "Brand_Product_Size": "Edgell Four Bean Mix 4 pack",
    "COL Price": 3,
    "COL ppu": "$6.00 per 1Kg",
    "COL Size": "4 pack"
  },
  {
    "Brand_Product_Size": "Riverside All Australian Pecan Halves 180g",
    "COL Price": 5.95,
    "COL ppu": "$33.06 per 1Kg",
    "COL Size": "180g"
  },
  {
    "Brand_Product_Size": "Ardmona Crushed Tomatoes 810g",
    "COL Price": 2.7,
    "COL ppu": "$3.33 per 1Kg",
    "COL Size": "810g"
  },
  {
    "Brand_Product_Size": "Beerenberg Hot Tomato Chutney 260g",
    "COL Price": 5.35,
    "COL ppu": "$2.06 per 100G",
    "COL Size": "260g"
  },
  {
    "Brand_Product_Size": "Coles Organic Salted Butter 250g",
    "COL Price": 3.7,
    "COL ppu": "$1.48 per 100G",
    "COL Size": "250g"
  },
  {
    "Brand_Product_Size": "Weight Watchers Frozen Creamy Tuna Bake Meal 320g",
    "COL Price": 4,
    "COL ppu": "$1.25 per 100G",
    "COL Size": "320g"
  },
  {
    "Brand_Product_Size": "Danone YoPro Passionfruit Yoghurt 160g",
    "COL Price": 2.4,
    "COL ppu": "$1.50 per 100G",
    "COL Size": "160g"
  },
  {
    "Brand_Product_Size": "Street Kitchen Japanese Teriyaki Chicken 255g",
    "COL Price": 5.5,
    "COL ppu": "$2.16 per 100G",
    "COL Size": "255g"
  },
  {
    "Brand_Product_Size": "Slim Secrets Choc Love Bites Salted Caramel 36g",
    "COL Price": 3,
    "COL ppu": "$8.33 per 100G",
    "COL Size": "36g"
  },
  {
    "Brand_Product_Size": "Sun Swallow Dried Seaweed 56g",
    "COL Price": 5.5,
    "COL ppu": "$9.82 per 100G",
    "COL Size": "56g"
  },
  {
    "Brand_Product_Size": "Coles Deli Giant Pitted Kalamata Olives approx. 125g",
    "COL Price": 2.5,
    "COL ppu": "$20.00 per 1Kg",
    "COL Size": "approx. 125g"
  },
  {
    "Brand_Product_Size": "Coles Caramel Chocolate Deluxe Biscuits 200g",
    "COL Price": 1.65,
    "COL ppu": "$0.83 per 100G",
    "COL Size": "200g"
  },
  {
    "Brand_Product_Size": "Kalaajieh Tahine 450g",
    "COL Price": 5.7,
    "COL ppu": "$1.27 per 100G",
    "COL Size": "450g"
  },
  {
    "Brand_Product_Size": "Coles Serviettes 16 pack",
    "COL Price": 2,
    "COL ppu": "$0.13 per 1Ea",
    "COL Size": "16 pack"
  },
  {
    "Brand_Product_Size": "El Pozo Jamon Serrano Block approx 125g",
    "COL Price": 5,
    "COL ppu": "$40.00 per 1Kg",
    "COL Size": "approx 125g"
  },
  {
    "Brand_Product_Size": "Coles Bakery High Fibre Low GI Harvest Grain Bread Loaf 800g",
    "COL Price": 3,
    "COL ppu": "$0.38 per 100G",
    "COL Size": "800g"
  },
  {
    "Brand_Product_Size": "Coles Sweet Chilli And Lime Soy Crisps 400g",
    "COL Price": 6,
    "COL ppu": "$15.00 per 1Kg",
    "COL Size": "400g"
  },
  {
    "Brand_Product_Size": "Coles Turkish Dried Apricots 200g",
    "COL Price": 2.5,
    "COL ppu": "$12.50 per 1Kg",
    "COL Size": "200g"
  },
  {
    "Brand_Product_Size": "Lipton Black Tea Bags 25 pack",
    "COL Price": 1.75,
    "COL ppu": "$0.07 per 1Ea",
    "COL Size": "25 pack"
  },
  {
    "Brand_Product_Size": "Cook & Dine Speckle Glaze Taupe Mug each",
    "COL Price": 4,
    "COL ppu": "$4.00 per 1Ea",
    "COL Size": "each"
  },
  {
    "Brand_Product_Size": "Blue Ribbon Buttermilk Vanilla Ice Cream Tub 1L",
    "COL Price": 6,
    "COL ppu": "$0.60 per 100mL",
    "COL Size": "1L"
  },
  {
    "Brand_Product_Size": "Uncle Tobys Roll-ups Snacks For Kids 234g",
    "COL Price": 7,
    "COL ppu": "$2.99 per 100G",
    "COL Size": "234g"
  },
  {
    "Brand_Product_Size": "Fine Fettle Flats Beetroot & Hazelnut 80g",
    "COL Price": 7,
    "COL ppu": "$8.75 per 100G",
    "COL Size": "80g"
  },
  {
    "Brand_Product_Size": "Kellogg's Just Right Breakfast Cereal With Whole Grains Apricot Pieces And Sultanas 460g",
    "COL Price": 5.9,
    "COL ppu": "$1.28 per 100G",
    "COL Size": "460g"
  },
  {
    "Brand_Product_Size": "Cleaver's Beef Hotdog Grass Fed Organic Gluten Free 275g",
    "COL Price": 9,
    "COL ppu": "$32.73 per 1Kg",
    "COL Size": "275g"
  },
  {
    "Brand_Product_Size": "Mersey Valley Classic Cheddar Cheese 235g",
    "COL Price": 5.5,
    "COL ppu": "$23.41 per 1Kg",
    "COL Size": "235g"
  },
  {
    "Brand_Product_Size": "Ritz Snackz Original Mini Crackers 6 Multipack 150g",
    "COL Price": 3.2,
    "COL ppu": "$2.13 per 100G",
    "COL Size": "150g"
  },
  {
    "Brand_Product_Size": "Don Shredded Ham approx. 125g",
    "COL Price": 2.125,
    "COL ppu": "$17.00 per 1Kg",
    "COL Size": "approx. 125g"
  },
  {
    "Brand_Product_Size": "Australias Own Organic Almond Unsweetened Protein Plus Milk 1L",
    "COL Price": 2.6,
    "COL ppu": "$2.60 per 1L",
    "COL Size": "1L"
  },
  {
    "Brand_Product_Size": "Herbal Essences Coconut & Aloe Treatment 100mL",
    "COL Price": 20,
    "COL ppu": "$20.00 per 100mL",
    "COL Size": "100mL"
  },
  {
    "Brand_Product_Size": "Tasti Salted Caramel Protein Bars 5 pack 200g",
    "COL Price": 2.4,
    "COL ppu": "$1.20 per 100G",
    "COL Size": "200g"
  },
  {
    "Brand_Product_Size": "Blue Ribbon Caramel Mud Ice Cream Tub 1L",
    "COL Price": 6,
    "COL ppu": "$6.00 per 1L",
    "COL Size": "1L"
  },
  {
    "Brand_Product_Size": "Redheads Thicker & Longer Matches Handypak 3 pack",
    "COL Price": 2.75,
    "COL ppu": "$1.02 per 100Ea",
    "COL Size": "3 pack"
  },
  {
    "Brand_Product_Size": "Red Seal Raspberry & Strawberry Hot Or Cold Brew Tea Bags 20 pack 50g",
    "COL Price": 3,
    "COL ppu": "$0.15 per 1Ea",
    "COL Size": "50g"
  },
  {
    "Brand_Product_Size": "Brauer Sleep & Insomnia Relief Tablets 60 pack",
    "COL Price": 15,
    "COL ppu": "$0.25 per 1Ea",
    "COL Size": "60 pack"
  },
  {
    "Brand_Product_Size": "Clairol Natural Instincts 4 Nutmeg Dark Brown Hair Colour 1 pack",
    "COL Price": 12.8,
    "COL ppu": "$12.80 per 1Ea",
    "COL Size": "1 pack"
  },
  {
    "Brand_Product_Size": "Lavazza Qualita Oro Ground 250g",
    "COL Price": 7.5,
    "COL ppu": "$3.00 per 100G",
    "COL Size": "250g"
  },
  {
    "Brand_Product_Size": "Twinings Peppermint & Spearmint Tea Bags 10 Pack 20g",
    "COL Price": 2.9,
    "COL ppu": "$0.29 per 1Ea",
    "COL Size": "20g"
  },
  {
    "Brand_Product_Size": "Toolworx 6 In 1 Ratchet Screwdriver 1 pack",
    "COL Price": 10.25,
    "COL ppu": "$10.25 per 1Ea",
    "COL Size": "1 pack"
  },
  {
    "Brand_Product_Size": "Coles Dry Roasted Almonds Prepacked 800g",
    "COL Price": 12,
    "COL ppu": "$15.00 per 1Kg",
    "COL Size": "800g"
  },
  {
    "Brand_Product_Size": "Bundaberg Ginger Beer Multipack Bottles 375mL 10 pack",
    "COL Price": 14.95,
    "COL ppu": "$3.99 per 1L",
    "COL Size": "10 pack"
  },
  {
    "Brand_Product_Size": "Tommee Tippee Closer To Nature Night Time Orthodontic Soothers 6-18 Months 2 pack",
    "COL Price": 11,
    "COL ppu": "$5.50 per 1Ea",
    "COL Size": "2 pack"
  },
  {
    "Brand_Product_Size": "Glade Sense & Spray Automatic Air Freshener Hawaiian Breeze each",
    "COL Price": 9,
    "COL ppu": "$9.00 per 1Ea",
    "COL Size": "each"
  },
  {
    "Brand_Product_Size": "Macro Meats Kangaroo Fillet 350g",
    "COL Price": 11,
    "COL ppu": "$31.43 per 1Kg",
    "COL Size": "350g"
  },
  {
    "Brand_Product_Size": "Cadbury Dairy Milk Caramello Chocolate Bar 55g",
    "COL Price": 1,
    "COL ppu": "$1.82 per 100G",
    "COL Size": "55g"
  },
  {
    "Brand_Product_Size": "Coles Frozen Firecracker Wing Nibbles 500g",
    "COL Price": 6.6,
    "COL ppu": "$1.32 per 100G",
    "COL Size": "500g"
  },
  {
    "Brand_Product_Size": "Capriccio Buon Appetito Passata Sauce 700g",
    "COL Price": 2.3,
    "COL ppu": "$0.33 per 100G",
    "COL Size": "700g"
  },
  {
    "Brand_Product_Size": "Hoyts Hot Peppers 430g",
    "COL Price": 2.8,
    "COL ppu": "$6.51 per 1Kg",
    "COL Size": "430g"
  },
  {
    "Brand_Product_Size": "Coles Alkaline AAA 24 pack",
    "COL Price": 10,
    "COL ppu": "$0.42 per 1Ea",
    "COL Size": "24 pack"
  },
  {
    "Brand_Product_Size": "Comfort Pure White Fabric Softener 800mL",
    "COL Price": 7,
    "COL ppu": "$8.75 per 1L",
    "COL Size": "800mL"
  },
  {
    "Brand_Product_Size": "Woofin Good Turkey Jerky Strips Dog Treat 100g",
    "COL Price": 7,
    "COL ppu": "$7.00 per 100G",
    "COL Size": "100g"
  },
  {
    "Brand_Product_Size": "Toni & Guy Purple Shampoo 250mL",
    "COL Price": 16,
    "COL ppu": "$6.40 per 100mL",
    "COL Size": "250mL"
  },
  {
    "Brand_Product_Size": "Covergirl Perfect Blend Black Brown Eyeliner Pencil each",
    "COL Price": 13,
    "COL ppu": "$152.94 per 10G",
    "COL Size": "each"
  },
  {
    "Brand_Product_Size": "Coles Bakery Flatbread White 6 pack",
    "COL Price": 3.5,
    "COL ppu": "$0.58 per 1Ea",
    "COL Size": "6 pack"
  },
  {
    "Brand_Product_Size": "Coles Tampons Regular 32 pack",
    "COL Price": 3.5,
    "COL ppu": "$0.11 per 1Ea",
    "COL Size": "32 pack"
  },
  {
    "Brand_Product_Size": "Coles Vanilla Custard Pouch 90g",
    "COL Price": 0.95,
    "COL ppu": "$1.06 per 100G",
    "COL Size": "90g"
  },
  {
    "Brand_Product_Size": "Taylors Of Harrogate Yorkshire Gold Tea Bags 100 pack",
    "COL Price": 6.5,
    "COL ppu": "$0.07 per 1Ea",
    "COL Size": "100 pack"
  },
  {
    "Brand_Product_Size": "Bickfords Diet Lime Cordial 750mL",
    "COL Price": 3.2,
    "COL ppu": "$0.43 per 100mL",
    "COL Size": "750mL"
  },
  {
    "Brand_Product_Size": "The Spice Tailor Mangalore Roasted Coconut 300g",
    "COL Price": 5.5,
    "COL ppu": "$1.83 per 100G",
    "COL Size": "300g"
  },
  {
    "Brand_Product_Size": "Libra Original Super Tampons 16 pack",
    "COL Price": 2.52,
    "COL ppu": "$0.16 per 1Ea",
    "COL Size": "16 pack"
  },
  {
    "Brand_Product_Size": "Lowan Apricot & Almond Muesli 650g",
    "COL Price": 4.5,
    "COL ppu": "$0.69 per 100G",
    "COL Size": "650g"
  },
  {
    "Brand_Product_Size": "Garlos Beef Pie Kosher 200g",
    "COL Price": 4.95,
    "COL ppu": "$2.48 per 100G",
    "COL Size": "200g"
  },
  {
    "Brand_Product_Size": "Vaalia Low Fat Yoghurt Straw Mango 4 pack 150g",
    "COL Price": 4.3,
    "COL ppu": "$0.72 per 100G",
    "COL Size": "150g"
  },
  {
    "Brand_Product_Size": "Black Swan Crafted Caramelised French Onion Dip 200g",
    "COL Price": 4.3,
    "COL ppu": "$2.15 per 100G",
    "COL Size": "200g"
  },
  {
    "Brand_Product_Size": "Elanco Comfortis Fleas Small Cat Treatment 1 pack",
    "COL Price": 22,
    "COL ppu": "$22.00 per 1Ea",
    "COL Size": "1 pack"
  },
  {
    "Brand_Product_Size": "Moccona Espresso 7 Coffee Capsules 10 pack 52g",
    "COL Price": 6,
    "COL ppu": "$11.54 per 100G",
    "COL Size": "52g"
  },
  {
    "Brand_Product_Size": "Mother Earth Golden Oats Baked Oaty Slices 240g",
    "COL Price": 3,
    "COL ppu": "$1.25 per 100G",
    "COL Size": "240g"
  },
  {
    "Brand_Product_Size": "Coles White Serviettes 100 pack",
    "COL Price": 0.95,
    "COL ppu": "$0.95 per 100Ea",
    "COL Size": "100 pack"
  },
  {
    "Brand_Product_Size": "Coles Deli Seafood Raw Black Tiger Prawns approx. 250g",
    "COL Price": 6,
    "COL ppu": "$24.00 per 1Kg",
    "COL Size": "approx. 250g"
  },
  {
    "Brand_Product_Size": "Avent Feeding Bottle Twin Pack 260mL 2 pack",
    "COL Price": 20,
    "COL ppu": "$10.00 per 1Ea",
    "COL Size": "2 pack"
  },
  {
    "Brand_Product_Size": "Vitapet Jerhigh Chicken & Bacon Dog Treats 100g",
    "COL Price": 4.9,
    "COL ppu": "$4.90 per 100G",
    "COL Size": "100g"
  },
  {
    "Brand_Product_Size": "Coles Lamb Diced 450g",
    "COL Price": 13,
    "COL ppu": "$28.89 per 1Kg",
    "COL Size": "450g"
  },
  {
    "Brand_Product_Size": "Advanced Hair Growth Supplement Serenova 320 each",
    "COL Price": 30,
    "COL ppu": "$30.00 per 1Ea",
    "COL Size": "each"
  },
  {
    "Brand_Product_Size": "Pine O Cleen Simply Disinfectant Meadow Flower Trigger 500mL",
    "COL Price": 3.5,
    "COL ppu": "$0.70 per 100mL",
    "COL Size": "500mL"
  },
  {
    "Brand_Product_Size": "Coles Bakery Stone Baked by Laurent Mini White Pane Di Casa each",
    "COL Price": 2.85,
    "COL ppu": "$2.85 per 1Ea",
    "COL Size": "each"
  },
  {
    "Brand_Product_Size": "Buono Boru Boru Genmaicha Non-Dairy Dessert 473g",
    "COL Price": 8,
    "COL ppu": "$1.69 per 100G",
    "COL Size": "473g"
  },
  {
    "Brand_Product_Size": "Method Pink Grape Hand Gel 354mL",
    "COL Price": 5,
    "COL ppu": "$1.41 per 100mL",
    "COL Size": "354mL"
  },
  {
    "Brand_Product_Size": "Clairol Natural Instincts 6A Tweed Light Cool Brown Hair Colour 1 pack",
    "COL Price": 12.8,
    "COL ppu": "$12.80 per 1Ea",
    "COL Size": "1 pack"
  },
  {
    "Brand_Product_Size": "Bosisto's Eucalyptus Oil 50mL",
    "COL Price": 6,
    "COL ppu": "$12.00 per 100mL",
    "COL Size": "50mL"
  },
  {
    "Brand_Product_Size": "Coles Kitchen Thai Green Chicken Curry With Rice 350g",
    "COL Price": 6.5,
    "COL ppu": "$1.86 per 100G",
    "COL Size": "350g"
  },
  {
    "Brand_Product_Size": "Prince Natural Tahina 500g",
    "COL Price": 8.2,
    "COL ppu": "$1.64 per 100G",
    "COL Size": "500g"
  },
  {
    "Brand_Product_Size": "Passage To India 90 Second Veg Curry Bowl Butter Masala With Pilaf Rice 280g",
    "COL Price": 5.5,
    "COL ppu": "$1.96 per 100G",
    "COL Size": "280g"
  },
  {
    "Brand_Product_Size": "Coles Sausages Thin BBQ Beef 560g",
    "COL Price": 5.5,
    "COL ppu": "$9.82 per 1Kg",
    "COL Size": "560g"
  },
  {
    "Brand_Product_Size": "Sensodyne Sensitive Teeth Pain Daily Care Extra Fresh Toothpaste 110g",
    "COL Price": 9.2,
    "COL ppu": "$8.36 per 100G",
    "COL Size": "110g"
  },
  {
    "Brand_Product_Size": "Pandaroo Rice Seasoning Bonito 50g",
    "COL Price": 5,
    "COL ppu": "$10.00 per 100G",
    "COL Size": "50g"
  },
  {
    "Brand_Product_Size": "Harry Potter A5 Spiral Notebook 240 Pg each",
    "COL Price": 8,
    "COL ppu": "$8.00 per 1Ea",
    "COL Size": "each"
  },
  {
    "Brand_Product_Size": "Wiltshire Flexible Mini Muffin Pan 12 Cup each",
    "COL Price": 12,
    "COL ppu": "",
    "COL Size": "each"
  },
  {
    "Brand_Product_Size": "Tasti Berry Cashew & Cacao Smooshed Wholefood Balls 6 pack 69g",
    "COL Price": 3.3,
    "COL ppu": "$0.48 per 10G",
    "COL Size": "69g"
  },
  {
    "Brand_Product_Size": "McCain Frozen BBQ Chicken & Pineapple Family Pizza 500g",
    "COL Price": 5.5,
    "COL ppu": "$1.10 per 100G",
    "COL Size": "500g"
  },
  {
    "Brand_Product_Size": "Garlos Beef & Mushroom Pie 200g",
    "COL Price": 4.5,
    "COL ppu": "$2.25 per 100G",
    "COL Size": "200g"
  },
  {
    "Brand_Product_Size": "Mount Franklin Lightly Sparkling Water 1.25L",
    "COL Price": 2.7,
    "COL ppu": "$2.16 per 1L",
    "COL Size": "1.25L"
  },
  {
    "Brand_Product_Size": "Oli & Vine Smokey Paprika Mayonnaise 230mL",
    "COL Price": 5,
    "COL ppu": "$2.17 per 100mL",
    "COL Size": "230mL"
  },
  {
    "Brand_Product_Size": "McKenzie's French Style Black Lentils 375g",
    "COL Price": 3.35,
    "COL ppu": "$0.89 per 100G",
    "COL Size": "375g"
  },
  {
    "Brand_Product_Size": "Lewis & Son Pickled Cucumbers 1kg",
    "COL Price": 17,
    "COL ppu": "$1.70 per 100G",
    "COL Size": "1kg"
  },
  {
    "Brand_Product_Size": "Meat Servery Beef Tomahawk Steak approx. 1kg",
    "COL Price": 33,
    "COL ppu": "$33.00 per 1Kg",
    "COL Size": "approx. 1kg"
  },
  {
    "Brand_Product_Size": "Nivea Sun Moisturising Sunscreen Roll On Lotion + Vitamin E SPF50+ 65mL",
    "COL Price": 11.5,
    "COL ppu": "$17.69 per 100mL",
    "COL Size": "65mL"
  },
  {
    "Brand_Product_Size": "Coles Ultra Eucalyptus Disinfectant 1.25L",
    "COL Price": 2.5,
    "COL ppu": "$0.20 per 100mL",
    "COL Size": "1.25L"
  },
  {
    "Brand_Product_Size": "Coles Mexican Salsa 300g",
    "COL Price": 1.5,
    "COL ppu": "$0.50 per 100G",
    "COL Size": "300g"
  },
  {
    "Brand_Product_Size": "Nexba Probiotic Live Sparkling Soda Cherry Cola 4x375mL 4 pack",
    "COL Price": 5,
    "COL ppu": "$1.25 per 1Ea",
    "COL Size": "4 pack"
  },
  {
    "Brand_Product_Size": "Head & Shoulders Conditioner Clean Balanced 400mL",
    "COL Price": 6.75,
    "COL ppu": "$1.69 per 100mL",
    "COL Size": "400mL"
  },
  {
    "Brand_Product_Size": "Connoisseur Plant Based Mango Passionfruit Oat 1L",
    "COL Price": 7.5,
    "COL ppu": "$0.75 per 100mL",
    "COL Size": "1L"
  },
  {
    "Brand_Product_Size": "Mckenzie's Buckwheat Flour 300g",
    "COL Price": 3.6,
    "COL ppu": "$12.00 per 1Kg",
    "COL Size": "300g"
  },
  {
    "Brand_Product_Size": "Mayvers Probiotic Super Peanut Butter 280g",
    "COL Price": 6.5,
    "COL ppu": "$2.32 per 100G",
    "COL Size": "280g"
  },
  {
    "Brand_Product_Size": "Coles Wheat Biscuits 1.12 kg",
    "COL Price": 3.2,
    "COL ppu": "$2.86 per 1Kg",
    "COL Size": "1.12 kg"
  },
  {
    "Brand_Product_Size": "Ajax Spray N Wipe Glass Cleaner 500mL",
    "COL Price": 3,
    "COL ppu": "$0.60 per 100mL",
    "COL Size": "500mL"
  },
  {
    "Brand_Product_Size": "Crisco Sunflower Oil 2L",
    "COL Price": 8.5,
    "COL ppu": "$0.43 per 100mL",
    "COL Size": "2L"
  },
  {
    "Brand_Product_Size": "Kellogg's Peanut Crunchy Nut Bars 6 pack 180g",
    "COL Price": 5,
    "COL ppu": "$2.78 per 100G",
    "COL Size": "180g"
  },
  {
    "Brand_Product_Size": "Blackmores Bio C 1000mg Tablets 62 pack",
    "COL Price": 9.5,
    "COL ppu": "$15.32 per 100Ea",
    "COL Size": "62 pack"
  },
  {
    "Brand_Product_Size": "Mix Opaque Tights 40 Denier Black Ave/Tall 3 pack",
    "COL Price": 10,
    "COL ppu": "$3.33 per 1Ea",
    "COL Size": "3 pack"
  },
  {
    "Brand_Product_Size": "Old El Paso Stand 'N Stuff Mini Soft Tortillas 12 pack 145g",
    "COL Price": 3.8,
    "COL ppu": "$2.62 per 100G",
    "COL Size": "145g"
  },
  {
    "Brand_Product_Size": "Sukin Hydrating Day Cream With Rosehip 120mL",
    "COL Price": 25,
    "COL ppu": "$20.83 per 100mL",
    "COL Size": "120mL"
  },
  {
    "Brand_Product_Size": "Udder Delights Brie approx. 100g",
    "COL Price": 4,
    "COL ppu": "$40.00 per 1Kg",
    "COL Size": "approx. 100g"
  },
  {
    "Brand_Product_Size": "Coles Vintage Cheddar Cheese Slices 12 Pack 250g",
    "COL Price": 4.4,
    "COL ppu": "$17.60 per 1Kg",
    "COL Size": "250g"
  },
  {
    "Brand_Product_Size": "Star Wars The Mandalorian A5 Spiral Notebook 240 Pg each",
    "COL Price": 8,
    "COL ppu": "$8.00 per 1Ea",
    "COL Size": "each"
  },
  {
    "Brand_Product_Size": "Wrigley's Extra Peppermint Sugar Free Chewing Gum 4 x 10 Piece Pack 56g",
    "COL Price": 2.8,
    "COL ppu": "$5.00 per 100G",
    "COL Size": "56g"
  },
  {
    "Brand_Product_Size": "MasterFoods Barbecue Sauce 500mL",
    "COL Price": 2.95,
    "COL ppu": "$0.59 per 100mL",
    "COL Size": "500mL"
  },
  {
    "Brand_Product_Size": "Purina Total Care Flea Control Plus Cat Treatment 1 pack",
    "COL Price": 14,
    "COL ppu": "$14.00 per 1Ea",
    "COL Size": "1 pack"
  },
  {
    "Brand_Product_Size": "MasterFoods Ground Cardamom 35g",
    "COL Price": 4.5,
    "COL ppu": "$1.29 per 10G",
    "COL Size": "35g"
  },
  {
    "Brand_Product_Size": "Bonningtons Irish Moss Cough Mixture 200mL",
    "COL Price": 6.5,
    "COL ppu": "$3.25 per 100mL",
    "COL Size": "200mL"
  },
  {
    "Brand_Product_Size": "Soothers Blackcurrant Dry Sore Throat 3 pack",
    "COL Price": 4,
    "COL ppu": "$1.33 per 1Ea",
    "COL Size": "3 pack"
  },
  {
    "Brand_Product_Size": "Nutella Hazelnut Chocolate Spread 750g",
    "COL Price": 6,
    "COL ppu": "$0.80 per 100G",
    "COL Size": "750g"
  },
  {
    "Brand_Product_Size": "Green & Black's Orange & Almond Smooth Dark Chocolate 90g",
    "COL Price": 3,
    "COL ppu": "$3.33 per 100G",
    "COL Size": "90g"
  },
  {
    "Brand_Product_Size": "Whiskas Milk Plus Cat Treat 1L",
    "COL Price": 3.6,
    "COL ppu": "$0.36 per 100mL",
    "COL Size": "1L"
  },
  {
    "Brand_Product_Size": "ETi Crax Cubuk Sticks 120g",
    "COL Price": 1.3,
    "COL ppu": "$1.08 per 100G",
    "COL Size": "120g"
  },
  {
    "Brand_Product_Size": "Coles Long Grain Rice 1kg",
    "COL Price": 1.4,
    "COL ppu": "$0.14 per 100G",
    "COL Size": "1kg"
  },
  {
    "Brand_Product_Size": "Divine Classic Crme Caramel Dessert 2 pack 150g",
    "COL Price": 2.9,
    "COL ppu": "$0.97 per 100G",
    "COL Size": "150g"
  },
  {
    "Brand_Product_Size": "Patak's Tandoori Paste Marinade 295g",
    "COL Price": 5.5,
    "COL ppu": "$1.86 per 100G",
    "COL Size": "295g"
  },
  {
    "Brand_Product_Size": "Banana Boat Ultra Clear Spray Sunscreen SPF 50+ 175g",
    "COL Price": 15,
    "COL ppu": "$8.57 per 100G",
    "COL Size": "175g"
  },
  {
    "Brand_Product_Size": "Earth Choice Wooden Floor & Surface Cleaner 750mL",
    "COL Price": 4.8,
    "COL ppu": "$0.64 per 100mL",
    "COL Size": "750mL"
  },
  {
    "Brand_Product_Size": "Kewpie Wasabi Flavour Mayonnaise 300g",
    "COL Price": 4.7,
    "COL ppu": "$1.57 per 100G",
    "COL Size": "300g"
  },
  {
    "Brand_Product_Size": "Sara Lee Frozen Deep Dish Sticky Butterscotch & Apple Pudding 600g",
    "COL Price": 8,
    "COL ppu": "$1.33 per 100G",
    "COL Size": "600g"
  },
  {
    "Brand_Product_Size": "Edgell Red Kidney Bean Salad 200g",
    "COL Price": 2.8,
    "COL ppu": "$1.40 per 100G",
    "COL Size": "200g"
  },
  {
    "Brand_Product_Size": "Coles Ginger & Soy Marinaded Atlantic Salmon 325g",
    "COL Price": 11,
    "COL ppu": "$33.85 per 1Kg",
    "COL Size": "325g"
  },
  {
    "Brand_Product_Size": "Solo Zero Sugar Lemon Flavour Drink 1.25L",
    "COL Price": 1.3,
    "COL ppu": "$1.04 per 1L",
    "COL Size": "1.25L"
  },
  {
    "Brand_Product_Size": "Tuckers Natural Artisan Crackers Seeded 100g",
    "COL Price": 3.75,
    "COL ppu": "$3.75 per 100G",
    "COL Size": "100g"
  },
  {
    "Brand_Product_Size": "Coles Dill Punnet 10g",
    "COL Price": 3,
    "COL ppu": "$3.00 per 10G",
    "COL Size": "10g"
  },
  {
    "Brand_Product_Size": "Schick Hydro Silk Trimstyle Pink Kit + 5 Refills 1 kit",
    "COL Price": 20,
    "COL ppu": "$20.00 per 1Ea",
    "COL Size": "1 kit"
  },
  {
    "Brand_Product_Size": "Arnott's Single Biscuit Tim Tam Fingers 40g",
    "COL Price": 1.5,
    "COL ppu": "$3.75 per 100G",
    "COL Size": "40g"
  },
  {
    "Brand_Product_Size": "Griffins Chocolate Chit Chat Biscuit 250g",
    "COL Price": 3.5,
    "COL ppu": "$1.40 per 100G",
    "COL Size": "250g"
  },
  {
    "Brand_Product_Size": "Tutto Pasta Gluten Free Spinach Ricotta Cannelloni 350g",
    "COL Price": 4,
    "COL ppu": "$1.14 per 100G",
    "COL Size": "350g"
  },
  {
    "Brand_Product_Size": "Eclipse Chewy Mango & Passionfruit 27g",
    "COL Price": 1.25,
    "COL ppu": "$4.63 per 100G",
    "COL Size": "27g"
  },
  {
    "Brand_Product_Size": "Heinz Sweet Chilli Shredded Chicken 85g",
    "COL Price": 1.5,
    "COL ppu": "$17.65 per 1Kg",
    "COL Size": "85g"
  },
  {
    "Brand_Product_Size": "Marion's Kitchen Pad Thai Cooking Kit 358g",
    "COL Price": 7.45,
    "COL ppu": "$2.08 per 100G",
    "COL Size": "358g"
  },
  {
    "Brand_Product_Size": "Maggie Beer Plum And Shiraz Paste 100g",
    "COL Price": 6,
    "COL ppu": "$6.00 per 100G",
    "COL Size": "100g"
  },
  {
    "Brand_Product_Size": "Golden Circle Pine Coconut Tetra Drink 1L",
    "COL Price": 2.25,
    "COL ppu": "$2.25 per 1L",
    "COL Size": "1L"
  },
  {
    "Brand_Product_Size": "SPC Puree & Simple Apple & Banana 4x90g Pouches 360g",
    "COL Price": 4,
    "COL ppu": "$11.11 per 1Kg",
    "COL Size": "360g"
  },
  {
    "Brand_Product_Size": "Finish Quantum Ultimate Pro Original Dishwash Tablets 32 pack",
    "COL Price": 36,
    "COL ppu": "$1.13 per 1Ea",
    "COL Size": "32 pack"
  },
  {
    "Brand_Product_Size": "Barista Bros Iced Chocolate Flavoured Milk 700mL",
    "COL Price": 2.95,
    "COL ppu": "$4.21 per 1L",
    "COL Size": "700mL"
  },
  {
    "Brand_Product_Size": "Pacific West Frozen Asian Banquet 1kg",
    "COL Price": 11.5,
    "COL ppu": "$1.15 per 100G",
    "COL Size": "1kg"
  },
  {
    "Brand_Product_Size": "Heinz Baked Beans In Ham Sauce 220g",
    "COL Price": 1.65,
    "COL ppu": "$0.75 per 100G",
    "COL Size": "220g"
  },
  {
    "Brand_Product_Size": "Bonds Kids Logo Low Cut R5090W 3 pack",
    "COL Price": 13,
    "COL ppu": "$4.33 per 1Ea",
    "COL Size": "3 pack"
  },
  {
    "Brand_Product_Size": "Coles Original Butter Blend 500g",
    "COL Price": 3.8,
    "COL ppu": "$0.76 per 100G",
    "COL Size": "500g"
  },
  {
    "Brand_Product_Size": "Liddells Lactose Free Spreadable Cream Cheese 250g",
    "COL Price": 4.4,
    "COL ppu": "$17.60 per 1Kg",
    "COL Size": "250g"
  },
  {
    "Brand_Product_Size": "Nestle Milo Snack Bars Original 6 Pack 126g",
    "COL Price": 3,
    "COL ppu": "$2.38 per 100G",
    "COL Size": "126g"
  },
  {
    "Brand_Product_Size": "McCain Frozen Healthy Choice Creamy Chicken Carbonara 300g",
    "COL Price": 4,
    "COL ppu": "$1.33 per 100G",
    "COL Size": "300g"
  },
  {
    "Brand_Product_Size": "KB Lemon & Pepper Squid 360g",
    "COL Price": 9.5,
    "COL ppu": "$26.39 per 1Kg",
    "COL Size": "360g"
  },
  {
    "Brand_Product_Size": "Finish Quantum Ultimate Pro Baking Soda 32 pack",
    "COL Price": 36,
    "COL ppu": "$1.13 per 1Ea",
    "COL Size": "32 pack"
  },
  {
    "Brand_Product_Size": "Mayvers Hulled Tahini 385g",
    "COL Price": 5.3,
    "COL ppu": "$1.38 per 100G",
    "COL Size": "385g"
  },
  {
    "Brand_Product_Size": "Leggo's Stir Through Tomato Olive & Chilli Pasta Sauce 350g",
    "COL Price": 3,
    "COL ppu": "$0.86 per 100G",
    "COL Size": "350g"
  },
  {
    "Brand_Product_Size": "Dove Antiperspirant Pomegranate & Lemon Roll On For Women's 50mL",
    "COL Price": 3.9,
    "COL ppu": "$7.80 per 100mL",
    "COL Size": "50mL"
  },
  {
    "Brand_Product_Size": "Herbal Essences Bio Renew Sulfate-Free Birch Bark Shampoo 360mL",
    "COL Price": 14,
    "COL ppu": "$3.89 per 100mL",
    "COL Size": "360mL"
  },
  {
    "Brand_Product_Size": "Kenilworth Sweet Chilli Sour Cream & Bell Peppers Club Cheddar Cheese 165g",
    "COL Price": 5,
    "COL ppu": "$30.30 per 1Kg",
    "COL Size": "165g"
  },
  {
    "Brand_Product_Size": "Veet Hair Removal Cream For Sensitive Skin 100g",
    "COL Price": 7,
    "COL ppu": "$7.00 per 100mL",
    "COL Size": "100g"
  },
  {
    "Brand_Product_Size": "Ocean King Bismarck Herring 500g",
    "COL Price": 6,
    "COL ppu": "$1.20 per 100G",
    "COL Size": "500g"
  },
  {
    "Brand_Product_Size": "Allen's Cheekies 190g",
    "COL Price": 3,
    "COL ppu": "$1.58 per 100G",
    "COL Size": "190g"
  },
  {
    "Brand_Product_Size": "Coles Light Greek Style Yoghurt 1kg",
    "COL Price": 3.9,
    "COL ppu": "$0.39 per 100G",
    "COL Size": "1kg"
  },
  {
    "Brand_Product_Size": "Mother's Day Bear With Heart 20cm each",
    "COL Price": 10,
    "COL ppu": "$10.00 per 1Ea",
    "COL Size": "each"
  },
  {
    "Brand_Product_Size": "Mckenzie's Hand Picked Australian Saffron 100mg",
    "COL Price": 13,
    "COL ppu": "$1,300.00 per 10G",
    "COL Size": "100mg"
  },
  {
    "Brand_Product_Size": "Vaalia Kids Vanilla Yoghurt Pouch 140g",
    "COL Price": 1.7,
    "COL ppu": "$1.21 per 100G",
    "COL Size": "140g"
  },
  {
    "Brand_Product_Size": "Pantene Micellar Water Aloe Vera Shampoo 530mL",
    "COL Price": 18,
    "COL ppu": "$3.40 per 100mL",
    "COL Size": "530mL"
  },
  {
    "Brand_Product_Size": "Coles Kitchen Chicken & Bacon Pasta Bake 350g",
    "COL Price": 7.5,
    "COL ppu": "$2.14 per 100G",
    "COL Size": "350g"
  },
  {
    "Brand_Product_Size": "MasterFoods Roast Lamb Seasoning 42g",
    "COL Price": 3.25,
    "COL ppu": "$0.77 per 10G",
    "COL Size": "42g"
  },
  {
    "Brand_Product_Size": "Revlon Outh Fx Concealer Fill & Blur Light 3.2mL",
    "COL Price": 30,
    "COL ppu": "$93.75 per 10mL",
    "COL Size": "3.2mL"
  },
  {
    "Brand_Product_Size": "Barker's Lemon Curd 420g",
    "COL Price": 5,
    "COL ppu": "$1.19 per 100G",
    "COL Size": "420g"
  },
  {
    "Brand_Product_Size": "Coles Crackling Ham approx. 2.4kg",
    "COL Price": 48,
    "COL ppu": "$20.00 per 1Kg",
    "COL Size": "approx. 2.4kg"
  },
  {
    "Brand_Product_Size": "Hanabi Mukimake Shelled Soybeans 400g",
    "COL Price": 3.2,
    "COL ppu": "$8.00 per 1Kg",
    "COL Size": "400g"
  },
  {
    "Brand_Product_Size": "Coles Ironing Board Cover 1 pack",
    "COL Price": 12.6,
    "COL ppu": "$12.60 per 1Ea",
    "COL Size": "1 pack"
  },
  {
    "Brand_Product_Size": "Bulla Light Sour Cream 200mL",
    "COL Price": 2.7,
    "COL ppu": "$1.35 per 100mL",
    "COL Size": "200mL"
  },
  {
    "Brand_Product_Size": "Coles Medium Brown Microwave Rice Cups 250g",
    "COL Price": 2,
    "COL ppu": "$0.80 per 100G",
    "COL Size": "250g"
  },
  {
    "Brand_Product_Size": "Coles No Added Hormone Beef Porterhouse Steak 2 pack 480g",
    "COL Price": 18,
    "COL ppu": "$3.75 per 100G",
    "COL Size": "480g"
  },
  {
    "Brand_Product_Size": "Gillette Venus Sensitive Disposable Razors 3 pack",
    "COL Price": 10,
    "COL ppu": "$3.33 per 1Ea",
    "COL Size": "3 pack"
  },
  {
    "Brand_Product_Size": "Carmans Salted Caramel Protein Bar 40g",
    "COL Price": 3.2,
    "COL ppu": "$8.00 per 100G",
    "COL Size": "40g"
  },
  {
    "Brand_Product_Size": "Gourmet Garden Coriander Cold Blended Paste 80g",
    "COL Price": 3.5,
    "COL ppu": "$0.44 per 10G",
    "COL Size": "80g"
  },
  {
    "Brand_Product_Size": "Nando's Peri-Peri Hot Sauce 250mL",
    "COL Price": 5.75,
    "COL ppu": "$2.30 per 100mL",
    "COL Size": "250mL"
  },
  {
    "Brand_Product_Size": "Bartons Original Piccalilli 270g",
    "COL Price": 3.7,
    "COL ppu": "$1.37 per 100G",
    "COL Size": "270g"
  },
  {
    "Brand_Product_Size": "Nurofen Zavance 200Mg Liquid Capsules 20 pack",
    "COL Price": 7,
    "COL ppu": "$0.35 per 1Ea",
    "COL Size": "20 pack"
  },
  {
    "Brand_Product_Size": "Lawson's Traditional Original White Bread 750g",
    "COL Price": 5.8,
    "COL ppu": "$0.77 per 100G",
    "COL Size": "750g"
  },
  {
    "Brand_Product_Size": "Carman's Nutty Delights Health Snacks Sticky Date & Caramel 160g",
    "COL Price": 6,
    "COL ppu": "$3.75 per 100G",
    "COL Size": "160g"
  },
  {
    "Brand_Product_Size": "Organic Choice Melaleuca & Native Blossom Candle each",
    "COL Price": 15,
    "COL ppu": "$15.00 per 1Ea",
    "COL Size": "each"
  },
  {
    "Brand_Product_Size": "Coles Organic Brown Rice Syrup 500g",
    "COL Price": 3.2,
    "COL ppu": "$0.64 per 100G",
    "COL Size": "500g"
  },
  {
    "Brand_Product_Size": "Nescafe Dolce Gusto Cappuccino Capsules 16 pack 186g",
    "COL Price": 8.5,
    "COL ppu": "$4.57 per 100G",
    "COL Size": "186g"
  },
  {
    "Brand_Product_Size": "Coles Kitchen Chicken Singapore Noodle 350g",
    "COL Price": 6.5,
    "COL ppu": "$1.86 per 100G",
    "COL Size": "350g"
  },
  {
    "Brand_Product_Size": "Lawson's Traditional Original White Bread 750g",
    "COL Price": 5.8,
    "COL ppu": "$0.77 per 100G",
    "COL Size": "750g"
  },
  {
    "Brand_Product_Size": "Peters Drumstick Chocolate Mint Ice Cream Cones 4 pack 475mL",
    "COL Price": 5,
    "COL ppu": "$1.05 per 100mL",
    "COL Size": "475mL"
  },
  {
    "Brand_Product_Size": "Coles Kitchen Pasta Salad 250g",
    "COL Price": 3,
    "COL ppu": "$1.20 per 100G",
    "COL Size": "250g"
  },
  {
    "Brand_Product_Size": "Food For Health Liver Cleansing Wheat Free Muesli 475g",
    "COL Price": 8,
    "COL ppu": "$1.68 per 100G",
    "COL Size": "475g"
  },
  {
    "Brand_Product_Size": "McCain Frozen Cheese & Bacon Pizza Slices 6 pack 600g",
    "COL Price": 7.5,
    "COL ppu": "$1.25 per 100G",
    "COL Size": "600g"
  },
  {
    "Brand_Product_Size": "Pattu Cumin Powder 200g",
    "COL Price": 3.1,
    "COL ppu": "$1.55 per 100G",
    "COL Size": "200g"
  },
  {
    "Brand_Product_Size": "Coles Kids MediStrips 20 pack",
    "COL Price": 1.6,
    "COL ppu": "$0.08 per 1Ea",
    "COL Size": "20 pack"
  },
  {
    "Brand_Product_Size": "Simson's Pantry Low Carb High Protein 5 pack 225g",
    "COL Price": 5,
    "COL ppu": "$2.22 per 100G",
    "COL Size": "225g"
  },
  {
    "Brand_Product_Size": "Sanpellegrino Sparkling Mineral Water 1 carton",
    "COL Price": 29.8,
    "COL ppu": "$29.80 per 1Ea",
    "COL Size": "1 carton"
  },
  {
    "Brand_Product_Size": "MasterFoods Oregano Leaves 18g",
    "COL Price": 4.6,
    "COL ppu": "$2.56 per 10G",
    "COL Size": "18g"
  },
  {
    "Brand_Product_Size": "Well Naturally No Added Sugar Creamy Milk Chocolate 90g",
    "COL Price": 4,
    "COL ppu": "$4.44 per 100G",
    "COL Size": "90g"
  },
  {
    "Brand_Product_Size": "CSR Caster Sugar 1kg",
    "COL Price": 2.5,
    "COL ppu": "$0.25 per 100G",
    "COL Size": "1kg"
  },
  {
    "Brand_Product_Size": "Streets Magnum Almond Ice Cream Sticks 4 pack 428mL",
    "COL Price": 4.5,
    "COL ppu": "$1.05 per 100mL",
    "COL Size": "428mL"
  },
  {
    "Brand_Product_Size": "L'Oreal Paris Excellence 1 Black Hair Colour 1 pack",
    "COL Price": 20,
    "COL ppu": "$20.00 per 1Ea",
    "COL Size": "1 pack"
  },
  {
    "Brand_Product_Size": "McKenzie's Dried Black Beans 375g",
    "COL Price": 2.3,
    "COL ppu": "$0.61 per 100G",
    "COL Size": "375g"
  },
  {
    "Brand_Product_Size": "Pedigree Real Beef With Vegies Small Breed Dry Dog Food 2.5kg",
    "COL Price": 8.4,
    "COL ppu": "$3.36 per 1Kg",
    "COL Size": "2.5kg"
  },
  {
    "Brand_Product_Size": "Durex KY Jelly Personal Lubricant 100g",
    "COL Price": 10,
    "COL ppu": "$10.00 per 100G",
    "COL Size": "100g"
  },
  {
    "Brand_Product_Size": "Nescafe Coffee Sachets Mocha 26 pack",
    "COL Price": 11,
    "COL ppu": "$0.42 per 1Ea",
    "COL Size": "26 pack"
  },
  {
    "Brand_Product_Size": "Smash Tritan Bottle With Removable Infuser each",
    "COL Price": 12,
    "COL ppu": "$12.00 per 1Ea",
    "COL Size": "each"
  },
  {
    "Brand_Product_Size": "Nerada Organics Pure Green Tea Bags 50 pack 75g",
    "COL Price": 4.25,
    "COL ppu": "$5.67 per 100G",
    "COL Size": "75g"
  },
  {
    "Brand_Product_Size": "Pandaroo Red Bean 375g",
    "COL Price": 3.65,
    "COL ppu": "$0.97 per 100G",
    "COL Size": "375g"
  },
  {
    "Brand_Product_Size": "Carmans Salted Caramel Protein Bar 40g",
    "COL Price": 3.2,
    "COL ppu": "$8.00 per 100G",
    "COL Size": "40g"
  },
  {
    "Brand_Product_Size": "Avent Air Nighttime Mix 0-6 Months Soother 2 pack",
    "COL Price": 13,
    "COL ppu": "$6.50 per 1Ea",
    "COL Size": "2 pack"
  },
  {
    "Brand_Product_Size": "Fancy Feast Classic Prime Filet of Tuna Canned Cat Food 85g",
    "COL Price": 1.45,
    "COL ppu": "$1.71 per 100G",
    "COL Size": "85g"
  },
  {
    "Brand_Product_Size": "L'Oreal Volume Million Lashes Waterproof Mascara 10mL",
    "COL Price": 17.5,
    "COL ppu": "$17.16 per 10mL",
    "COL Size": "10mL"
  },
  {
    "Brand_Product_Size": "Sanofi Calamine Lotion 200mL",
    "COL Price": 4.8,
    "COL ppu": "$2.40 per 100mL",
    "COL Size": "200mL"
  },
  {
    "Brand_Product_Size": "Nescafe Dolce Gusto Cafe Au Lait Coffee Capsules 16 Pack 160g",
    "COL Price": 8.5,
    "COL ppu": "$5.31 per 100G",
    "COL Size": "160g"
  },
  {
    "Brand_Product_Size": "Coles Beer Battered Shoestring Fries 750g",
    "COL Price": 3,
    "COL ppu": "$4.00 per 1Kg",
    "COL Size": "750g"
  },
  {
    "Brand_Product_Size": "Woofin Good Beef Rice & Vegetables Dry Dog Food 6kg",
    "COL Price": 34,
    "COL ppu": "$0.57 per 100G",
    "COL Size": "6kg"
  },
  {
    "Brand_Product_Size": "Banana Boat Sunscreen Sports SPF 50+ 200g",
    "COL Price": 16.5,
    "COL ppu": "$8.25 per 100G",
    "COL Size": "200g"
  },
  {
    "Brand_Product_Size": "Sera Okra Baked In Olive Oil 300g",
    "COL Price": 4.5,
    "COL ppu": "$1.50 per 100G",
    "COL Size": "300g"
  },
  {
    "Brand_Product_Size": "180 Degrees Parmesan Oat Crackers 135g",
    "COL Price": 5.5,
    "COL ppu": "$4.07 per 100G",
    "COL Size": "135g"
  },
  {
    "Brand_Product_Size": "V.I.P. Natures Goodness Adult Lite And Mature Dog Roll Roast Turkey And Steamed Vegetables 2.15kg",
    "COL Price": 5.6,
    "COL ppu": "$0.26 per 100G",
    "COL Size": "2.15kg"
  },
  {
    "Brand_Product_Size": "Latina Fresh Beef Ravioli 625g",
    "COL Price": 8,
    "COL ppu": "$1.28 per 100G",
    "COL Size": "625g"
  },
  {
    "Brand_Product_Size": "Coles Irresistible Vegan Vanilla & Boysenberry Tub 1L",
    "COL Price": 6,
    "COL ppu": "$6.00 per 1L",
    "COL Size": "1L"
  },
  {
    "Brand_Product_Size": "Hart & Soul Soup Wonton Cup 100g",
    "COL Price": 1.8,
    "COL ppu": "$1.80 per 100G",
    "COL Size": "100g"
  },
  {
    "Brand_Product_Size": "Tooshies By Tom Organic Bamboo Nappies Size 1 Newborn 52 pack",
    "COL Price": 20,
    "COL ppu": "$0.38 per 1Ea",
    "COL Size": "52 pack"
  },
  {
    "Brand_Product_Size": "Coles Brown Onion Shallots loose approx. 200g each",
    "COL Price": 2.6,
    "COL ppu": "$13.00 per 1Kg",
    "COL Size": "approx. 200g each"
  },
  {
    "Brand_Product_Size": "Downy Fabric Softener Parfum Collection Passion 800mL",
    "COL Price": 6.6,
    "COL ppu": "$8.25 per 1L",
    "COL Size": "800mL"
  },
  {
    "Brand_Product_Size": "Modo Ecoliving Recycled Sticky Notes 2 pack",
    "COL Price": 3.2,
    "COL ppu": "$1.60 per 1Ea",
    "COL Size": "2 pack"
  },
  {
    "Brand_Product_Size": "Little Quacker Original Coconut Rice Rolls 40g",
    "COL Price": 2.5,
    "COL ppu": "$6.25 per 100G",
    "COL Size": "40g"
  },
  {
    "Brand_Product_Size": "Coles Orange Fruit Drink 1L",
    "COL Price": 1.1,
    "COL ppu": "$1.10 per 1L",
    "COL Size": "1L"
  },
  {
    "Brand_Product_Size": "Swisse Natural Strawberry Flavour Kids Multi Chewable Tablets 60 pack",
    "COL Price": 12.5,
    "COL ppu": "$0.21 per 1Ea",
    "COL Size": "60 pack"
  },
  {
    "Brand_Product_Size": "Carmans Bar Protein 40g",
    "COL Price": 3.2,
    "COL ppu": "$8.00 per 100G",
    "COL Size": "40g"
  },
  {
    "Brand_Product_Size": "Surf Tropical Tiger Lily Front & Top Loader Laundry Detergent Washing Powder 2kg",
    "COL Price": 7,
    "COL ppu": "$3.50 per 1Kg",
    "COL Size": "2kg"
  },
  {
    "Brand_Product_Size": "Pantene Pro-V Always Smooth & Sleek Shampoo 900mL",
    "COL Price": 17,
    "COL ppu": "$1.89 per 100mL",
    "COL Size": "900mL"
  },
  {
    "Brand_Product_Size": "Coles Bakery Stone Baked By Laurent Mini Olive Pane Di Casa each",
    "COL Price": 2.85,
    "COL ppu": "$2.85 per 1Ea",
    "COL Size": "each"
  },
  {
    "Brand_Product_Size": "Coles Ranch Dip 300g",
    "COL Price": 0.5,
    "COL ppu": "$0.17 per 100G",
    "COL Size": "300g"
  },
  {
    "Brand_Product_Size": "Coles Jalapeno Chilli Prepacked 80g",
    "COL Price": 3,
    "COL ppu": "$37.50 per 1Kg",
    "COL Size": "80g"
  },
  {
    "Brand_Product_Size": "Mission Original Yellow Corn Tortilla Strips 230g",
    "COL Price": 3.1,
    "COL ppu": "$1.35 per 100G",
    "COL Size": "230g"
  },
  {
    "Brand_Product_Size": "Coles Flakes Almond 150g",
    "COL Price": 3.85,
    "COL ppu": "$25.67 per 1Kg",
    "COL Size": "150g"
  },
  {
    "Brand_Product_Size": "Little Bellies Animal Biscuits 130g",
    "COL Price": 4.5,
    "COL ppu": "$3.46 per 100G",
    "COL Size": "130g"
  },
  {
    "Brand_Product_Size": "Barilla Wholegrain Spaghetti Pasta No.5 500g",
    "COL Price": 2.9,
    "COL ppu": "$0.58 per 100G",
    "COL Size": "500g"
  },
  {
    "Brand_Product_Size": "Coles Assure Pads Extra Plus 10 pack",
    "COL Price": 3.5,
    "COL ppu": "$0.35 per 1Ea",
    "COL Size": "10 pack"
  },
  {
    "Brand_Product_Size": "The Natural Confectionary Co. Less 25% Less Sugar Snakes 260g",
    "COL Price": 2,
    "COL ppu": "$0.77 per 100G",
    "COL Size": "260g"
  },
  {
    "Brand_Product_Size": "Danone Yopro Strawberry Yoghurt Tub 700g",
    "COL Price": 6,
    "COL ppu": "$0.86 per 100G",
    "COL Size": "700g"
  },
  {
    "Brand_Product_Size": "Mother's Day Licensed Tea For One each",
    "COL Price": 20,
    "COL ppu": "$20.00 per 1Ea",
    "COL Size": "each"
  },
  {
    "Brand_Product_Size": "Bio Nature Organic Cannellini Beans 400g",
    "COL Price": 1.6,
    "COL ppu": "$4.00 per 1Kg",
    "COL Size": "400g"
  },
  {
    "Brand_Product_Size": "Crayola Silly Scents Slim Markers 10 pack",
    "COL Price": 7,
    "COL ppu": "$0.70 per 1Ea",
    "COL Size": "10 pack"
  },
  {
    "Brand_Product_Size": "Cook & Dine Preserving 1L Jar each",
    "COL Price": 3,
    "COL ppu": "$3.00 per 1Ea",
    "COL Size": "each"
  },
  {
    "Brand_Product_Size": "Cook & Dine Dinner Plates 4 pack",
    "COL Price": 4,
    "COL ppu": "$1.00 per 1Ea",
    "COL Size": "4 pack"
  },
  {
    "Brand_Product_Size": "Korbond Compact Needles Assorted Sizes 1 pack",
    "COL Price": 2.1,
    "COL ppu": "$2.10 per 1ea",
    "COL Size": "1 pack"
  },
  {
    "Brand_Product_Size": "Toni & Guy Purple Toning Mask 285mL",
    "COL Price": 16,
    "COL ppu": "$5.61 per 100mL",
    "COL Size": "285mL"
  },
  {
    "Brand_Product_Size": "Osem Heat & Serve Mashed Potatoes 130g",
    "COL Price": 4.4,
    "COL ppu": "$3.38 per 100G",
    "COL Size": "130g"
  },
  {
    "Brand_Product_Size": "Helga's Gluten Free Soy & Linseed Bread 500g",
    "COL Price": 7,
    "COL ppu": "$1.40 per 100G",
    "COL Size": "500g"
  },
  {
    "Brand_Product_Size": "Coles Rainbow Dutch Carrots each",
    "COL Price": 3.5,
    "COL ppu": "$3.50 per 1Ea",
    "COL Size": "each"
  },
  {
    "Brand_Product_Size": "Primo DX Cocktail Frankfurt 1 kg",
    "COL Price": 6.5,
    "COL ppu": "$6.50 per 1Kg",
    "COL Size": "1 kg"
  },
  {
    "Brand_Product_Size": "Coles Bakery Tiger Rolls 6 pack",
    "COL Price": 2,
    "COL ppu": "$0.33 per 1Ea",
    "COL Size": "6 pack"
  },
  {
    "Brand_Product_Size": "Cenovis Vitamin C 250mg Tablets 150 pack",
    "COL Price": 10.5,
    "COL ppu": "$0.07 per 1Ea",
    "COL Size": "150 pack"
  },
  {
    "Brand_Product_Size": "Coles Full Cream Evaporated Milk 385mL",
    "COL Price": 1.9,
    "COL ppu": "$4.94 per 1L",
    "COL Size": "385mL"
  },
  {
    "Brand_Product_Size": "Capilano Twist & Squeeze Pure Honey 220g",
    "COL Price": 4.7,
    "COL ppu": "$2.14 per 100G",
    "COL Size": "220g"
  },
  {
    "Brand_Product_Size": "Handee Ultra White Paper Towels 2 pack",
    "COL Price": 3.5,
    "COL ppu": "$2.92 per 100Ea",
    "COL Size": "2 pack"
  },
  {
    "Brand_Product_Size": "Three Threes Olives Stuffed 250g",
    "COL Price": 2.6,
    "COL ppu": "$1.04 per 100G",
    "COL Size": "250g"
  },
  {
    "Brand_Product_Size": "L'OR Espresso Ristretto Intensity 11 Coffee Capsules 10 pack 52g",
    "COL Price": 4.5,
    "COL ppu": "$8.65 per 100G",
    "COL Size": "52g"
  },
  {
    "Brand_Product_Size": "Birds Eye Herbs Ginger 75g",
    "COL Price": 4,
    "COL ppu": "$53.34 per 1Kg",
    "COL Size": "75g"
  },
  {
    "Brand_Product_Size": "Garnier Nutrisse 3 Espresso Permanent Hair Colour 1 pack",
    "COL Price": 7.5,
    "COL ppu": "$7.50 per 1Ea",
    "COL Size": "1 pack"
  },
  {
    "Brand_Product_Size": "Fromager D'Affinois St Angel Triple Cream approx. 100g",
    "COL Price": 6.4,
    "COL ppu": "$64.00 per 1Kg",
    "COL Size": "approx. 100g"
  },
  {
    "Brand_Product_Size": "Coles Lamb Leg Butterflied With Pomegranate & Rosemary Marinade approx 1.2kg",
    "COL Price": 24,
    "COL ppu": "$20.00 per 1Kg",
    "COL Size": "approx 1.2kg"
  },
  {
    "Brand_Product_Size": "Lescure Unsalted Butter 250g",
    "COL Price": 10.5,
    "COL ppu": "$42.00 per 1Kg",
    "COL Size": "250g"
  },
  {
    "Brand_Product_Size": "Paper Mate Profile Pen Blue 2 pack",
    "COL Price": 5.2,
    "COL ppu": "",
    "COL Size": "2 pack"
  },
  {
    "Brand_Product_Size": "Pine O Cleen Multi Purpose Trigger Spray Lemon Lime 750mL",
    "COL Price": 5,
    "COL ppu": "$0.67 per 100mL",
    "COL Size": "750mL"
  },
  {
    "Brand_Product_Size": "Nivea Hawaiian Flower & Oil Shower Gel & Body Wash 500mL",
    "COL Price": 8,
    "COL ppu": "$1.60 per 100mL",
    "COL Size": "500mL"
  },
  {
    "Brand_Product_Size": "Glen 20 Disinfectant Air Freshener Spray Original 300g",
    "COL Price": 8,
    "COL ppu": "$2.67 per 100G",
    "COL Size": "300g"
  },
  {
    "Brand_Product_Size": "Coles Caramel Latte Coffee Sachets 10 Pack 170g",
    "COL Price": 3.25,
    "COL ppu": "$1.91 per 100G",
    "COL Size": "170g"
  },
  {
    "Brand_Product_Size": "Cadbury Favourites Party Pack 570g",
    "COL Price": 20,
    "COL ppu": "$3.51 per 100G",
    "COL Size": "570g"
  },
  {
    "Brand_Product_Size": "Bx Earth Dog 2 In 1 Goatsmilk Manuka & Oatmeal All Natural Conditioning Shampoo 500mL",
    "COL Price": 12,
    "COL ppu": "$2.40 per 100mL",
    "COL Size": "500mL"
  },
  {
    "Brand_Product_Size": "Cook & Dine Paper Cups 15 pack",
    "COL Price": 3.15,
    "COL ppu": "$0.21 per 1Ea",
    "COL Size": "15 pack"
  },
  {
    "Brand_Product_Size": "Coles Diet Lemonade Soft Drink 1.25L",
    "COL Price": 1,
    "COL ppu": "$0.80 per 1L",
    "COL Size": "1.25L"
  },
  {
    "Brand_Product_Size": "Duracell Alkaline LR44 A76 Batteries 2 pack",
    "COL Price": 5,
    "COL ppu": "$2.50 per 1Ea",
    "COL Size": "2 pack"
  },
  {
    "Brand_Product_Size": "Vittoria Family Cup Blend Coffee Capsules 10 pack",
    "COL Price": 6,
    "COL ppu": "$0.60 per 1Ea",
    "COL Size": "10 pack"
  },
  {
    "Brand_Product_Size": "Hercules Twinzip Resealable Medium Storage Bags 15 pack",
    "COL Price": 2.4,
    "COL ppu": "$0.16 per 1Ea",
    "COL Size": "15 pack"
  },
  {
    "Brand_Product_Size": "Coles Plastic Ruler 30Cm each",
    "COL Price": 2.5,
    "COL ppu": "$2.50 per 1Ea",
    "COL Size": "each"
  },
  {
    "Brand_Product_Size": "Pampas Frozen Lemon Meringue Pies 4 pack 400g",
    "COL Price": 5.8,
    "COL ppu": "$1.45 per 100G",
    "COL Size": "400g"
  },
  {
    "Brand_Product_Size": "Cenovis Liver Support Milk Thistle 7000 Tablets 75 pack",
    "COL Price": 15,
    "COL ppu": "$0.20 per 1Ea",
    "COL Size": "75 pack"
  },
  {
    "Brand_Product_Size": "Paper Mate Kilometrico Assorted Pens 10 pack",
    "COL Price": 4.5,
    "COL ppu": "$0.45 per 1Ea",
    "COL Size": "10 pack"
  },
  {
    "Brand_Product_Size": "Darikay Spicy Prawn Soup 550g",
    "COL Price": 6.5,
    "COL ppu": "$1.18 per 100G",
    "COL Size": "550g"
  },
  {
    "Brand_Product_Size": "Uncle Tobys Chewy Muesli Bars Choc Chip Value 12 Pack 375g",
    "COL Price": 5,
    "COL ppu": "$1.33 per 100G",
    "COL Size": "375g"
  },
  {
    "Brand_Product_Size": "Lurpak Spreadable Light Butter 250g",
    "COL Price": 5,
    "COL ppu": "$2.00 per 100G",
    "COL Size": "250g"
  },
  {
    "Brand_Product_Size": "S&B La-Yu Chilli Oil 33mL",
    "COL Price": 4.2,
    "COL ppu": "$12.73 per 100mL",
    "COL Size": "33mL"
  },
  {
    "Brand_Product_Size": "Sun Zapper Zinc Stick Skin Tone SPF50+ 12g",
    "COL Price": 9.45,
    "COL ppu": "$78.75 per 100G",
    "COL Size": "12g"
  },
  {
    "Brand_Product_Size": "Radox Feel Oxygenated Shower Gel Body Wash 1L",
    "COL Price": 7,
    "COL ppu": "$0.70 per 100mL",
    "COL Size": "1L"
  },
  {
    "Brand_Product_Size": "Gravox Lamb & Rosemary Liquid Gravy 250g",
    "COL Price": 2.85,
    "COL ppu": "$1.14 per 100G",
    "COL Size": "250g"
  },
  {
    "Brand_Product_Size": "Lynx Aerosol Excite Deodorant 165mL",
    "COL Price": 7,
    "COL ppu": "$4.24 per 100mL",
    "COL Size": "165mL"
  },
  {
    "Brand_Product_Size": "Heinz Lite Mayonnaise 285mL",
    "COL Price": 4,
    "COL ppu": "$1.40 per 100mL",
    "COL Size": "285mL"
  },
  {
    "Brand_Product_Size": "Chiquillin Hot Paprika 75g",
    "COL Price": 4.35,
    "COL ppu": "$5.80 per 100G",
    "COL Size": "75g"
  },
  {
    "Brand_Product_Size": "Hovex Vaporgard Moth Killer Cloth 2 pack",
    "COL Price": 6,
    "COL ppu": "$3.00 per 1Ea",
    "COL Size": "2 pack"
  },
  {
    "Brand_Product_Size": "Coles Deli Thawed Seafood Smoked Cod Fillet approx. 200g each",
    "COL Price": 2,
    "COL ppu": "$10.00 per 1Kg",
    "COL Size": "approx. 200g each"
  },
  {
    "Brand_Product_Size": "Betty Crocker Gluten Free Vanilla Cupcake Mix 460g",
    "COL Price": 6,
    "COL ppu": "$1.30 per 100G",
    "COL Size": "460g"
  },
  {
    "Brand_Product_Size": "Danone Yopro Frozen Dessert Mocha 4 Pack 540mL",
    "COL Price": 12,
    "COL ppu": "$2.22 per 100mL",
    "COL Size": "540mL"
  },
  {
    "Brand_Product_Size": "Dairy Farmers Lite White Reduced Fat Milk 2L",
    "COL Price": 4,
    "COL ppu": "$2.00 per 1L",
    "COL Size": "2L"
  },
  {
    "Brand_Product_Size": "Gillette Fusion Power Shaving Blade Refill 8 pack",
    "COL Price": 39,
    "COL ppu": "$4.88 per 1Ea",
    "COL Size": "8 pack"
  },
  {
    "Brand_Product_Size": "Sirena Tuna in Oil Italian Style 425g",
    "COL Price": 7,
    "COL ppu": "$16.47 per 1Kg",
    "COL Size": "425g"
  },
  {
    "Brand_Product_Size": "Nexba Kombucha Apple Pear Ginger 450mL",
    "COL Price": 3.15,
    "COL ppu": "$7.00 per 1L",
    "COL Size": "450mL"
  },
  {
    "Brand_Product_Size": "Selleys Rapid Mould Killer 500mL",
    "COL Price": 6,
    "COL ppu": "$1.20 per 100mL",
    "COL Size": "500mL"
  },
  {
    "Brand_Product_Size": "Ogx Extra Strength Damage Remedy Coconut Oil Conditioner 385mL",
    "COL Price": 21,
    "COL ppu": "$5.45 per 100mL",
    "COL Size": "385mL"
  },
  {
    "Brand_Product_Size": "Nivea Naturally Good Night Cream Regenerating 50mL",
    "COL Price": 11,
    "COL ppu": "$22.00 per 100mL",
    "COL Size": "50mL"
  },
  {
    "Brand_Product_Size": "Nestle Chokito Bar 55g",
    "COL Price": 2,
    "COL ppu": "$3.64 per 100G",
    "COL Size": "55g"
  },
  {
    "Brand_Product_Size": "Coles Kitchen Tidy Bag Small 40 pack",
    "COL Price": 2,
    "COL ppu": "$0.05 per 1Ea",
    "COL Size": "40 pack"
  },
  {
    "Brand_Product_Size": "My Dog Naturally Crafted Free Range Chicken Carrots & Green Beans Wet Dog Food Can 400g",
    "COL Price": 2,
    "COL ppu": "$0.50 per 100G",
    "COL Size": "400g"
  },
  {
    "Brand_Product_Size": "Primo Dairy Thin Franks 500g",
    "COL Price": 3.15,
    "COL ppu": "$6.30 per 1Kg",
    "COL Size": "500g"
  },
  {
    "Brand_Product_Size": "Leggo's Pasta Bake Three Cheese Sauce 500g",
    "COL Price": 3,
    "COL ppu": "$0.60 per 100G",
    "COL Size": "500g"
  },
  {
    "Brand_Product_Size": "Lipton Quality Tips Loose Leaf Tea 250g",
    "COL Price": 4.4,
    "COL ppu": "$1.76 per 100G",
    "COL Size": "250g"
  },
  {
    "Brand_Product_Size": "Pedigree Mince With Chicken & Rice Puppy Wet Dog Food Can 700g",
    "COL Price": 2.5,
    "COL ppu": "$0.36 per 100G",
    "COL Size": "700g"
  },
  {
    "Brand_Product_Size": "Coles Urban Coffee Culture Intensity 12 Intense Coffee  Capsules 10 Pack 52g",
    "COL Price": 3.7,
    "COL ppu": "$7.12 per 100G",
    "COL Size": "52g"
  },
  {
    "Brand_Product_Size": "The Culture Co. Kefir Mango Yoghurt 150g",
    "COL Price": 1.15,
    "COL ppu": "$0.77 per 100G",
    "COL Size": "150g"
  },
  {
    "Brand_Product_Size": "Hoyts Vanilla Beans 3g",
    "COL Price": 6.3,
    "COL ppu": "$21.00 per 10G",
    "COL Size": "3g"
  },
  {
    "Brand_Product_Size": "Coles Mixed  Berries 425g",
    "COL Price": 3.8,
    "COL ppu": "$8.94 per 1Kg",
    "COL Size": "425g"
  },
  {
    "Brand_Product_Size": "Cook & Dine Tongs 32cm each",
    "COL Price": 7,
    "COL ppu": "$7.00 per 1Ea",
    "COL Size": "each"
  },
  {
    "Brand_Product_Size": "Indomie Mi Goreng Hot & Spicy Instant Noodles 80g",
    "COL Price": 0.65,
    "COL ppu": "$0.81 per 100G",
    "COL Size": "80g"
  },
  {
    "Brand_Product_Size": "Eskal Herring Rollmops 500g",
    "COL Price": 5.6,
    "COL ppu": "$11.20 per 1Kg",
    "COL Size": "500g"
  },
  {
    "Brand_Product_Size": "Coles Finest Angus Beef Scotch Fillet approx. 360g pack",
    "COL Price": 13.9965,
    "COL ppu": "$38.88 per 1Kg",
    "COL Size": "approx. 360g pack"
  },
  {
    "Brand_Product_Size": "Lindt Excellence 95% Cocoa Ultimate Dark Chocolate Block 80g",
    "COL Price": 4.5,
    "COL ppu": "$5.63 per 100G",
    "COL Size": "80g"
  },
  {
    "Brand_Product_Size": "Harvest Snaps Chickpea Original 200g",
    "COL Price": 6,
    "COL ppu": "$3.00 per 100G",
    "COL Size": "200g"
  },
  {
    "Brand_Product_Size": "Calbee Gluten Free Harvest Snaps Original Salted Baked Pea Crisps 5 pack 80g",
    "COL Price": 3.5,
    "COL ppu": "$4.38 per 100G",
    "COL Size": "80g"
  },
  {
    "Brand_Product_Size": "Nicabate Minis Quit Smoking Lozenge 4mg 20 pack",
    "COL Price": 12.8,
    "COL ppu": "$0.64 per 1Ea",
    "COL Size": "20 pack"
  },
  {
    "Brand_Product_Size": "Coles Ultimate Apple Pie Cookies 12 Pack 225g",
    "COL Price": 3.5,
    "COL ppu": "$1.56 per 100G",
    "COL Size": "225g"
  },
  {
    "Brand_Product_Size": "SKYN Elite Condoms 10 pack",
    "COL Price": 10,
    "COL ppu": "$1.00 per 1Ea",
    "COL Size": "10 pack"
  },
  {
    "Brand_Product_Size": "Impulse Festival Summer Edition Body Spray 75mL",
    "COL Price": 4,
    "COL ppu": "$5.33 per 100mL",
    "COL Size": "75mL"
  },
  {
    "Brand_Product_Size": "Home Chef Roast Lamb Shoulder With Green Dressing 475g",
    "COL Price": 19.5,
    "COL ppu": "$4.11 per 100G",
    "COL Size": "475g"
  },
  {
    "Brand_Product_Size": "Selleys Liquid Sugar Soap 750mL",
    "COL Price": 4.25,
    "COL ppu": "$0.57 per 100mL",
    "COL Size": "750mL"
  },
  {
    "Brand_Product_Size": "Lilydale Frozen Free Range Herb & Parmesan Baked Chicken Schnitzels 400g",
    "COL Price": 9.5,
    "COL ppu": "$23.75 per 1Kg",
    "COL Size": "400g"
  },
  {
    "Brand_Product_Size": "Coles Fresh Seafood Whole Baby Barramundi approx. 800g",
    "COL Price": 15.2,
    "COL ppu": "$19.00 per 1Kg",
    "COL Size": "approx. 800g"
  },
  {
    "Brand_Product_Size": "Coles Made Easy Slow Cooked Pork & Beef Meatballs In Tomato Sauce 800g",
    "COL Price": 12,
    "COL ppu": "$15.00 per 1Kg",
    "COL Size": "800g"
  },
  {
    "Brand_Product_Size": "Cottee's Apricot Jam 500g",
    "COL Price": 2.8,
    "COL ppu": "$0.56 per 100G",
    "COL Size": "500g"
  },
  {
    "Brand_Product_Size": "Daley Street Dark Aluminium Nespresso Compatible Coffee Capsules 10 pack",
    "COL Price": 4,
    "COL ppu": "$0.40 per 1Ea",
    "COL Size": "10 pack"
  },
  {
    "Brand_Product_Size": "Coles Foaming Hand Wash Rasberry 250mL",
    "COL Price": 2,
    "COL ppu": "$0.80 per 100mL",
    "COL Size": "250mL"
  },
  {
    "Brand_Product_Size": "Coles Strawberries Prepacked 250g",
    "COL Price": 4.9,
    "COL ppu": "$19.60 per 1Kg",
    "COL Size": "250g"
  },
  {
    "Brand_Product_Size": "Contigo Byron Thermal Flask 473mL each",
    "COL Price": 25,
    "COL ppu": "$25.00 per 1Ea",
    "COL Size": "each"
  },
  {
    "Brand_Product_Size": "Coles Ultra Concentrate Laundry Liquid Capsules 20 pack",
    "COL Price": 8,
    "COL ppu": "$0.40 per 1Ea",
    "COL Size": "20 pack"
  },
  {
    "Brand_Product_Size": "Primo Raw Cocktail Frankfurts approx. 50g each",
    "COL Price": 0.325,
    "COL ppu": "$6.50 per 1kg",
    "COL Size": "approx. 50g each"
  },
  {
    "Brand_Product_Size": "Drovers Choice Beef Scotch Fillet approx. 840g",
    "COL Price": 24.36,
    "COL ppu": "$29.00 per 1Kg",
    "COL Size": "approx. 840g"
  },
  {
    "Brand_Product_Size": "Revlon Colorsilk Light Gold Brown 54 Hair Colour 1 pack",
    "COL Price": 9,
    "COL ppu": "$9.00 per 1Ea",
    "COL Size": "1 pack"
  },
  {
    "Brand_Product_Size": "Nescafe Blend 43 Instant Coffee 150g",
    "COL Price": 9.4,
    "COL ppu": "$6.27 per 100G",
    "COL Size": "150g"
  },
  {
    "Brand_Product_Size": "Auricchio Pecorino Romano Cheese approx. 250g",
    "COL Price": 8.75,
    "COL ppu": "$35.00 per 1Kg",
    "COL Size": "approx. 250g"
  },
  {
    "Brand_Product_Size": "Romanella Dipping Crackers Olive Oil 100g",
    "COL Price": 3.3,
    "COL ppu": "$3.30 per 100G",
    "COL Size": "100g"
  },
  {
    "Brand_Product_Size": "Provedore Prosciutto 100g",
    "COL Price": 7,
    "COL ppu": "$70.00 per 1Kg",
    "COL Size": "100g"
  },
  {
    "Brand_Product_Size": "Molini Pizzutti Fine Italian 00 Flour 1kg",
    "COL Price": 3.25,
    "COL ppu": "$3.25 per 1Kg",
    "COL Size": "1kg"
  },
  {
    "Brand_Product_Size": "Ogx Turmeric Golden Milk Conditioner 385mL",
    "COL Price": 20,
    "COL ppu": "$5.19 per 100mL",
    "COL Size": "385mL"
  },
  {
    "Brand_Product_Size": "Yumi's Gluten Free Traditional Middle Eastern Hommus Dip 200g",
    "COL Price": 3,
    "COL ppu": "$1.50 per 100G",
    "COL Size": "200g"
  },
  {
    "Brand_Product_Size": "Coles Thickened Cream 600mL",
    "COL Price": 3,
    "COL ppu": "$0.50 per 100mL",
    "COL Size": "600mL"
  },
  {
    "Brand_Product_Size": "Coles Frozen Garlic & Herb Beef Sausages 6 Pack 500g",
    "COL Price": 5,
    "COL ppu": "$1.00 per 100G",
    "COL Size": "500g"
  },
  {
    "Brand_Product_Size": "Vitasoy Unsweetened Coconut Milk UHT 1L",
    "COL Price": 3,
    "COL ppu": "$3.00 per 1L",
    "COL Size": "1L"
  },
  {
    "Brand_Product_Size": "Valley Produce Co. Vegetable Flatbread  Kale Artisan Crackers 130g",
    "COL Price": 4.9,
    "COL ppu": "$3.77 per 100G",
    "COL Size": "130g"
  },
  {
    "Brand_Product_Size": "Massel Chicken Style Stock Cubes 105g",
    "COL Price": 3.4,
    "COL ppu": "$0.32 per 10G",
    "COL Size": "105g"
  },
  {
    "Brand_Product_Size": "OBAP Kim Chi 180g",
    "COL Price": 4.5,
    "COL ppu": "$2.50 per 100G",
    "COL Size": "180g"
  },
  {
    "Brand_Product_Size": "Kedem Kids Animal Cookies 340g",
    "COL Price": 5,
    "COL ppu": "$1.47 per 100G",
    "COL Size": "340g"
  },
  {
    "Brand_Product_Size": "Guylian Belgian Chocolate Sea Shells 6 pack",
    "COL Price": 4.2,
    "COL ppu": "$6.46 per 100G",
    "COL Size": "6 pack"
  },
  {
    "Brand_Product_Size": "Schick Intuition Pure Nourishment Coconut Milk Razor Kit 1 pack",
    "COL Price": 6.4,
    "COL ppu": "$6.40 per 1Ea",
    "COL Size": "1 pack"
  },
  {
    "Brand_Product_Size": "Applaws Tuna Fillet with Prawn Canned Cat Food 70g",
    "COL Price": 2,
    "COL ppu": "$2.86 per 100G",
    "COL Size": "70g"
  },
  {
    "Brand_Product_Size": "Marion's Kitchen Thai Red Curry Cooking Kit 450g",
    "COL Price": 7.45,
    "COL ppu": "$1.89 per 100G",
    "COL Size": "450g"
  },
  {
    "Brand_Product_Size": "Nivea Black & White Clear Invisible Aerosol Antiperspirant Deodorant 250mL",
    "COL Price": 6.5,
    "COL ppu": "$2.60 per 100mL",
    "COL Size": "250mL"
  },
  {
    "Brand_Product_Size": "Ferrero Rocher 30 Pack Boxed Chocolate Gift 375g 375g",
    "COL Price": 20,
    "COL ppu": "$5.33 per 100G",
    "COL Size": "375g"
  },
  {
    "Brand_Product_Size": "Coles Finest Mushroom Risotto 400g",
    "COL Price": 8.5,
    "COL ppu": "$2.13 per 100G",
    "COL Size": "400g"
  },
  {
    "Brand_Product_Size": "Gillette Millennial Smooth Sensitive Razor 1 pack",
    "COL Price": 22,
    "COL ppu": "$22.00 per 1Ea",
    "COL Size": "1 pack"
  },
  {
    "Brand_Product_Size": "Wrigley's Extra Peppermint Sugar Free Chewing Gum 14 Piece 27g",
    "COL Price": 2,
    "COL ppu": "$7.41 per 100G",
    "COL Size": "27g"
  },
  {
    "Brand_Product_Size": "Elastoplast Aqua Protect Xxl 5 pack",
    "COL Price": 13,
    "COL ppu": "$2.60 per 1Ea",
    "COL Size": "5 pack"
  },
  {
    "Brand_Product_Size": "Scholl Gel Activ Everyday Women 1 each",
    "COL Price": 28,
    "COL ppu": "",
    "COL Size": "1 each"
  },
  {
    "Brand_Product_Size": "Coles Beef Bresaola approx. 1.5kg",
    "COL Price": 87,
    "COL ppu": "$58.00 per 1Kg",
    "COL Size": "approx. 1.5kg"
  },
  {
    "Brand_Product_Size": "Hanabi Frozen Surimi Seafood Tofu 500g",
    "COL Price": 6.3,
    "COL ppu": "$1.26 per 100G",
    "COL Size": "500g"
  },
  {
    "Brand_Product_Size": "Meadow Lea Original Margarine Spread 500g",
    "COL Price": 3.3,
    "COL ppu": "$0.66 per 100G",
    "COL Size": "500g"
  },
  {
    "Brand_Product_Size": "John West Barramundi With Lemon Myrtle & Murray River Salt Seasoning 2 Pack 275g",
    "COL Price": 12,
    "COL ppu": "$43.64 per 1KG",
    "COL Size": "275g"
  },
  {
    "Brand_Product_Size": "Coles Deli Salad Tub Small Curried Pumpkin Cous Cous Salad each",
    "COL Price": 5,
    "COL ppu": "$5.00 per 1Ea",
    "COL Size": "each"
  },
  {
    "Brand_Product_Size": "Clio Eco 80D Opaque Tight Black Small/ Medium each",
    "COL Price": 12,
    "COL ppu": "$12.00 per 1Ea",
    "COL Size": "each"
  },
  {
    "Brand_Product_Size": "Dolmio Extra Four Cheese Pasta Sauce 500g",
    "COL Price": 1.64,
    "COL ppu": "$0.33 per 100G",
    "COL Size": "500g"
  },
  {
    "Brand_Product_Size": "Aeroplane Mango Mania Jelly Crystals 85g",
    "COL Price": 1.15,
    "COL ppu": "$1.35 per 100G",
    "COL Size": "85g"
  },
  {
    "Brand_Product_Size": "Nippy's Coffee Flavoured Multipack Long Life Milk 375mL 4 pack",
    "COL Price": 8.05,
    "COL ppu": "$5.37 per 1L",
    "COL Size": "4 pack"
  },
  {
    "Brand_Product_Size": "Tena Medium Pants for Women 8 pack",
    "COL Price": 10,
    "COL ppu": "$1.25 per 1Ea",
    "COL Size": "8 pack"
  },
  {
    "Brand_Product_Size": "Purina Denta Life Chewy Dog Treat Small/Medium 25 pack",
    "COL Price": 9,
    "COL ppu": "$0.36 per 1Ea",
    "COL Size": "25 pack"
  },
  {
    "Brand_Product_Size": "Edgell Snack Time Chick Peas Olive Oil Garlic & Rosemary 70g",
    "COL Price": 0.9,
    "COL ppu": "$12.86 per 1Kg",
    "COL Size": "70g"
  },
  {
    "Brand_Product_Size": "Cook & Dine Jumbo Purple Mug each",
    "COL Price": 5,
    "COL ppu": "$5.00 per 1Ea",
    "COL Size": "each"
  },
  {
    "Brand_Product_Size": "Queen Finest Vanilla Bean Pods 2 pack 4g",
    "COL Price": 8,
    "COL ppu": "$20.00 per 10G",
    "COL Size": "4g"
  },
  {
    "Brand_Product_Size": "Coles Urban Coffee Culture Hazelnut Syrup 360mL",
    "COL Price": 5,
    "COL ppu": "$1.39 per 100mL",
    "COL Size": "360mL"
  },
  {
    "Brand_Product_Size": "Fussy Cat Grainfree with Salmon Whitefish & Olive Oil Cat Food 2.5kg",
    "COL Price": 14,
    "COL ppu": "$5.60 per 1Kg",
    "COL Size": "2.5kg"
  },
  {
    "Brand_Product_Size": "Arnott's Corn Cruskits 125g",
    "COL Price": 3.5,
    "COL ppu": "$2.80 per 100G",
    "COL Size": "125g"
  },
  {
    "Brand_Product_Size": "L'Oreal Preference 4.26 Pure Burgundy Hair Colour 1 pack",
    "COL Price": 9.5,
    "COL ppu": "$9.50 per 1Ea",
    "COL Size": "1 pack"
  },
  {
    "Brand_Product_Size": "Oreo Creme Biscuits Birthday Cake 133g",
    "COL Price": 1.5,
    "COL ppu": "$1.13 per 100G",
    "COL Size": "133g"
  },
  {
    "Brand_Product_Size": "Coles Potatoes Brushed 4kg",
    "COL Price": 7.5,
    "COL ppu": "$1.88 per 1Kg",
    "COL Size": "4kg"
  },
  {
    "Brand_Product_Size": "Sorbent Silky White Toilet Tissue 16 pack",
    "COL Price": 12.5,
    "COL ppu": "$0.78 per 1Ea",
    "COL Size": "16 pack"
  },
  {
    "Brand_Product_Size": "Fiji Kava Noble Calm Capsules",
    "COL Price": 30,
    "COL ppu": "",
    "COL Size": ""
  },
  {
    "Brand_Product_Size": "Coles High Top White Bread 750g",
    "COL Price": 2.7,
    "COL ppu": "$0.36 per 100G",
    "COL Size": "750g"
  },
  {
    "Brand_Product_Size": "Tigi Bed Head Hairspray Hard Head 385mL",
    "COL Price": 20,
    "COL ppu": "$5.19 per 100mL",
    "COL Size": "385mL"
  },
  {
    "Brand_Product_Size": "Coles Rectangular Double Sponge Unfilled Cake 450g",
    "COL Price": 5,
    "COL ppu": "$1.11 per 100G",
    "COL Size": "450g"
  },
  {
    "Brand_Product_Size": "Cook & Dine Nylon Food Cover 32cm each",
    "COL Price": 3,
    "COL ppu": "$3.00 per 1Ea",
    "COL Size": "each"
  },
  {
    "Brand_Product_Size": "Sniders Freshly Baked Matzos 375g",
    "COL Price": 2.5,
    "COL ppu": "$0.67 per 100G",
    "COL Size": "375g"
  },
  {
    "Brand_Product_Size": "Sunraysia Pouch 99.9% Apple & Strawberry Juice 200mL",
    "COL Price": 1.4,
    "COL ppu": "$7.00 per 1L",
    "COL Size": "200mL"
  },
  {
    "Brand_Product_Size": "Podravka Meat Paste 95g",
    "COL Price": 2.1,
    "COL ppu": "$2.21 per 100G",
    "COL Size": "95g"
  },
  {
    "Brand_Product_Size": "Birds Eye Roast Beetroot 300g",
    "COL Price": 5,
    "COL ppu": "$16.67 per 1Kg",
    "COL Size": "300g"
  },
  {
    "Brand_Product_Size": "Coles Tasmanian Salmon Boneless & Skin On 4 Pieces 460g",
    "COL Price": 12,
    "COL ppu": "$26.09 per 1Kg",
    "COL Size": "460g"
  },
  {
    "Brand_Product_Size": "Coles Deli Meredith Dairy Plain Chevre 150g",
    "COL Price": 9,
    "COL ppu": "$60.00 per 1Kg",
    "COL Size": "150g"
  },
  {
    "Brand_Product_Size": "Nescafe Gold Smooth Mild Ground Coffee 180g",
    "COL Price": 11.5,
    "COL ppu": "$6.39 per 100G",
    "COL Size": "180g"
  },
  {
    "Brand_Product_Size": "Coles Pro Total Care Mouthwash 500 mL",
    "COL Price": 8,
    "COL ppu": "",
    "COL Size": "500 mL"
  },
  {
    "Brand_Product_Size": "Wiltshire Piping Set each",
    "COL Price": 12,
    "COL ppu": "$12.00 per 1Ea",
    "COL Size": "each"
  },
  {
    "Brand_Product_Size": "Sensodyne Sensitive Teeth Pain Deep Clean Toothpaste 110g",
    "COL Price": 9.2,
    "COL ppu": "$8.36 per 100G",
    "COL Size": "110g"
  },
  {
    "Brand_Product_Size": "Coles Cup Mushrooms Prepacked 200g",
    "COL Price": 4,
    "COL ppu": "$20.00 per 1Kg",
    "COL Size": "200g"
  },
  {
    "Brand_Product_Size": "Coles New York Style Baked Cheesecake 640g",
    "COL Price": 12,
    "COL ppu": "$1.88 per 100G",
    "COL Size": "640g"
  },
  {
    "Brand_Product_Size": "Gravox Beef Gravy 200g",
    "COL Price": 6,
    "COL ppu": "$3.00 per 100G",
    "COL Size": "200g"
  },
  {
    "Brand_Product_Size": "Sellotape Masking Tape 24mmX18m each",
    "COL Price": 2.5,
    "COL ppu": "$2.50 per 1Ea",
    "COL Size": "each"
  },
  {
    "Brand_Product_Size": "Coles Dip Cheese & Chive 200g",
    "COL Price": 1.9,
    "COL ppu": "$0.95 per 100G",
    "COL Size": "200g"
  },
  {
    "Brand_Product_Size": "Hoyts Dutch Cinnamon 25g",
    "COL Price": 1.5,
    "COL ppu": "$0.60 per 10G",
    "COL Size": "25g"
  },
  {
    "Brand_Product_Size": "Optimum Grain Free With Chicken & Vegetables Dry Dog Food 6.5kg",
    "COL Price": 24.5,
    "COL ppu": "$3.77 per 1Kg",
    "COL Size": "6.5kg"
  },
  {
    "Brand_Product_Size": "Solomon Kosher Butchen Frozen Golden Chicken Soup 800g",
    "COL Price": 12.4,
    "COL ppu": "$1.55 per 100G",
    "COL Size": "800g"
  },
  {
    "Brand_Product_Size": "Rexona Men Antiperspirant Aerosol Deodorant Essentials 250mL",
    "COL Price": 5,
    "COL ppu": "$2.00 per 100mL",
    "COL Size": "250mL"
  },
  {
    "Brand_Product_Size": "Patties Frozen Party Classic Beef Pies 12 pack 560g",
    "COL Price": 8.5,
    "COL ppu": "$1.52 per 100G",
    "COL Size": "560g"
  },
  {
    "Brand_Product_Size": "Byron Bay Single Serve Dotty Cookie 60g",
    "COL Price": 1.5,
    "COL ppu": "$2.50 per 100G",
    "COL Size": "60g"
  },
  {
    "Brand_Product_Size": "Coles Butter Pat 500g",
    "COL Price": 5.6,
    "COL ppu": "$1.12 per 100G",
    "COL Size": "500g"
  },
  {
    "Brand_Product_Size": "Twining's Vanilla Chai Tea Bags 80 pack",
    "COL Price": 5.6,
    "COL ppu": "$0.07 per 1Ea",
    "COL Size": "80 pack"
  },
  {
    "Brand_Product_Size": "Munchkin Brica Dual Sight Baby Car Mirror each",
    "COL Price": 13,
    "COL ppu": "$13.00 per 1Ea",
    "COL Size": "each"
  },
  {
    "Brand_Product_Size": "Norco Mighty Cool Strawberry Flavoured Milk 250mL",
    "COL Price": 2,
    "COL ppu": "$8.00 per 1L",
    "COL Size": "250mL"
  },
  {
    "Brand_Product_Size": "Coles Frozen Roast Garlic Chicken Wing Nibbles 550g",
    "COL Price": 6.6,
    "COL ppu": "$12.00 per 1Kg",
    "COL Size": "550g"
  },
  {
    "Brand_Product_Size": "Colgate Total Multi Benefit Toothpaste 40g",
    "COL Price": 1.7,
    "COL ppu": "$4.25 per 100G",
    "COL Size": "40g"
  },
  {
    "Brand_Product_Size": "Nature's Own Triple Strength Garlic + C Horseradish Tablets 60 pack",
    "COL Price": 20,
    "COL ppu": "$0.33 per 1Ea",
    "COL Size": "60 pack"
  },
  {
    "Brand_Product_Size": "Aerogard Tropical Roll On Repellent 50mL",
    "COL Price": 6.5,
    "COL ppu": "$13.00 per 100mL",
    "COL Size": "50mL"
  },
  {
    "Brand_Product_Size": "Coles A4 Binder Book 3 pack",
    "COL Price": 4,
    "COL ppu": "$1.33 per 1Ea",
    "COL Size": "3 pack"
  },
  {
    "Brand_Product_Size": "Arnott's Scotch Finger Biscuits 250g",
    "COL Price": 3,
    "COL ppu": "$1.20 per 100G",
    "COL Size": "250g"
  },
  {
    "Brand_Product_Size": "Coles Pearl Balloons 20 pack",
    "COL Price": 3,
    "COL ppu": "$0.15 per 1Ea",
    "COL Size": "20 pack"
  },
  {
    "Brand_Product_Size": "Keep It Cleaner Bliss Balls Espresso 40g",
    "COL Price": 2.5,
    "COL ppu": "$6.25 per 100G",
    "COL Size": "40g"
  },
  {
    "Brand_Product_Size": "Nutella Go Hazelnut Spread With Cocoa Breadsticks Multipack 48g 4 pack",
    "COL Price": 9,
    "COL ppu": "$4.69 per 100G",
    "COL Size": "4 pack"
  },
  {
    "Brand_Product_Size": "Aeroplane Ready To Eat Strawberry Jelly 120g",
    "COL Price": 1.4,
    "COL ppu": "$1.17 per 100G",
    "COL Size": "120g"
  },
  {
    "Brand_Product_Size": "Coles 97% Fat Free Mayonnaise 525g",
    "COL Price": 2.6,
    "COL ppu": "$0.50 per 100G",
    "COL Size": "525g"
  },
  {
    "Brand_Product_Size": "John West Protein + Vitamin B12 Tuna Capsicum Sweetcorn Chilli & Red Kidney Bean Mix 220g",
    "COL Price": 3,
    "COL ppu": "$13.64 per 1Kg",
    "COL Size": "220g"
  },
  {
    "Brand_Product_Size": "Ambi Pur Premium Clip Aqua Car Air Freshener 7.5mL",
    "COL Price": 4.4,
    "COL ppu": "$5.87 per 10mL",
    "COL Size": "7.5mL"
  },
  {
    "Brand_Product_Size": "Uncle Toby's Oat Slice Apple & Cinnamon 140g",
    "COL Price": 5.5,
    "COL ppu": "$3.93 per 100G",
    "COL Size": "140g"
  },
  {
    "Brand_Product_Size": "Peters Gluten Free Original Neapolitan Multi Flavoured Ice Cream Tub 4L",
    "COL Price": 7.5,
    "COL ppu": "$1.88 per 1L",
    "COL Size": "4L"
  },
  {
    "Brand_Product_Size": "Olina's Bakehouse No Gluten Seeded Ancient Grains Crackers 100g",
    "COL Price": 5,
    "COL ppu": "$5.00 per 100G",
    "COL Size": "100g"
  },
  {
    "Brand_Product_Size": "Schwarzkopf Brilliance Venetian Sunset Intense Colour Creme 1 pack",
    "COL Price": 14.4,
    "COL ppu": "$14.40 per 1Ea",
    "COL Size": "1 pack"
  },
  {
    "Brand_Product_Size": "Tresemme Botanique Restore & Shine Shampoo 675mL",
    "COL Price": 9,
    "COL ppu": "$1.33 per 100mL",
    "COL Size": "675mL"
  },
  {
    "Brand_Product_Size": "Sirena Lemon & Pepper Tuna 95g",
    "COL Price": 2.7,
    "COL ppu": "$28.42 per 1Kg",
    "COL Size": "95g"
  },
  {
    "Brand_Product_Size": "Kantong Honey Soy And Garlic Cooking Sauce 175g",
    "COL Price": 2.9,
    "COL ppu": "$1.66 per 100G",
    "COL Size": "175g"
  },
  {
    "Brand_Product_Size": "MasterFoods Chow Mein Recipe Base 175g",
    "COL Price": 2.2,
    "COL ppu": "$1.26 per 100G",
    "COL Size": "175g"
  },
  {
    "Brand_Product_Size": "La Zuppa Creamy Chicken & Vegetable Soup Pouch 540g",
    "COL Price": 4.4,
    "COL ppu": "$0.81 per 100G",
    "COL Size": "540g"
  },
  {
    "Brand_Product_Size": "Coles I'm Perfect Avocados 1kg",
    "COL Price": 7.9,
    "COL ppu": "$7.90 per 1Kg",
    "COL Size": "1kg"
  },
  {
    "Brand_Product_Size": "Nivea Cellular Antiage Night Cream 50mL",
    "COL Price": 28,
    "COL ppu": "$56.00 per 100mL",
    "COL Size": "50mL"
  },
  {
    "Brand_Product_Size": "L'Oreal Paris Paradise Mascara Intense Black 6.4mL",
    "COL Price": 17.5,
    "COL ppu": "$27.34 per 10mL",
    "COL Size": "6.4mL"
  },
  {
    "Brand_Product_Size": "Vege Deli Crisps Purple Sweet Potato Chips 100g",
    "COL Price": 2.75,
    "COL ppu": "$2.75 per 100G",
    "COL Size": "100g"
  },
  {
    "Brand_Product_Size": "Paldo Hot & Spicy Flavour King Noodle 110g",
    "COL Price": 2.5,
    "COL ppu": "$2.27 per 100G",
    "COL Size": "110g"
  },
  {
    "Brand_Product_Size": "Rimmel Wonder' Luxe Volume Black Mascara 11mL",
    "COL Price": 12.6,
    "COL ppu": "$11.45 per 10mL",
    "COL Size": "11mL"
  },
  {
    "Brand_Product_Size": "Coles Thawed Seafood MSC Raw Banana Prawns 5kg",
    "COL Price": 110,
    "COL ppu": "$22.00 per 1Kg",
    "COL Size": "5kg"
  },
  {
    "Brand_Product_Size": "MasterFoods Tomato & Sriracha Sauce Hot 250mL",
    "COL Price": 3,
    "COL ppu": "$1.20 per 100mL",
    "COL Size": "250mL"
  },
  {
    "Brand_Product_Size": "Violet Crumble Gluten Free Chocolate Bar 50g",
    "COL Price": 2,
    "COL ppu": "$4.00 per 100G",
    "COL Size": "50g"
  },
  {
    "Brand_Product_Size": "Sam's Frozen Pelmeni Beef Pasta 800g",
    "COL Price": 14,
    "COL ppu": "$1.75 per 100G",
    "COL Size": "800g"
  },
  {
    "Brand_Product_Size": "MasterFoods BBQ Sauce Reduced Salt & Sugar 500mL",
    "COL Price": 2.95,
    "COL ppu": "$0.59 per 100mL",
    "COL Size": "500mL"
  },
  {
    "Brand_Product_Size": "Coles Real Vegetable Stock 1L",
    "COL Price": 1.9,
    "COL ppu": "$0.19 per 100mL",
    "COL Size": "1L"
  },
  {
    "Brand_Product_Size": "Coles Tuna In Vegetable Oil 425g",
    "COL Price": 3,
    "COL ppu": "$7.06 per 1Kg",
    "COL Size": "425g"
  },
  {
    "Brand_Product_Size": "Coles Bakery Mixed Iced Ring Donut 2 pack",
    "COL Price": 3,
    "COL ppu": "$1.50 per 1Ea",
    "COL Size": "2 pack"
  },
  {
    "Brand_Product_Size": "Schwarzkopf Brilliance Violet Vision 85 Permanent Hair Colour 1 pack",
    "COL Price": 14.4,
    "COL ppu": "$14.40 per 1Ea",
    "COL Size": "1 pack"
  },
  {
    "Brand_Product_Size": "Coles Perform Portuguese Style Chicken 330g",
    "COL Price": 8,
    "COL ppu": "$2.42 per 100G",
    "COL Size": "330g"
  },
  {
    "Brand_Product_Size": "Coles Unsalted Butter 250g",
    "COL Price": 3.25,
    "COL ppu": "$1.30 per 100G",
    "COL Size": "250g"
  },
  {
    "Brand_Product_Size": "Gefen Chunk Light Tuna In Water 170g",
    "COL Price": 2.6,
    "COL ppu": "$15.29 per 1Kg",
    "COL Size": "170g"
  },
  {
    "Brand_Product_Size": "Cascade Mini Mixers Lemon, Lime & Bitters Multipack Cans 200mL 4 pack",
    "COL Price": 4.4,
    "COL ppu": "$5.50 per 1L",
    "COL Size": "4 pack"
  },
  {
    "Brand_Product_Size": "Handee Ultra White Paper Towels 3 pack",
    "COL Price": 4.4,
    "COL ppu": "$2.44 per 100Ea",
    "COL Size": "3 pack"
  },
  {
    "Brand_Product_Size": "Allen's Snakes Alive 200g",
    "COL Price": 3,
    "COL ppu": "$1.50 per 100G",
    "COL Size": "200g"
  },
  {
    "Brand_Product_Size": "Swisse Beauty Collagen Glow With Collagen Peptides Tablets 60 pack",
    "COL Price": 35,
    "COL ppu": "$58.33 per 100Ea",
    "COL Size": "60 pack"
  },
  {
    "Brand_Product_Size": "Dettol Healthy Clean Antibacterial Bathroom Cleaner Trigger Spray 500mL",
    "COL Price": 4.5,
    "COL ppu": "$0.90 per 100mL",
    "COL Size": "500mL"
  },
  {
    "Brand_Product_Size": "Nature's Gift Just Natural Gourmet Loaf Style Beef & Cheese Dog Food 100g",
    "COL Price": 1,
    "COL ppu": "$1.00 per 100G",
    "COL Size": "100g"
  },
  {
    "Brand_Product_Size": "Windex Original Glass Cleaner Trigger Spray 500mL",
    "COL Price": 4.3,
    "COL ppu": "$0.86 per 100mL",
    "COL Size": "500mL"
  },
  {
    "Brand_Product_Size": "Mount Franklin Pure Spring Water 1L 6 pack",
    "COL Price": 8.05,
    "COL ppu": "$1.34 per 1L",
    "COL Size": "6 pack"
  },
  {
    "Brand_Product_Size": "Allen's Strawberries & Cream 190g",
    "COL Price": 3,
    "COL ppu": "$1.58 per 100G",
    "COL Size": "190g"
  },
  {
    "Brand_Product_Size": "Domestos Disinfectant Bleach Toilet Cleaner Mountain Fresh 1.25L",
    "COL Price": 5.5,
    "COL ppu": "$0.44 per 100mL",
    "COL Size": "1.25L"
  },
  {
    "Brand_Product_Size": "Vegie Delights Gluten Free Nutolene 415g",
    "COL Price": 4.2,
    "COL ppu": "$1.01 per 100G",
    "COL Size": "415g"
  },
  {
    "Brand_Product_Size": "Dettol Hand Sanitizer Original 200mL",
    "COL Price": 7.5,
    "COL ppu": "$3.75 per 100mL",
    "COL Size": "200mL"
  },
  {
    "Brand_Product_Size": "Coles Pepitas 250g",
    "COL Price": 3,
    "COL ppu": "$12.00 per 1Kg",
    "COL Size": "250g"
  },
  {
    "Brand_Product_Size": "Uncle Tobys Oats Quick Sachets Breakfast Cereal Creamy Honey Big Bowl 368g",
    "COL Price": 2.5,
    "COL ppu": "$0.68 per 100G",
    "COL Size": "368g"
  },
  {
    "Brand_Product_Size": "La Famiglia Garlic Bread 400g",
    "COL Price": 4,
    "COL ppu": "$1.00 per 100G",
    "COL Size": "400g"
  },
  {
    "Brand_Product_Size": "Sharwood's Tangy Butter Chicken Cooking Sauce Pouch 250g",
    "COL Price": 3.5,
    "COL ppu": "$1.40 per 100G",
    "COL Size": "250g"
  },
  {
    "Brand_Product_Size": "Coles Meals Thai Chicken Curry With Rice 350g",
    "COL Price": 3.8,
    "COL ppu": "$1.09 per 100G",
    "COL Size": "350g"
  },
  {
    "Brand_Product_Size": "LPO Rewind Age Defence Eye Serum 15mL",
    "COL Price": 19.2,
    "COL ppu": "$128.01 per 100mL",
    "COL Size": "15mL"
  },
  {
    "Brand_Product_Size": "Daily Juice Orange Pulpy Nas 500mL",
    "COL Price": 2.3,
    "COL ppu": "$4.60 per 1L",
    "COL Size": "500mL"
  },
  {
    "Brand_Product_Size": "Peckish Sea Salt & Vinegar Rice Crackers 100g",
    "COL Price": 2.2,
    "COL ppu": "$2.20 per 100G",
    "COL Size": "100g"
  },
  {
    "Brand_Product_Size": "Coles Kitchen Chicken Tikka Bites 200g",
    "COL Price": 6,
    "COL ppu": "$3.00 per 100G",
    "COL Size": "200g"
  },
  {
    "Brand_Product_Size": "Herron Nicaway Nicotine Lozenge 4mg 72 pack",
    "COL Price": 20,
    "COL ppu": "$0.28 per 1Ea",
    "COL Size": "72 pack"
  },
  {
    "Brand_Product_Size": "Coles Blueberry Muffins 4 pack",
    "COL Price": 3.5,
    "COL ppu": "$0.88 per 1Ea",
    "COL Size": "4 pack"
  },
  {
    "Brand_Product_Size": "Birds Eye Frozen Mild Flavour Flathead Crumb 6 Pack 270g",
    "COL Price": 8,
    "COL ppu": "$29.63 per 1Kg",
    "COL Size": "270g"
  },
  {
    "Brand_Product_Size": "La Casa Del Formaggio Cheese Bocconcini 220g",
    "COL Price": 5.5,
    "COL ppu": "$25.00 per 1Kg",
    "COL Size": "220g"
  },
  {
    "Brand_Product_Size": "Patties Frozen Party Pack 30 Pieces 1.25kg",
    "COL Price": 7.75,
    "COL ppu": "$0.62 per 100G",
    "COL Size": "1.25kg"
  },
  {
    "Brand_Product_Size": "Energizer USB-C Cable 2.0 1.2M Blue 1 pack",
    "COL Price": 20,
    "COL ppu": "$20.00 per 1Ea",
    "COL Size": "1 pack"
  },
  {
    "Brand_Product_Size": "Blue Diamond Almond Breeze Chocolate Flavoured Almond Milk 1L",
    "COL Price": 2.7,
    "COL ppu": "$2.70 per 1L",
    "COL Size": "1L"
  },
  {
    "Brand_Product_Size": "Sanitarium UP&GO Liquid Breakfast Strawberry 250mL 3 pack",
    "COL Price": 4.95,
    "COL ppu": "$0.66 per 100mL",
    "COL Size": "3 pack"
  },
  {
    "Brand_Product_Size": "Nature's Way Beauty Rosehip Gummies 40 pack",
    "COL Price": 20,
    "COL ppu": "$0.50 per 1Ea",
    "COL Size": "40 pack"
  },
  {
    "Brand_Product_Size": "Urban Colour Eyeliner Liquid Black 1.2mL",
    "COL Price": 5,
    "COL ppu": "$41.67 per 10mL",
    "COL Size": "1.2mL"
  },
  {
    "Brand_Product_Size": "Coles Thawed Seafood Raw Lobster Tail each",
    "COL Price": 9,
    "COL ppu": "$9.00 per 1Ea",
    "COL Size": "each"
  },
  {
    "Brand_Product_Size": "The Complete Dairy High Protein Light Milk 1L",
    "COL Price": 2.5,
    "COL ppu": "$2.50 per 1L",
    "COL Size": "1L"
  },
  {
    "Brand_Product_Size": "Cook & Dine Large Shallow Pasta Bowl each",
    "COL Price": 4,
    "COL ppu": "$4.00 per 1Ea",
    "COL Size": "each"
  },
  {
    "Brand_Product_Size": "Daley Street Medium/Dark Coffee Capsules 10 pack",
    "COL Price": 4,
    "COL ppu": "",
    "COL Size": "10 pack"
  },
  {
    "Brand_Product_Size": "Metamucil Orange Smooth Daily Fibre Supplement 48 Doses 283g",
    "COL Price": 16,
    "COL ppu": "$5.65 per 100G",
    "COL Size": "283g"
  },
  {
    "Brand_Product_Size": "Coles Malted Milk Drink 500g",
    "COL Price": 7,
    "COL ppu": "$1.40 per 100G",
    "COL Size": "500g"
  },
  {
    "Brand_Product_Size": "Peckish Fancies Jalapeno Chilli & Cheddar Rice Crackers 90g",
    "COL Price": 1.4,
    "COL ppu": "$1.56 per 100G",
    "COL Size": "90g"
  },
  {
    "Brand_Product_Size": "Golden Circle Orange Fruit Drink Multipack 250mL 6 pack",
    "COL Price": 4.5,
    "COL ppu": "$0.75 per 1Ea",
    "COL Size": "6 pack"
  },
  {
    "Brand_Product_Size": "Coca-Cola Diet Coke Multipack Cans 375mL 10 pack",
    "COL Price": 13.02,
    "COL ppu": "$3.47 per 1L",
    "COL Size": "10 pack"
  },
  {
    "Brand_Product_Size": "Nestle Nesquik Cereal 650g",
    "COL Price": 7.5,
    "COL ppu": "$1.15 per 100G",
    "COL Size": "650g"
  },
  {
    "Brand_Product_Size": "Coles Beer Flavoured Dijon Mustard 200 gram",
    "COL Price": 2,
    "COL ppu": "",
    "COL Size": "200 gram"
  },
  {
    "Brand_Product_Size": "Freedom Foods Messy Monkeys Gluten Free Banana Flavour Cereal 220g",
    "COL Price": 4,
    "COL ppu": "$1.82 per 100G",
    "COL Size": "220g"
  },
  {
    "Brand_Product_Size": "MasterFoods All Purpose Spicy Seasoning 190g",
    "COL Price": 5.3,
    "COL ppu": "$0.28 per 10G",
    "COL Size": "190g"
  },
  {
    "Brand_Product_Size": "Mortein Citronella Outdoor Candle 150g",
    "COL Price": 8.35,
    "COL ppu": "$5.57 per 100G",
    "COL Size": "150g"
  },
  {
    "Brand_Product_Size": "Prize Medal Oatmeal Toilet Soap 5 pack",
    "COL Price": 3.4,
    "COL ppu": "$0.76 per 100G",
    "COL Size": "5 pack"
  },
  {
    "Brand_Product_Size": "Coles Finest Traditional Lavosh With Lemon Myrtle And Cracked Pepper 100g",
    "COL Price": 4,
    "COL ppu": "$4.00 per 100G",
    "COL Size": "100g"
  },
  {
    "Brand_Product_Size": "Coles Deli Thawed Cooked Jumbo Black Tiger Prawn approx.250g",
    "COL Price": 9.25,
    "COL ppu": "$37.00 per 1Kg",
    "COL Size": "approx.250g"
  },
  {
    "Brand_Product_Size": "Streets Magnum White Ice Cream Tub 440mL",
    "COL Price": 9,
    "COL ppu": "$2.05 per 100mL",
    "COL Size": "440mL"
  },
  {
    "Brand_Product_Size": "Thins Original Potato Chips 175g",
    "COL Price": 3.5,
    "COL ppu": "$2.00 per 100G",
    "COL Size": "175g"
  },
  {
    "Brand_Product_Size": "Ayam Teriyaki Sauce 210mL",
    "COL Price": 3.5,
    "COL ppu": "$1.67 per 100mL",
    "COL Size": "210mL"
  },
  {
    "Brand_Product_Size": "Coles Kitchen Mixed Asian Vegetables 300g",
    "COL Price": 4,
    "COL ppu": "$13.33 per 1Kg",
    "COL Size": "300g"
  },
  {
    "Brand_Product_Size": "Cottee's Plum Jam 500g",
    "COL Price": 2.8,
    "COL ppu": "$0.56 per 100G",
    "COL Size": "500g"
  },
  {
    "Brand_Product_Size": "Garnier Youth Radiance Regenerating Night Cream 50mL",
    "COL Price": 13.95,
    "COL ppu": "$27.90 per 100mL",
    "COL Size": "50mL"
  },
  {
    "Brand_Product_Size": "Natures Commonscents Goats Milk & Paw Paw Soap Bar 100g",
    "COL Price": 2,
    "COL ppu": "$2.00 per 100G",
    "COL Size": "100g"
  },
  {
    "Brand_Product_Size": "Lindt Lindor Assorted Chocolate Balls Gift Box 235g",
    "COL Price": 20,
    "COL ppu": "$8.51 per 100G",
    "COL Size": "235g"
  },
  {
    "Brand_Product_Size": "Koo Guava Halves In Syrup 410g",
    "COL Price": 4,
    "COL ppu": "$0.98 per 100G",
    "COL Size": "410g"
  },
  {
    "Brand_Product_Size": "Always Fresh Sicilian Olives Pitted 230g",
    "COL Price": 3.3,
    "COL ppu": "$14.35 per 1Kg",
    "COL Size": "230g"
  },
  {
    "Brand_Product_Size": "Bega Stringers Original Cheese 8 pack 160g",
    "COL Price": 5.5,
    "COL ppu": "$3.44 per 100G",
    "COL Size": "160g"
  },
  {
    "Brand_Product_Size": "Coles Baby White Potatoes Prepacked 1kg",
    "COL Price": 3.5,
    "COL ppu": "$3.50 per 1Kg",
    "COL Size": "1kg"
  },
  {
    "Brand_Product_Size": "Coles Pink Himalayan Salt Grinder 103g",
    "COL Price": 2.95,
    "COL ppu": "$0.29 per 10G",
    "COL Size": "103g"
  },
  {
    "Brand_Product_Size": "Pri Vayerek Cucumbers in Brine 560g",
    "COL Price": 4.4,
    "COL ppu": "$7.86 per 1Kg",
    "COL Size": "560g"
  },
  {
    "Brand_Product_Size": "Chicken Tonight Pub Favourites Chicken Tacos 500g",
    "COL Price": 2.5,
    "COL ppu": "$0.50 per 100G",
    "COL Size": "500g"
  },
  {
    "Brand_Product_Size": "Coles English Sliced Ham 400g",
    "COL Price": 5.5,
    "COL ppu": "$13.75 per 1Kg",
    "COL Size": "400g"
  },
  {
    "Brand_Product_Size": "Dorsonga Cacciatora Hot 225g",
    "COL Price": 6.6,
    "COL ppu": "$29.33 per 1Kg",
    "COL Size": "225g"
  },
  {
    "Brand_Product_Size": "Aveeno Daily Moisturising Body Lotion 1L",
    "COL Price": 26,
    "COL ppu": "$2.60 per 100mL",
    "COL Size": "1L"
  },
  {
    "Brand_Product_Size": "Streets Magnum Classic Mini Ice Cream Sticks 6 Pack 360mL",
    "COL Price": 4.5,
    "COL ppu": "$1.25 per 100mL",
    "COL Size": "360mL"
  },
  {
    "Brand_Product_Size": "Supercoat Chicken Dry Adult Dog Food 7.5kg",
    "COL Price": 29,
    "COL ppu": "$3.87 per 1Kg",
    "COL Size": "7.5kg"
  },
  {
    "Brand_Product_Size": "Coles Asian Baby Buk Choy 1 bunch",
    "COL Price": 2.5,
    "COL ppu": "$2.50 per 1Ea",
    "COL Size": "1 bunch"
  },
  {
    "Brand_Product_Size": "Gatorade Lemon & Lime Sports Drink 1L",
    "COL Price": 2.5,
    "COL ppu": "$2.50 per 1L",
    "COL Size": "1L"
  },
  {
    "Brand_Product_Size": "Mr Kipling Cherry & Almond Bakewells Tarts 6 pack 250g",
    "COL Price": 4,
    "COL ppu": "$16.00 per 1Kg",
    "COL Size": "250g"
  },
  {
    "Brand_Product_Size": "Bulla Crme Fraiche 200g",
    "COL Price": 4.2,
    "COL ppu": "$2.10 per 100G",
    "COL Size": "200g"
  },
  {
    "Brand_Product_Size": "Coles Banana Custard Pouch 90g",
    "COL Price": 0.95,
    "COL ppu": "$1.06 per 100G",
    "COL Size": "90g"
  },
  {
    "Brand_Product_Size": "Palmolive Luminous Oils Moroccan Argan Oil & Camellia Conditioner 700mL",
    "COL Price": 9,
    "COL ppu": "$1.29 per 100mL",
    "COL Size": "700mL"
  },
  {
    "Brand_Product_Size": "Coles Extra Pads Super With Wings 14 pack",
    "COL Price": 1.8,
    "COL ppu": "$0.13 per 1Ea",
    "COL Size": "14 pack"
  },
  {
    "Brand_Product_Size": "Bulla Splits Raspberry Ice Cream Sticks 10 pack 750mL",
    "COL Price": 7,
    "COL ppu": "$0.93 per 100mL",
    "COL Size": "750mL"
  },
  {
    "Brand_Product_Size": "Schick Hydro Sensitive Shave Gel 236g",
    "COL Price": 3,
    "COL ppu": "$1.27 per 100G",
    "COL Size": "236g"
  },
  {
    "Brand_Product_Size": "Palmolive Shea Butter Shower Gel 500mL",
    "COL Price": 3.78,
    "COL ppu": "$0.76 per 100mL",
    "COL Size": "500mL"
  },
  {
    "Brand_Product_Size": "Eatrite Chia & Quinoa Brown Rice Crackers 100g",
    "COL Price": 1.85,
    "COL ppu": "$1.85 per 100G",
    "COL Size": "100g"
  },
  {
    "Brand_Product_Size": "Sprite Lemon-Lime Flavour Multipack Cans 375mL 24 pack",
    "COL Price": 16.17,
    "COL ppu": "$1.80 per 1L",
    "COL Size": "24 pack"
  },
  {
    "Brand_Product_Size": "Air Wick Vanilla & Cashmere Essential Oil Fragmatic Spray 174g",
    "COL Price": 15,
    "COL ppu": "$8.62 per 100G",
    "COL Size": "174g"
  },
  {
    "Brand_Product_Size": "Coles Fresh Seafood Cooked Black Tiger Prawns each",
    "COL Price": 60,
    "COL ppu": "$60.00 per 1Ea",
    "COL Size": "each"
  },
  {
    "Brand_Product_Size": "Coles Choc Sprinkles 250g",
    "COL Price": 4.5,
    "COL ppu": "$0.18 per 10G",
    "COL Size": "250g"
  },
  {
    "Brand_Product_Size": "Lavazza Qualita Rossa Coffee Beans 1kg",
    "COL Price": 22,
    "COL ppu": "$2.20 per 100G",
    "COL Size": "1kg"
  },
  {
    "Brand_Product_Size": "Kinder Chocolate 4 Treat Pack 50g",
    "COL Price": 2,
    "COL ppu": "$4.00 per 100G",
    "COL Size": "50g"
  },
  {
    "Brand_Product_Size": "Vegeta Gluten Free Real Gourmet Stock Powder Canned 250g",
    "COL Price": 2.5,
    "COL ppu": "$1.00 per 100G",
    "COL Size": "250g"
  },
  {
    "Brand_Product_Size": "Coles Skin On Southern Blue Whiting Fillets 1kg",
    "COL Price": 12,
    "COL ppu": "$12.00 per 1Kg",
    "COL Size": "1kg"
  },
  {
    "Brand_Product_Size": "Fehlbergs Sliced Pickled Jalapenos 470g",
    "COL Price": 3.65,
    "COL ppu": "$7.30 per 1Kg",
    "COL Size": "470g"
  },
  {
    "Brand_Product_Size": "Glico Pocky Green Tea Matcha Biscuit Sticks 35g",
    "COL Price": 1.8,
    "COL ppu": "$5.14 per 100G",
    "COL Size": "35g"
  },
  {
    "Brand_Product_Size": "Coles Macadamias 80g",
    "COL Price": 3.35,
    "COL ppu": "$41.88 per 1Kg",
    "COL Size": "80g"
  },
  {
    "Brand_Product_Size": "Jesses Bakery Dark Rye Seeded Bread 800g",
    "COL Price": 6.5,
    "COL ppu": "$0.81 per 100G",
    "COL Size": "800g"
  },
  {
    "Brand_Product_Size": "Colgate Triple Action Toothpaste 160g",
    "COL Price": 3,
    "COL ppu": "$1.88 per 100G",
    "COL Size": "160g"
  },
  {
    "Brand_Product_Size": "Coles I'mperfect Limes 1kg",
    "COL Price": 8,
    "COL ppu": "$8.00 per 1Kg",
    "COL Size": "1kg"
  },
  {
    "Brand_Product_Size": "Primo Gluten Free Thinly Sliced Pastrami Beef 80g",
    "COL Price": 3.25,
    "COL ppu": "$4.06 per 100G",
    "COL Size": "80g"
  },
  {
    "Brand_Product_Size": "Ambi Pur Premium Clip Vanilla Voyage Car Air Freshener Refill 7.5mL",
    "COL Price": 5,
    "COL ppu": "$6.67 per 10mL",
    "COL Size": "7.5mL"
  },
  {
    "Brand_Product_Size": "Keep It Cleaner Protein Bar Cashew Cookie 40g",
    "COL Price": 3,
    "COL ppu": "$7.50 per 100G",
    "COL Size": "40g"
  },
  {
    "Brand_Product_Size": "Natures Commonscents Goats Milk Soap 100g",
    "COL Price": 2,
    "COL ppu": "$2.00 per 100G",
    "COL Size": "100g"
  },
  {
    "Brand_Product_Size": "Berringa Australian Pure & Natural Honeycomb 200g",
    "COL Price": 13.45,
    "COL ppu": "$6.73 per 100G",
    "COL Size": "200g"
  },
  {
    "Brand_Product_Size": "The Juice Brothers Orange 500mL",
    "COL Price": 2.75,
    "COL ppu": "$5.50 per 1L",
    "COL Size": "500mL"
  },
  {
    "Brand_Product_Size": "Coles Emery Boards 10 pack",
    "COL Price": 2.25,
    "COL ppu": "$0.23 per 1Ea",
    "COL Size": "10 pack"
  },
  {
    "Brand_Product_Size": "Meiji Hello Panda Chocolate Biscuits 50g",
    "COL Price": 1.8,
    "COL ppu": "$3.60 per 100G",
    "COL Size": "50g"
  },
  {
    "Brand_Product_Size": "Coles Ultimate Choc Chip Cookie Baking Mix 500g",
    "COL Price": 4,
    "COL ppu": "$0.80 per 100G",
    "COL Size": "500g"
  },
  {
    "Brand_Product_Size": "L'Oreal Age Perfect Cell Renewal Night Cream 50mL",
    "COL Price": 31.5,
    "COL ppu": "$63.00 per 100mL",
    "COL Size": "50mL"
  },
  {
    "Brand_Product_Size": "Uncle Tobys Chewy Muesli Bars White Choc Chip 6 Pack 185g",
    "COL Price": 2.15,
    "COL ppu": "$1.16 per 100G",
    "COL Size": "185g"
  },
  {
    "Brand_Product_Size": "Mentos Mint 37.5g",
    "COL Price": 1.4,
    "COL ppu": "$3.73 per 100G",
    "COL Size": "37.5g"
  },
  {
    "Brand_Product_Size": "Coles Free Range Pork Belly Slices 400g",
    "COL Price": 11,
    "COL ppu": "$2.75 per 100G",
    "COL Size": "400g"
  },
  {
    "Brand_Product_Size": "San Remo La Pasta Single Snack Alfredo Pasta & Sauce 80g",
    "COL Price": 1,
    "COL ppu": "$1.25 per 100G",
    "COL Size": "80g"
  },
  {
    "Brand_Product_Size": "Coles Multipurpose Cleaner Berry Burst 750mL",
    "COL Price": 1.8,
    "COL ppu": "$0.24 per 100mL",
    "COL Size": "750mL"
  },
  {
    "Brand_Product_Size": "Toshiba USB 2.0 SM02 16GB 3 pack",
    "COL Price": 27.2,
    "COL ppu": "$9.07 per 1Ea",
    "COL Size": "3 pack"
  },
  {
    "Brand_Product_Size": "Nature's Way Super Foods Collagen + Turmeric 71g 60 pack",
    "COL Price": 20,
    "COL ppu": "$0.33 per 1Ea",
    "COL Size": "60 pack"
  },
  {
    "Brand_Product_Size": "Uncle Tobys Chewy Muesli Bars Lunchbox Favourites Value 12 Pack 375g",
    "COL Price": 5,
    "COL ppu": "$1.33 per 100G",
    "COL Size": "375g"
  },
  {
    "Brand_Product_Size": "Diet Rite Fruit Cocktail Cordial 1L",
    "COL Price": 3,
    "COL ppu": "$3.00 per 1L",
    "COL Size": "1L"
  },
  {
    "Brand_Product_Size": "Ayam Hawker Market Indonesian Mee Goreng Sauce 205g",
    "COL Price": 1.75,
    "COL ppu": "$0.85 per 100G",
    "COL Size": "205g"
  },
  {
    "Brand_Product_Size": "David Beckham Inspired By Respect 150mL",
    "COL Price": 8,
    "COL ppu": "$5.33 per 100mL",
    "COL Size": "150mL"
  },
  {
    "Brand_Product_Size": "Coles Continental Cucumber each",
    "COL Price": 1.9,
    "COL ppu": "$1.90 per 1Ea",
    "COL Size": "each"
  },
  {
    "Brand_Product_Size": "Guylian Belgian Chocolate Sea Shells 6 pack",
    "COL Price": 4.2,
    "COL ppu": "$6.46 per 100G",
    "COL Size": "6 pack"
  },
  {
    "Brand_Product_Size": "Coles Pouch Meat Variety Cat Food 12 pack",
    "COL Price": 5.4,
    "COL ppu": "$0.53 per 100G",
    "COL Size": "12 pack"
  },
  {
    "Brand_Product_Size": "Nestle Carnation Light & Creamy Evaporated Milk 340mL",
    "COL Price": 2.5,
    "COL ppu": "$7.35 per 1L",
    "COL Size": "340mL"
  },
  {
    "Brand_Product_Size": "Sara Lee Blueberry Danish 400g",
    "COL Price": 5,
    "COL ppu": "$1.25 per 100G",
    "COL Size": "400g"
  },
  {
    "Brand_Product_Size": "Coles Kitchen Special Fried Rice 350g",
    "COL Price": 6.5,
    "COL ppu": "$1.86 per 100G",
    "COL Size": "350g"
  },
  {
    "Brand_Product_Size": "Plantry Frozen Meal Spaghetti Bolognese 350g",
    "COL Price": 6,
    "COL ppu": "$1.71 per 100G",
    "COL Size": "350g"
  },
  {
    "Brand_Product_Size": "Activia Probiotic Strawberry Yoghurt 4 pack 125g",
    "COL Price": 3.5,
    "COL ppu": "$2.80 per 100G",
    "COL Size": "125g"
  },
  {
    "Brand_Product_Size": "Jarlsberg Original Cheese Block 500g",
    "COL Price": 11.5,
    "COL ppu": "$23.00 per 1Kg",
    "COL Size": "500g"
  },
  {
    "Brand_Product_Size": "Valley Produce Co. Vegetable Flatbread  Beetroot Artisan Crackers 130g",
    "COL Price": 4.9,
    "COL ppu": "$3.77 per 100G",
    "COL Size": "130g"
  },
  {
    "Brand_Product_Size": "Purina Total Care Cat Treatment Heartwormer All Wormer Flea Control 1 pack",
    "COL Price": 19,
    "COL ppu": "$19.00 per 1Ea",
    "COL Size": "1 pack"
  },
  {
    "Brand_Product_Size": "Kynd Collagen Forte Sachets 10 pack",
    "COL Price": 15,
    "COL ppu": "",
    "COL Size": "10 pack"
  },
  {
    "Brand_Product_Size": "Table Of Plenty Muesli Probiotics + Healthy Gut 400g",
    "COL Price": 7.2,
    "COL ppu": "$1.80 per 100G",
    "COL Size": "400g"
  },
  {
    "Brand_Product_Size": "Colgin Original Liquid Smoke 118mL",
    "COL Price": 5.4,
    "COL ppu": "$4.58 per 100mL",
    "COL Size": "118mL"
  },
  {
    "Brand_Product_Size": "Schweppes Traditional Raspberry Flavour Multipack Cans 375mL 10 pack",
    "COL Price": 7.5,
    "COL ppu": "$2.00 per 1L",
    "COL Size": "10 pack"
  },
  {
    "Brand_Product_Size": "Streets Magnum Luxe Ruby Raspberry 4 pack 360mL",
    "COL Price": 10.5,
    "COL ppu": "$2.92 per 100mL",
    "COL Size": "360mL"
  },
  {
    "Brand_Product_Size": "Coles Sweetcorn & Mayonnaise Tuna 95g",
    "COL Price": 0.9,
    "COL ppu": "$9.47 per 1Kg",
    "COL Size": "95g"
  },
  {
    "Brand_Product_Size": "Coles Kent Pumpkin Cut approx. 900g each",
    "COL Price": 1.35,
    "COL ppu": "$1.50 per 1Kg",
    "COL Size": "approx. 900g each"
  },
  {
    "Brand_Product_Size": "Selleys Fix 'N' Go Supa Glue 3mL",
    "COL Price": 2.42,
    "COL ppu": "$2.42 per 1ea",
    "COL Size": "3mL"
  },
  {
    "Brand_Product_Size": "Ice Break Regular Strength Iced Coffee 500mL",
    "COL Price": 3.35,
    "COL ppu": "$6.70 per 1L",
    "COL Size": "500mL"
  },
  {
    "Brand_Product_Size": "Aloe Vera of Australia Plain Natural Juice 1L",
    "COL Price": 12.4,
    "COL ppu": "$12.40 per 1L",
    "COL Size": "1L"
  },
  {
    "Brand_Product_Size": "Arnott's Scotch Finger Minis Biscuits 8 pack 200g",
    "COL Price": 3,
    "COL ppu": "$1.50 per 100G",
    "COL Size": "200g"
  },
  {
    "Brand_Product_Size": "Waxworks Citronella Pie Dish Candle each",
    "COL Price": 5,
    "COL ppu": "$5.00 per 1Ea",
    "COL Size": "each"
  },
  {
    "Brand_Product_Size": "Taylors Of Harrogate Yorkshire Tea Proper Strong 100 pack",
    "COL Price": 6,
    "COL ppu": "$6.00 per 100G",
    "COL Size": "100 pack"
  },
  {
    "Brand_Product_Size": "CSR Caster Sugar 1kg",
    "COL Price": 2.5,
    "COL ppu": "$0.25 per 100G",
    "COL Size": "1kg"
  },
  {
    "Brand_Product_Size": "Maggie Beer Pheasant Farm Pate 120g",
    "COL Price": 6,
    "COL ppu": "$5.00 per 100G",
    "COL Size": "120g"
  },
  {
    "Brand_Product_Size": "Sauers Rye Aroma Sourdough 600g",
    "COL Price": 4.75,
    "COL ppu": "$0.79 per 100G",
    "COL Size": "600g"
  },
  {
    "Brand_Product_Size": "Birds Eye Snap Frozen Sliced Green Beans 1kg",
    "COL Price": 3.7,
    "COL ppu": "$3.70 per 1Kg",
    "COL Size": "1kg"
  },
  {
    "Brand_Product_Size": "Wik Dripping 500g",
    "COL Price": 2.6,
    "COL ppu": "$0.52 per 100G",
    "COL Size": "500g"
  },
  {
    "Brand_Product_Size": "Eskal Deli Oil Free Italian Dressing 300mL",
    "COL Price": 5.8,
    "COL ppu": "$1.93 per 100mL",
    "COL Size": "300mL"
  },
  {
    "Brand_Product_Size": "Yehuda Original Gefilte Fish 680g",
    "COL Price": 12.5,
    "COL ppu": "$18.38 per 1Kg",
    "COL Size": "680g"
  },
  {
    "Brand_Product_Size": "Ambi Pur Premium Clip Vanilla Voyager Car Air Freshener 7.5mL",
    "COL Price": 4.4,
    "COL ppu": "$5.87 per 10mL",
    "COL Size": "7.5mL"
  },
  {
    "Brand_Product_Size": "Thankyou Lemon & Lime Sanitizer 50mL",
    "COL Price": 2.45,
    "COL ppu": "$4.90 per 100mL",
    "COL Size": "50mL"
  },
  {
    "Brand_Product_Size": "Talon Rat Mouse Bait Wax Blocks 72g",
    "COL Price": 6.1,
    "COL ppu": "$8.47 per 100G",
    "COL Size": "72g"
  },
  {
    "Brand_Product_Size": "Bob & Pete's Turkish Pide Bread 430g",
    "COL Price": 4.4,
    "COL ppu": "$1.02 per 100G",
    "COL Size": "430g"
  },
  {
    "Brand_Product_Size": "Appletiser Sparkling Apple Juice Bottle 750mL",
    "COL Price": 3.15,
    "COL ppu": "$4.20 per 1L",
    "COL Size": "750mL"
  },
  {
    "Brand_Product_Size": "Marbig Colourhide Notebook A5 Assorted 200 page",
    "COL Price": 6.9,
    "COL ppu": "",
    "COL Size": "200 page"
  },
  {
    "Brand_Product_Size": "Bonds Salt N Pepper Leggings Small/ Medium 1 pack",
    "COL Price": 16,
    "COL ppu": "$16.00 per 1Ea",
    "COL Size": "1 pack"
  },
  {
    "Brand_Product_Size": "MasterFoods Schnitzel Mix Classic 80g",
    "COL Price": 2.5,
    "COL ppu": "$31.25 per 1KG",
    "COL Size": "80g"
  },
  {
    "Brand_Product_Size": "L'Oreal Paris Le Liner Signature Black Noir 0.28g",
    "COL Price": 17.5,
    "COL ppu": "$625.00 per 10G",
    "COL Size": "0.28g"
  },
  {
    "Brand_Product_Size": "Coles Beef T Bone Steak approx. 748g",
    "COL Price": 20.196,
    "COL ppu": "$27.00 per 1Kg",
    "COL Size": "approx. 748g"
  },
  {
    "Brand_Product_Size": "Coles Finest Angus Beef Eye Fillet Steak approx. 256g pack",
    "COL Price": 16.896,
    "COL ppu": "$66.00 per 1Kg",
    "COL Size": "approx. 256g pack"
  },
  {
    "Brand_Product_Size": "Harpic Platinum Pro Shield Marine Explosion Liquid Toilet Cleaner 500mL",
    "COL Price": 5,
    "COL ppu": "$1.00 per 100mL",
    "COL Size": "500mL"
  },
  {
    "Brand_Product_Size": "Coles Pva Craft Glue 250mL",
    "COL Price": 4.5,
    "COL ppu": "$1.80 per 100G",
    "COL Size": "250mL"
  },
  {
    "Brand_Product_Size": "Nescafe Coffee Sachets Caramel 26 pack",
    "COL Price": 11,
    "COL ppu": "$0.42 per 1Ea",
    "COL Size": "26 pack"
  },
  {
    "Brand_Product_Size": "Schwarzkopf Live Colour Ultra Brights Metallic Rose Gold 1 pack",
    "COL Price": 5.5,
    "COL ppu": "$5.50 per 1Ea",
    "COL Size": "1 pack"
  },
  {
    "Brand_Product_Size": "Cadbury Marvellous Creations Jelly Popping Candy Beanies Chocolate Bar 50g",
    "COL Price": 1,
    "COL ppu": "$2.00 per 100G",
    "COL Size": "50g"
  },
  {
    "Brand_Product_Size": "Coles Bakery Mixed Cookie Tray 24 pack",
    "COL Price": 5,
    "COL ppu": "$0.21 per 1Ea",
    "COL Size": "24 pack"
  },
  {
    "Brand_Product_Size": "M&M's Chocolate Party Share Bag Medium 12 Piece Pack 162g",
    "COL Price": 5,
    "COL ppu": "$3.09 per 100G",
    "COL Size": "162g"
  },
  {
    "Brand_Product_Size": "Tempo Smooth & Milky Chocolate Flavoured Milk 500mL",
    "COL Price": 3,
    "COL ppu": "$6.00 per 1L",
    "COL Size": "500mL"
  },
  {
    "Brand_Product_Size": "Fantastic Hokkien Noodles 450g",
    "COL Price": 2.65,
    "COL ppu": "$0.59 per 100G",
    "COL Size": "450g"
  },
  {
    "Brand_Product_Size": "Korbond White Hat Elastic each",
    "COL Price": 2.5,
    "COL ppu": "$2.50 per 1ea",
    "COL Size": "each"
  },
  {
    "Brand_Product_Size": "Cook & Dine Grater each",
    "COL Price": 6,
    "COL ppu": "$6.00 per 1Ea",
    "COL Size": "each"
  },
  {
    "Brand_Product_Size": "Coles Whole Plums In Juice 695g",
    "COL Price": 3.5,
    "COL ppu": "$0.50 per 100G",
    "COL Size": "695g"
  },
  {
    "Brand_Product_Size": "Hawaiian Tropic Sunless Tan Foam Dark 200mL",
    "COL Price": 19,
    "COL ppu": "$9.50 per 100mL",
    "COL Size": "200mL"
  },
  {
    "Brand_Product_Size": "Fry's Frozen Meat Free Sausage Rolls 4 Pieces 400g",
    "COL Price": 4.8,
    "COL ppu": "$1.20 per 100G",
    "COL Size": "400g"
  },
  {
    "Brand_Product_Size": "Vegemite 40% Salt Reduced 440g",
    "COL Price": 8.2,
    "COL ppu": "$1.86 per 100G",
    "COL Size": "440g"
  },
  {
    "Brand_Product_Size": "Heinz Pureed Fruity Apples 4+ Months Glass Jar 110g",
    "COL Price": 1,
    "COL ppu": "$0.91 per 100G",
    "COL Size": "110g"
  },
  {
    "Brand_Product_Size": "Whiskas 1+ Years So Fishy Recipe Ocean Platter In Jelly Cat Food 85g 24 pack",
    "COL Price": 19.8,
    "COL ppu": "$0.97 per 100G",
    "COL Size": "24 pack"
  },
  {
    "Brand_Product_Size": "Coles Microgreens Rocket each",
    "COL Price": 3,
    "COL ppu": "$3.00 per 1Ea",
    "COL Size": "each"
  },
  {
    "Brand_Product_Size": "Darrell Lea Raspberry Liquorice Block 180g",
    "COL Price": 3,
    "COL ppu": "$1.67 per 100G",
    "COL Size": "180g"
  },
  {
    "Brand_Product_Size": "Magic Washing Machine Deep Cleaner 500g",
    "COL Price": 12.6,
    "COL ppu": "$25.20 per 1Kg",
    "COL Size": "500g"
  },
  {
    "Brand_Product_Size": "Coles Kitchen Beef Massaman Curry With Rice 350g",
    "COL Price": 6.5,
    "COL ppu": "$1.86 per 100G",
    "COL Size": "350g"
  },
  {
    "Brand_Product_Size": "Clairol Nice N Easy Repair 8A Medium Ash Blonde Hair Colour 177mL",
    "COL Price": 11,
    "COL ppu": "$6.21 per 100mL",
    "COL Size": "177mL"
  },
  {
    "Brand_Product_Size": "Coles Pies & Sausage Rolls 30 Pack 1.25kg",
    "COL Price": 9.8,
    "COL ppu": "$7.84 per 1Kg",
    "COL Size": "1.25kg"
  },
  {
    "Brand_Product_Size": "Mother's Day Ceramic Travel Mug each",
    "COL Price": 7,
    "COL ppu": "$7.00 per 1Ea",
    "COL Size": "each"
  },
  {
    "Brand_Product_Size": "Higher Living Organic Peppermint & Licorice Tea Bags 15 pack 22g",
    "COL Price": 2.95,
    "COL ppu": "$0.20 per 1Ea",
    "COL Size": "22g"
  },
  {
    "Brand_Product_Size": "Nivea Men Black & White Invisible Fresh Roll On Antiperspirant Deodorant 50mL",
    "COL Price": 3.5,
    "COL ppu": "$7.00 per 100mL",
    "COL Size": "50mL"
  },
  {
    "Brand_Product_Size": "Rimmel Stay Matte Silky Beige Pressed Powder 14g",
    "COL Price": 7.2,
    "COL ppu": "$5.14 per 10G",
    "COL Size": "14g"
  },
  {
    "Brand_Product_Size": "Sukin Sensitive Micellar Shampoo 1L",
    "COL Price": 28,
    "COL ppu": "$28.00 per 1L",
    "COL Size": "1L"
  },
  {
    "Brand_Product_Size": "Freedom Foods Heritage Mill Maple Date Toasted Muesli 1kg",
    "COL Price": 7,
    "COL ppu": "$0.70 per 100G",
    "COL Size": "1kg"
  },
  {
    "Brand_Product_Size": "Skittles Fruits Lollies Party Share Bag 180g",
    "COL Price": 5,
    "COL ppu": "$2.78 per 100G",
    "COL Size": "180g"
  },
  {
    "Brand_Product_Size": "Yumi's Real-Whole Egg Mayonnaise 720g",
    "COL Price": 5,
    "COL ppu": "$0.69 per 100G",
    "COL Size": "720g"
  },
  {
    "Brand_Product_Size": "Snickers Crisper Ice Cream Bar 207mL",
    "COL Price": 8.5,
    "COL ppu": "$4.11 per 100mL",
    "COL Size": "207mL"
  },
  {
    "Brand_Product_Size": "Golden Circle Pear Apple & Raspberry Juice 2L",
    "COL Price": 3,
    "COL ppu": "$1.50 per 1L",
    "COL Size": "2L"
  },
  {
    "Brand_Product_Size": "Bosisto's Eucalyptus Spray 200g",
    "COL Price": 10,
    "COL ppu": "$5.00 per 100G",
    "COL Size": "200g"
  },
  {
    "Brand_Product_Size": "Kleenex Anti-Bacterial Wet Wipes Facial Tissue 15 pack",
    "COL Price": 2.2,
    "COL ppu": "$0.15 per 1Ea",
    "COL Size": "15 pack"
  },
  {
    "Brand_Product_Size": "Pureharvest Organic Apple & Pear Juice Bottle 1L",
    "COL Price": 4,
    "COL ppu": "$4.00 per 1L",
    "COL Size": "1L"
  },
  {
    "Brand_Product_Size": "Laxettes Laxative Tablets With Senna 50 pack",
    "COL Price": 5.3,
    "COL ppu": "$0.11 per 1Ea",
    "COL Size": "50 pack"
  },
  {
    "Brand_Product_Size": "Jumpy's Crunchy Potato Chips 10 Pack 180g",
    "COL Price": 5.2,
    "COL ppu": "$2.89 per 100G",
    "COL Size": "180g"
  },
  {
    "Brand_Product_Size": "Hanabi Frozen Surimi Fish Balls 500g",
    "COL Price": 4,
    "COL ppu": "$0.80 per 100G",
    "COL Size": "500g"
  },
  {
    "Brand_Product_Size": "Don Dairy Strasburg Knob 500g",
    "COL Price": 6.9,
    "COL ppu": "$13.80 per 1Kg",
    "COL Size": "500g"
  },
  {
    "Brand_Product_Size": "Polident Denture Adhesive Cream Flavour Free 60g",
    "COL Price": 11.5,
    "COL ppu": "$19.17 per 100G",
    "COL Size": "60g"
  },
  {
    "Brand_Product_Size": "John West Tempters Tuna Chunks in Springwater 95g",
    "COL Price": 2.3,
    "COL ppu": "$24.21 per 1Kg",
    "COL Size": "95g"
  },
  {
    "Brand_Product_Size": "Bostik Blu Glue Stik 35g each",
    "COL Price": 3.5,
    "COL ppu": "",
    "COL Size": "each"
  },
  {
    "Brand_Product_Size": "Cook & Dine Tumblers 4 pack",
    "COL Price": 4,
    "COL ppu": "$1.00 per 1Ea",
    "COL Size": "4 pack"
  },
  {
    "Brand_Product_Size": "Coles Tandoori Filo Rolls 216g",
    "COL Price": 2.5,
    "COL ppu": "$1.16 per 100G",
    "COL Size": "216g"
  },
  {
    "Brand_Product_Size": "Ito En Matcha Jasmine Green Tea Bags 20 Pack 30g",
    "COL Price": 6,
    "COL ppu": "$20.00 per 100G",
    "COL Size": "30g"
  },
  {
    "Brand_Product_Size": "Phisohex Anti-Bacterial Wash 200mL",
    "COL Price": 10,
    "COL ppu": "$5.00 per 100mL",
    "COL Size": "200mL"
  },
  {
    "Brand_Product_Size": "Health Lab Hazelnut Choc Nut Butter Balls 3x40g 120g",
    "COL Price": 8,
    "COL ppu": "$6.67 per 100G",
    "COL Size": "120g"
  },
  {
    "Brand_Product_Size": "Coles Grill Lamb Ribs With Sticky BBQ Rub 750g",
    "COL Price": 13.5,
    "COL ppu": "$1.80 per 100G",
    "COL Size": "750g"
  },
  {
    "Brand_Product_Size": "Buderim Ginger Original Ginger Marmalade 365g",
    "COL Price": 3.4,
    "COL ppu": "$0.93 per 100G",
    "COL Size": "365g"
  },
  {
    "Brand_Product_Size": "Coles Finest Angus Beef Porterhouse Steak approx. 320g each",
    "COL Price": 15.36,
    "COL ppu": "$48.00 per 1Kg",
    "COL Size": "approx. 320g each"
  },
  {
    "Brand_Product_Size": "Korbond Household Scissors each",
    "COL Price": 3.5,
    "COL ppu": "$3.50 per 1ea",
    "COL Size": "each"
  },
  {
    "Brand_Product_Size": "Coles Premium Apricot Jam 345g",
    "COL Price": 2.35,
    "COL ppu": "$0.68 per 100G",
    "COL Size": "345g"
  },
  {
    "Brand_Product_Size": "Coles Bakery Decorated Pavlova 410g",
    "COL Price": 12,
    "COL ppu": "$2.93 per 100G",
    "COL Size": "410g"
  },
  {
    "Brand_Product_Size": "Thursday Plantation Oil Lavender 100% 50mL",
    "COL Price": 14.87,
    "COL ppu": "$29.74 per 100mL",
    "COL Size": "50mL"
  },
  {
    "Brand_Product_Size": "Jordan Baby Toothbrush 0-2 years each",
    "COL Price": 4,
    "COL ppu": "$4.00 per 1Ea",
    "COL Size": "each"
  },
  {
    "Brand_Product_Size": "Arnott's Granita Biscuits 250g",
    "COL Price": 3,
    "COL ppu": "$1.20 per 100G",
    "COL Size": "250g"
  },
  {
    "Brand_Product_Size": "Coles Small Resealable Storage Bags 50 pack",
    "COL Price": 1.6,
    "COL ppu": "$0.03 per 1Ea",
    "COL Size": "50 pack"
  },
  {
    "Brand_Product_Size": "Coles MSC Thawed Raw Banana Prawns approx. 250g",
    "COL Price": 5.5,
    "COL ppu": "$22.00 per 1Kg",
    "COL Size": "approx. 250g"
  },
  {
    "Brand_Product_Size": "MasterFoods Creamy White Finishing Sauce 160g",
    "COL Price": 2,
    "COL ppu": "$0.13 per 10G",
    "COL Size": "160g"
  },
  {
    "Brand_Product_Size": "Bosisto's Banksia Flower & Lavender Moisturising Hand Wash 300mL",
    "COL Price": 6,
    "COL ppu": "$2.00 per 100mL",
    "COL Size": "300mL"
  },
  {
    "Brand_Product_Size": "Cornwell's Apple Cider Vinegar 2L",
    "COL Price": 5.45,
    "COL ppu": "$0.27 per 100mL",
    "COL Size": "2L"
  },
  {
    "Brand_Product_Size": "Coles Halloween Bats & Bones Sprinkles 130g",
    "COL Price": 5.5,
    "COL ppu": "$4.23 per 100G",
    "COL Size": "130g"
  },
  {
    "Brand_Product_Size": "Vitapet Chicken Tenders Dog Treat 200g",
    "COL Price": 11.95,
    "COL ppu": "$5.98 per 100G",
    "COL Size": "200g"
  },
  {
    "Brand_Product_Size": "Breeders Choice Choice Cat Litter Paper 6L",
    "COL Price": 7.5,
    "COL ppu": "$1.25 per 1L",
    "COL Size": "6L"
  },
  {
    "Brand_Product_Size": "Primo Mortadella Sliced 100g",
    "COL Price": 3.25,
    "COL ppu": "$3.25 per 100G",
    "COL Size": "100g"
  },
  {
    "Brand_Product_Size": "Nescafe Farmers Origins Americas Lungo Capsules 10 pack",
    "COL Price": 6.2,
    "COL ppu": "$0.62 per 1Ea",
    "COL Size": "10 pack"
  },
  {
    "Brand_Product_Size": "Sam's Frozen Pelmeni Vareniki with Cottage Cheese Pasta 800g",
    "COL Price": 14,
    "COL ppu": "$1.75 per 100G",
    "COL Size": "800g"
  },
  {
    "Brand_Product_Size": "Coles Strawberry Yoghurt Pouch 70g",
    "COL Price": 0.75,
    "COL ppu": "$1.07 per 100G",
    "COL Size": "70g"
  },
  {
    "Brand_Product_Size": "Rana Four Cheese Ravioli 325g",
    "COL Price": 7,
    "COL ppu": "$2.15 per 100G",
    "COL Size": "325g"
  },
  {
    "Brand_Product_Size": "Lindt Cornet  Assorted 333g",
    "COL Price": 20,
    "COL ppu": "$6.01 per 100G",
    "COL Size": "333g"
  },
  {
    "Brand_Product_Size": "Coles Street Tortilla Tacos 10 pack 280g",
    "COL Price": 3,
    "COL ppu": "$1.07 per 100G",
    "COL Size": "280g"
  },
  {
    "Brand_Product_Size": "Fisiocrem Solugel 250g",
    "COL Price": 28,
    "COL ppu": "$11.20 per 100G",
    "COL Size": "250g"
  },
  {
    "Brand_Product_Size": "La Espanola Olive Oil Light 500mL",
    "COL Price": 9.5,
    "COL ppu": "$1.90 per 100mL",
    "COL Size": "500mL"
  },
  {
    "Brand_Product_Size": "Frozen Sticker Set each",
    "COL Price": 5,
    "COL ppu": "$5.00 per 1Ea",
    "COL Size": "each"
  },
  {
    "Brand_Product_Size": "Coles Smooth Ricotta 375g",
    "COL Price": 3,
    "COL ppu": "$8.00 per 1Kg",
    "COL Size": "375g"
  },
  {
    "Brand_Product_Size": "Coolpod Freezable Yoghurt Bag each",
    "COL Price": 8,
    "COL ppu": "$8.00 per 1Ea",
    "COL Size": "each"
  },
  {
    "Brand_Product_Size": "Slow Hills RSPCA Approved Chicken Marylands 600g",
    "COL Price": 9,
    "COL ppu": "$15.00 per 1Kg",
    "COL Size": "600g"
  },
  {
    "Brand_Product_Size": "Nudie Double Pulp Orange Juice Chilled 2L",
    "COL Price": 8,
    "COL ppu": "$4.00 per 1L",
    "COL Size": "2L"
  },
  {
    "Brand_Product_Size": "Arnott's Mozzarella & Basil Cracker Chips 150g",
    "COL Price": 3,
    "COL ppu": "$2.00 per 100G",
    "COL Size": "150g"
  },
  {
    "Brand_Product_Size": "Blue Cow French Style Triple Cream Cheese 180g",
    "COL Price": 7.5,
    "COL ppu": "$41.67 per 1Kg",
    "COL Size": "180g"
  },
  {
    "Brand_Product_Size": "Coles Irresistible Ice Cream Boysenberry 4 pack",
    "COL Price": 3.8,
    "COL ppu": "$0.95 per 1Ea",
    "COL Size": "4 pack"
  },
  {
    "Brand_Product_Size": "Coles Creamy Mushroom With Croutons Serves 2 60g",
    "COL Price": 1,
    "COL ppu": "$1.67 per 100G",
    "COL Size": "60g"
  },
  {
    "Brand_Product_Size": "Uncle Tobys Yoghurt Muesli Bars Strawberry Value 12 Pack 375g",
    "COL Price": 5,
    "COL ppu": "$1.33 per 100G",
    "COL Size": "375g"
  },
  {
    "Brand_Product_Size": "Mars Large Funsize Snickers 360g",
    "COL Price": 5,
    "COL ppu": "$1.39 per 100G",
    "COL Size": "360g"
  },
  {
    "Brand_Product_Size": "Siena Gnocchi 500g",
    "COL Price": 2.2,
    "COL ppu": "$0.44 per 100G",
    "COL Size": "500g"
  },
  {
    "Brand_Product_Size": "Coles Wellness Road Wholemeal & Seed Loaf 700g",
    "COL Price": 4,
    "COL ppu": "$0.57 per 100G",
    "COL Size": "700g"
  },
  {
    "Brand_Product_Size": "Loma Linda Gluten Free Thai Green Curry With Chik'N And Rice 285g",
    "COL Price": 5,
    "COL ppu": "$1.75 per 100G",
    "COL Size": "285g"
  },
  {
    "Brand_Product_Size": "Sara Lee Frozen French Cream Cheesecake 360g",
    "COL Price": 5,
    "COL ppu": "$1.39 per 100G",
    "COL Size": "360g"
  },
  {
    "Brand_Product_Size": "Selma Prosciutto De San Danielle approx. 1kg",
    "COL Price": 60,
    "COL ppu": "$60.00 per 1Kg",
    "COL Size": "approx. 1kg"
  },
  {
    "Brand_Product_Size": "My Dog Tender Chicken Fillets In Gravy Tray 100g 6 pack",
    "COL Price": 8.5,
    "COL ppu": "$1.42 per 1Ea",
    "COL Size": "6 pack"
  },
  {
    "Brand_Product_Size": "Continental Kosher Butchers Cocktail Frankfurts 500g",
    "COL Price": 9.8,
    "COL ppu": "$19.60 per 1Kg",
    "COL Size": "500g"
  },
  {
    "Brand_Product_Size": "McCain Frozen Supreme Pizza Singles 400g",
    "COL Price": 7,
    "COL ppu": "$1.75 per 100G",
    "COL Size": "400g"
  },
  {
    "Brand_Product_Size": "Betty Crocker Strawberries & Cream Cake 540g",
    "COL Price": 5.2,
    "COL ppu": "$0.96 per 100G",
    "COL Size": "540g"
  },
  {
    "Brand_Product_Size": "Brunnings Path Weeder Value Pack 1L",
    "COL Price": 8.95,
    "COL ppu": "$8.95 per 1L",
    "COL Size": "1L"
  },
  {
    "Brand_Product_Size": "Lindt Excellence Sea Salt Caramel Dark Chocolate Block 100g",
    "COL Price": 4.5,
    "COL ppu": "$4.50 per 100G",
    "COL Size": "100g"
  },
  {
    "Brand_Product_Size": "Schweppes Lemon Lime Mineral Water 1.1L",
    "COL Price": 2.15,
    "COL ppu": "$1.95 per 1L",
    "COL Size": "1.1L"
  },
  {
    "Brand_Product_Size": "VO5 Firm Hold Hairspray 200g",
    "COL Price": 4,
    "COL ppu": "$2.00 per 100G",
    "COL Size": "200g"
  },
  {
    "Brand_Product_Size": "Twining's Blackcurrant & Blueberry Tea Bags 10 pack",
    "COL Price": 2.9,
    "COL ppu": "$0.29 per 1Ea",
    "COL Size": "10 pack"
  },
  {
    "Brand_Product_Size": "Coles Deli Bertocchi Flat Soppressa Mild Salami approx. 125g",
    "COL Price": 3.25,
    "COL ppu": "$26.00 per 1Kg",
    "COL Size": "approx. 125g"
  },
  {
    "Brand_Product_Size": "Glad Rectangular Roasting Tray 1 pack",
    "COL Price": 4,
    "COL ppu": "$4.00 per 1Ea",
    "COL Size": "1 pack"
  },
  {
    "Brand_Product_Size": "Farm Fresh Cage Eggs 12 pack 700g",
    "COL Price": 3.5,
    "COL ppu": "$0.50 per 100G",
    "COL Size": "700g"
  },
  {
    "Brand_Product_Size": "Nivea Naturally Good Body Lotion Avocado 350mL",
    "COL Price": 9,
    "COL ppu": "$2.57 per 100mL",
    "COL Size": "350mL"
  },
  {
    "Brand_Product_Size": "Ben & Jerry's Chocolate Fudge Brownie Ice Cream Tub 458mL",
    "COL Price": 8,
    "COL ppu": "$1.75 per 100mL",
    "COL Size": "458mL"
  },
  {
    "Brand_Product_Size": "Abbott's Village Bakery Harvest Seeds & Grains Bread 750g",
    "COL Price": 3.8,
    "COL ppu": "$0.51 per 100G",
    "COL Size": "750g"
  },
  {
    "Brand_Product_Size": "Marion's Kitchen Coconut Sweet Chilli Sauce 360mL",
    "COL Price": 5,
    "COL ppu": "$1.39 per 100mL",
    "COL Size": "360mL"
  },
  {
    "Brand_Product_Size": "Wellness Road Almond Spread 250g",
    "COL Price": 8,
    "COL ppu": "$3.20 per 100G",
    "COL Size": "250g"
  },
  {
    "Brand_Product_Size": "Nanna's Frozen Golden & Crispy Snack Apple Pies 450g",
    "COL Price": 4,
    "COL ppu": "$0.89 per 100G",
    "COL Size": "450g"
  },
  {
    "Brand_Product_Size": "Tempo Passover Vanilla Yoghurt 200g",
    "COL Price": 3,
    "COL ppu": "$1.50 per 100G",
    "COL Size": "200g"
  },
  {
    "Brand_Product_Size": "Maui Moisture Awapuwhi Conditioner 385mL",
    "COL Price": 22,
    "COL ppu": "$5.71 per 100mL",
    "COL Size": "385mL"
  },
  {
    "Brand_Product_Size": "Cook & Dine Digital Kitchen Scales each",
    "COL Price": 10,
    "COL ppu": "$10.00 per 1Ea",
    "COL Size": "each"
  },
  {
    "Brand_Product_Size": "Coles Organic Pak Choy Bunch each",
    "COL Price": 4,
    "COL ppu": "$4.00 per 1Ea",
    "COL Size": "each"
  },
  {
    "Brand_Product_Size": "Praise Squeeze Aioli Chipotle 250mL",
    "COL Price": 4,
    "COL ppu": "$1.60 per 100mL",
    "COL Size": "250mL"
  },
  {
    "Brand_Product_Size": "Marathon Frozen Puffy Dogs 20 pack 600g",
    "COL Price": 7.9,
    "COL ppu": "$1.32 per 100G",
    "COL Size": "600g"
  },
  {
    "Brand_Product_Size": "Jade Phoenix Shitake Mushrooms Sliced 40g",
    "COL Price": 2.8,
    "COL ppu": "$70.00 per 1Kg",
    "COL Size": "40g"
  },
  {
    "Brand_Product_Size": "Just Juice Orange Mango Juice Multipack 200mL 6 pack",
    "COL Price": 5.3,
    "COL ppu": "$0.88 per 1Ea",
    "COL Size": "6 pack"
  },
  {
    "Brand_Product_Size": "Golden Swan Sumac 250g",
    "COL Price": 3.8,
    "COL ppu": "$1.52 per 100G",
    "COL Size": "250g"
  },
  {
    "Brand_Product_Size": "Mighty Bellies Brown Rice Vanilla Flavour Crispy 6 Bars 120g",
    "COL Price": 6,
    "COL ppu": "$5.00 per 100G",
    "COL Size": "120g"
  },
  {
    "Brand_Product_Size": "Coles Black Bobby 100 Pins 1 pack",
    "COL Price": 5,
    "COL ppu": "$5.00 per 1Ea",
    "COL Size": "1 pack"
  },
  {
    "Brand_Product_Size": "Farmers Union Greek Style Vanilla Bean Yoghurt 130g",
    "COL Price": 1,
    "COL ppu": "$0.77 per 100G",
    "COL Size": "130g"
  },
  {
    "Brand_Product_Size": "Sukin Facial Moisturiser For Men 225mL",
    "COL Price": 16,
    "COL ppu": "$7.11 per 100mL",
    "COL Size": "225mL"
  },
  {
    "Brand_Product_Size": "Casale Parma Matonella approx. 125g",
    "COL Price": 5.625,
    "COL ppu": "$45.00 per 1Kg",
    "COL Size": "approx. 125g"
  },
  {
    "Brand_Product_Size": "All Natural Bakery Apricot Almond Yoghurt Oat Slices 100g",
    "COL Price": 2.15,
    "COL ppu": "$2.15 per 100G",
    "COL Size": "100g"
  },
  {
    "Brand_Product_Size": "Steggles Frozen Sweet Chilli Chicken Fingers 400g",
    "COL Price": 8.5,
    "COL ppu": "$21.25 per 1Kg",
    "COL Size": "400g"
  },
  {
    "Brand_Product_Size": "Coles Ginger loose approx. 120g",
    "COL Price": 6.6,
    "COL ppu": "$55.00 per 1Kg",
    "COL Size": "approx. 120g"
  },
  {
    "Brand_Product_Size": "Patak's Tikka Masala Simmer Sauce Medium 450g",
    "COL Price": 3.5,
    "COL ppu": "$0.78 per 100G",
    "COL Size": "450g"
  },
  {
    "Brand_Product_Size": "Hamper Original Corned Beef 454g",
    "COL Price": 7.4,
    "COL ppu": "$16.30 per 1Kg",
    "COL Size": "454g"
  },
  {
    "Brand_Product_Size": "OMO Ultimate Front & Top Loader Laundry Detergent Powder 5kg",
    "COL Price": 30,
    "COL ppu": "$6.00 per 1Kg",
    "COL Size": "5kg"
  },
  {
    "Brand_Product_Size": "Yarra Valley Dairy Salted Honey Cow Cheese 120g",
    "COL Price": 5.3,
    "COL ppu": "$44.17 per 1Kg",
    "COL Size": "120g"
  },
  {
    "Brand_Product_Size": "Perfect Italiano Extra Strong Romano Cheese Block 200g",
    "COL Price": 5,
    "COL ppu": "$25.00 per 1Kg",
    "COL Size": "200g"
  },
  {
    "Brand_Product_Size": "Cadbury Dairy Milk Hazelnut Ice Cream 4 pack 360mL",
    "COL Price": 8.5,
    "COL ppu": "$2.36 per 100mL",
    "COL Size": "360mL"
  },
  {
    "Brand_Product_Size": "Double Phoenix Lychees In Syrup 567g",
    "COL Price": 1.9,
    "COL ppu": "$3.35 per 1Kg",
    "COL Size": "567g"
  },
  {
    "Brand_Product_Size": "Energizer Lightning Cable 2M White 1 pack",
    "COL Price": 30,
    "COL ppu": "$30.00 per 1Ea",
    "COL Size": "1 pack"
  },
  {
    "Brand_Product_Size": "Coles Corn Flakes 475g",
    "COL Price": 1.7,
    "COL ppu": "$0.36 per 100G",
    "COL Size": "475g"
  },
  {
    "Brand_Product_Size": "Abbott's Village Bakery Gluten Free Rustic White Bread 500g",
    "COL Price": 6,
    "COL ppu": "$1.20 per 100G",
    "COL Size": "500g"
  },
  {
    "Brand_Product_Size": "Nexba Pineapple Flavoured Sparkling Infusion 450mL",
    "COL Price": 3.15,
    "COL ppu": "$7.00 per 1L",
    "COL Size": "450mL"
  },
  {
    "Brand_Product_Size": "Avent BPA Free Classic+ Feeding Bottles 125mL 0+ Months 2 pack",
    "COL Price": 18.4,
    "COL ppu": "$9.20 per 1Ea",
    "COL Size": "2 pack"
  },
  {
    "Brand_Product_Size": "Nice & Natural Salted Caramel Protein Nut Bars With 3 Superseeds 5 Pack 165g",
    "COL Price": 5,
    "COL ppu": "$3.03 per 100G",
    "COL Size": "165g"
  },
  {
    "Brand_Product_Size": "Vaalia Kids Strawberry Yoghurt Pouch 140g",
    "COL Price": 1.7,
    "COL ppu": "$1.21 per 100G",
    "COL Size": "140g"
  },
  {
    "Brand_Product_Size": "Coles Made Easy Chicken Strips In Souvlaki Seasoning 500g",
    "COL Price": 10,
    "COL ppu": "$20.00 per 1Kg",
    "COL Size": "500g"
  },
  {
    "Brand_Product_Size": "Queen Organic Vanilla Bean Paste 65g",
    "COL Price": 11.8,
    "COL ppu": "$18.15 per 100G",
    "COL Size": "65g"
  },
  {
    "Brand_Product_Size": "Rosella Tomato Sauce 580mL",
    "COL Price": 3,
    "COL ppu": "$0.52 per 100mL",
    "COL Size": "580mL"
  },
  {
    "Brand_Product_Size": "Coles French Onion Soup 40g",
    "COL Price": 0.45,
    "COL ppu": "$1.13 per 100G",
    "COL Size": "40g"
  },
  {
    "Brand_Product_Size": "Coca Cola No Sugar Soft Drink Coke 1.25L",
    "COL Price": 3.15,
    "COL ppu": "$2.52 per 1L",
    "COL Size": "1.25L"
  },
  {
    "Brand_Product_Size": "Rafferty's Garden Chocolate Custard Baby Food 6+ Months 120g",
    "COL Price": 1.5,
    "COL ppu": "$1.25 per 100G",
    "COL Size": "120g"
  },
  {
    "Brand_Product_Size": "Artwrap Poppers 20 pack",
    "COL Price": 3,
    "COL ppu": "$0.15 per 1Ea",
    "COL Size": "20 pack"
  },
  {
    "Brand_Product_Size": "Lynx Collision Leather + Cookies Antiperspirant Aerosol 165mL",
    "COL Price": 7,
    "COL ppu": "$4.24 per 100mL",
    "COL Size": "165mL"
  },
  {
    "Brand_Product_Size": "Grill Society Fiery Lamb Smokers Kit each",
    "COL Price": 12.95,
    "COL ppu": "$12.95 per 1Ea",
    "COL Size": "each"
  },
  {
    "Brand_Product_Size": "Connoisseur Mini Cookies & Cream 6 pack 360mL",
    "COL Price": 8.6,
    "COL ppu": "$2.39 per 100mL",
    "COL Size": "360mL"
  },
  {
    "Brand_Product_Size": "Coles Fruit Filled 12 Bars Variety Pack 450g",
    "COL Price": 4.8,
    "COL ppu": "$1.07 per 100G",
    "COL Size": "450g"
  },
  {
    "Brand_Product_Size": "Vetta Smart Fibre Penne Pasta 500g",
    "COL Price": 1.6,
    "COL ppu": "$0.32 per 100G",
    "COL Size": "500g"
  },
  {
    "Brand_Product_Size": "Coles Peppermint Infusion Tea Bags 50 Pack 75g",
    "COL Price": 2.2,
    "COL ppu": "$2.93 per 100G",
    "COL Size": "75g"
  },
  {
    "Brand_Product_Size": "Coles Pacific Tuna Chilli 95g",
    "COL Price": 1.3,
    "COL ppu": "$1.37 per 100G",
    "COL Size": "95g"
  },
  {
    "Brand_Product_Size": "Coles Tampons Regular 16 pack",
    "COL Price": 2.25,
    "COL ppu": "$0.14 per 1Ea",
    "COL Size": "16 pack"
  },
  {
    "Brand_Product_Size": "Coles I'm Perfect Avocados 1kg",
    "COL Price": 7.9,
    "COL ppu": "$7.90 per 1Kg",
    "COL Size": "1kg"
  },
  {
    "Brand_Product_Size": "Decor Match Ups Clips Oblong Container each",
    "COL Price": 8,
    "COL ppu": "$8.00 per 1Ea",
    "COL Size": "each"
  },
  {
    "Brand_Product_Size": "Coles Australian Style Fetta Cheese 200g",
    "COL Price": 3,
    "COL ppu": "$15.00 per 1Kg",
    "COL Size": "200g"
  },
  {
    "Brand_Product_Size": "Continental Kosher Butchers Lamb Shoulder approx. 1.15kg",
    "COL Price": 37.95,
    "COL ppu": "$33.00 per 1Kg",
    "COL Size": "approx. 1.15kg"
  },
  {
    "Brand_Product_Size": "Barker's Apricot Jam 455g",
    "COL Price": 5,
    "COL ppu": "$1.10 per 100G",
    "COL Size": "455g"
  },
  {
    "Brand_Product_Size": "Coles Iceberg Blend Salad Prepacked 300g",
    "COL Price": 3,
    "COL ppu": "$10.00 per 1Kg",
    "COL Size": "300g"
  },
  {
    "Brand_Product_Size": "Schwarzkopf Got2b Extra Fresh It Up Dry Shampoo 200mL",
    "COL Price": 7.8,
    "COL ppu": "$3.90 per 100mL",
    "COL Size": "200mL"
  },
  {
    "Brand_Product_Size": "Yoplait Berry Punnet Yoghurt 160g 6 pack",
    "COL Price": 5,
    "COL ppu": "$0.52 per 100G",
    "COL Size": "6 pack"
  },
  {
    "Brand_Product_Size": "Syndian Dal Makhani Curry 400g",
    "COL Price": 7.5,
    "COL ppu": "$1.88 per 100G",
    "COL Size": "400g"
  },
  {
    "Brand_Product_Size": "Golden Days Gluten Free Original Sesame Snaps 3 pack 120g",
    "COL Price": 2.5,
    "COL ppu": "$2.08 per 100G",
    "COL Size": "120g"
  },
  {
    "Brand_Product_Size": "Streets Golden Gaytime 1L",
    "COL Price": 6,
    "COL ppu": "$0.60 per 100mL",
    "COL Size": "1L"
  },
  {
    "Brand_Product_Size": "San Remo Large Instant Lasagna Sheets 250g",
    "COL Price": 2.9,
    "COL ppu": "$1.16 per 100G",
    "COL Size": "250g"
  },
  {
    "Brand_Product_Size": "Cook & Dine Terry Tea Towels Grey 5 pack",
    "COL Price": 10,
    "COL ppu": "$2.00 per 1Ea",
    "COL Size": "5 pack"
  },
  {
    "Brand_Product_Size": "Urbane Mess Trimming Beard Kit each",
    "COL Price": 15,
    "COL ppu": "$15.00 per 1Ea",
    "COL Size": "each"
  },
  {
    "Brand_Product_Size": "Simply Wize Irresistible Party Mix 150g",
    "COL Price": 2.95,
    "COL ppu": "$1.97 per 100G",
    "COL Size": "150g"
  },
  {
    "Brand_Product_Size": "Scentilla Desert Lime & Coconut Soy Blend Double Wicked Candle 260g",
    "COL Price": 13,
    "COL ppu": "$5.00 per 100G",
    "COL Size": "260g"
  },
  {
    "Brand_Product_Size": "Purina One Hairball Cat Food 1.5kg",
    "COL Price": 12,
    "COL ppu": "$0.80 per 100G",
    "COL Size": "1.5kg"
  },
  {
    "Brand_Product_Size": "Essano Rosehip Gentle Foaming Facial Cleanser 140mL",
    "COL Price": 14,
    "COL ppu": "$10.00 per 100mL",
    "COL Size": "140mL"
  },
  {
    "Brand_Product_Size": "Coles Frozen Chicken Breast Kiev 2 pack 350g",
    "COL Price": 5.5,
    "COL ppu": "$1.57 per 100G",
    "COL Size": "350g"
  },
  {
    "Brand_Product_Size": "Barry's Tea Gold Blend Tea Bags 40 Pack 125g",
    "COL Price": 6.25,
    "COL ppu": "$5.00 per 100G",
    "COL Size": "125g"
  },
  {
    "Brand_Product_Size": "Five:Am Organic Blueberry Burst Yoghurt 700g",
    "COL Price": 6,
    "COL ppu": "$0.86 per 100G",
    "COL Size": "700g"
  },
  {
    "Brand_Product_Size": "Caredent Eeziflossers Biodegradable 50 pack",
    "COL Price": 6,
    "COL ppu": "$0.12 per 1Ea",
    "COL Size": "50 pack"
  },
  {
    "Brand_Product_Size": "McCain Man Size Southern Style Chicken 480g",
    "COL Price": 6,
    "COL ppu": "$1.25 per 100G",
    "COL Size": "480g"
  },
  {
    "Brand_Product_Size": "A2 Full Cream Milk 3L",
    "COL Price": 7.95,
    "COL ppu": "$2.65 per 1L",
    "COL Size": "3L"
  },
  {
    "Brand_Product_Size": "Streets Magnum Mini Dulce De Leche 360mL",
    "COL Price": 4.5,
    "COL ppu": "$1.25 per 100mL",
    "COL Size": "360mL"
  },
  {
    "Brand_Product_Size": "Coles Beef Style Stock Cubes 21 pack 105g",
    "COL Price": 2,
    "COL ppu": "$0.19 per 10G",
    "COL Size": "105g"
  },
  {
    "Brand_Product_Size": "Continental Shepherds Pie Recipe Base 50g",
    "COL Price": 1.6,
    "COL ppu": "$3.20 per 100G",
    "COL Size": "50g"
  },
  {
    "Brand_Product_Size": "Nature's Way Kids Smart Vita Gummies Vitamin C + Zinc 120 pack",
    "COL Price": 26,
    "COL ppu": "$0.22 per 1Ea",
    "COL Size": "120 pack"
  },
  {
    "Brand_Product_Size": "Mrs Macs Microwave Beef & Cheese Pie 175g",
    "COL Price": 2.5,
    "COL ppu": "$1.43 per 100G",
    "COL Size": "175g"
  },
  {
    "Brand_Product_Size": "Coles Chocolate Bavarian 450g",
    "COL Price": 3.3,
    "COL ppu": "$0.73 per 100G",
    "COL Size": "450g"
  },
  {
    "Brand_Product_Size": "Coles Popcorn 10 Pack 200g",
    "COL Price": 2.75,
    "COL ppu": "$1.38 per 100G",
    "COL Size": "200g"
  },
  {
    "Brand_Product_Size": "Coles Chocolate Mint Supremes Biscuits 200g",
    "COL Price": 1.65,
    "COL ppu": "$0.83 per 100G",
    "COL Size": "200g"
  },
  {
    "Brand_Product_Size": "Coles Kitchen Tomato & Smoked Bacon Sauce 425g",
    "COL Price": 4.2,
    "COL ppu": "$0.99 per 100G",
    "COL Size": "425g"
  },
  {
    "Brand_Product_Size": "Kellogg's Sultana Bran Cereal 730g",
    "COL Price": 7.5,
    "COL ppu": "$1.03 per 100G",
    "COL Size": "730g"
  },
  {
    "Brand_Product_Size": "Mcguigan Alcohol Free Zero Shiraz 750mL",
    "COL Price": 11.5,
    "COL ppu": "$15.33 per 1L",
    "COL Size": "750mL"
  },
  {
    "Brand_Product_Size": "Coles Thawed Seafood MSC XL Raw King Prawns approx. 250g",
    "COL Price": 6.5,
    "COL ppu": "$26.00 per 1Kg",
    "COL Size": "approx. 250g"
  },
  {
    "Brand_Product_Size": "Yumi's Gluten Free Classic Baked Mediterranean Eggplant Dip 200g",
    "COL Price": 3,
    "COL ppu": "$1.50 per 100G",
    "COL Size": "200g"
  },
  {
    "Brand_Product_Size": "Cortas Rose Waster 500mL",
    "COL Price": 6.5,
    "COL ppu": "$1.30 per 100mL",
    "COL Size": "500mL"
  },
  {
    "Brand_Product_Size": "Mr Chen's Frozen Ginger Prawn Dumpling 8 pack 240g",
    "COL Price": 3.75,
    "COL ppu": "$1.56 per 100G",
    "COL Size": "240g"
  },
  {
    "Brand_Product_Size": "Kellogg's LCMs Split Stix Puffed Rice Snack Bars Variety 15 pack 345g",
    "COL Price": 7,
    "COL ppu": "$2.03 per 100G",
    "COL Size": "345g"
  },
  {
    "Brand_Product_Size": "Hart & Soul Soup Tom Yum Cup 100g",
    "COL Price": 1.8,
    "COL ppu": "$1.80 per 100G",
    "COL Size": "100g"
  },
  {
    "Brand_Product_Size": "Mazzetti Organic Apple Cider Vinegar With Honey & Ginger 500mL",
    "COL Price": 4.5,
    "COL ppu": "$0.90 per 100mL",
    "COL Size": "500mL"
  },
  {
    "Brand_Product_Size": "Coles Anti-Bacterial Hand Wash 250mL",
    "COL Price": 1.5,
    "COL ppu": "$0.60 per 100mL",
    "COL Size": "250mL"
  },
  {
    "Brand_Product_Size": "Coles Raspberries 125g",
    "COL Price": 4.5,
    "COL ppu": "$36.00 per 1Kg",
    "COL Size": "125g"
  },
  {
    "Brand_Product_Size": "Grinders Rich & Bold Espresso Coffee Beans 1kg",
    "COL Price": 20,
    "COL ppu": "$2.00 per 100G",
    "COL Size": "1kg"
  },
  {
    "Brand_Product_Size": "Cook & Dine Plastic Spoons 50 pack",
    "COL Price": 2,
    "COL ppu": "$4.00 per 100Ea",
    "COL Size": "50 pack"
  },
  {
    "Brand_Product_Size": "Lawson's Traditional Settler's Grain Bread 750g",
    "COL Price": 5.8,
    "COL ppu": "$0.77 per 100G",
    "COL Size": "750g"
  },
  {
    "Brand_Product_Size": "Coles Bakery Chocolate Chip Shortbread 12 pack",
    "COL Price": 3.5,
    "COL ppu": "$0.29 per 1Ea",
    "COL Size": "12 pack"
  },
  {
    "Brand_Product_Size": "Dose & Co. Collagen Protein Powder Chocolate Fudge 420g",
    "COL Price": 32,
    "COL ppu": "$7.62 per 100G",
    "COL Size": "420g"
  },
  {
    "Brand_Product_Size": "Chux Antibacterial Dual Action Wet Wipes Citrus Scent 70 pack",
    "COL Price": 6,
    "COL ppu": "$0.09 per 1Ea",
    "COL Size": "70 pack"
  },
  {
    "Brand_Product_Size": "Coles Premium Pesto Dressing 250mL",
    "COL Price": 4,
    "COL ppu": "$1.60 per 100mL",
    "COL Size": "250mL"
  },
  {
    "Brand_Product_Size": "Nescafe Strong Cappuccino Sachets 10 pack",
    "COL Price": 6.3,
    "COL ppu": "$0.63 per 1Ea",
    "COL Size": "10 pack"
  },
  {
    "Brand_Product_Size": "Mix No Show Footlets Black Size 1 1 pack",
    "COL Price": 3,
    "COL ppu": "$3.00 per 1Ea",
    "COL Size": "1 pack"
  },
  {
    "Brand_Product_Size": "Leggo's Organic Tomato & Garlic Pasta Sauce 500g",
    "COL Price": 4.2,
    "COL ppu": "$0.84 per 100G",
    "COL Size": "500g"
  },
  {
    "Brand_Product_Size": "Nivea Naturally Good Body Lotion Oat 350mL",
    "COL Price": 9,
    "COL ppu": "$2.57 per 100mL",
    "COL Size": "350mL"
  },
  {
    "Brand_Product_Size": "Le Conserve Della Nonna Lampomodoro Pasta Sauce 700g",
    "COL Price": 3.1,
    "COL ppu": "$0.44 per 100G",
    "COL Size": "700g"
  },
  {
    "Brand_Product_Size": "Lady Jayne Style Guards Kink- Free Spirals Black Elastic 8 pack",
    "COL Price": 8,
    "COL ppu": "$1.00 per 1Ea",
    "COL Size": "8 pack"
  },
  {
    "Brand_Product_Size": "Continental Kosher Butchers Veal Vienna 500g",
    "COL Price": 13,
    "COL ppu": "$26.00 per 1Kg",
    "COL Size": "500g"
  },
  {
    "Brand_Product_Size": "Vittoria Mountain Grown Ground Coffee 500g",
    "COL Price": 19,
    "COL ppu": "$3.80 per 100G",
    "COL Size": "500g"
  },
  {
    "Brand_Product_Size": "Benny's Teriyaki Sauce 300mL",
    "COL Price": 6.5,
    "COL ppu": "$2.17 per 100mL",
    "COL Size": "300mL"
  },
  {
    "Brand_Product_Size": "Kleenex Complete Clean White Toilet Tissue 4 pack",
    "COL Price": 3.5,
    "COL ppu": "$0.49 per 100Ea",
    "COL Size": "4 pack"
  },
  {
    "Brand_Product_Size": "Happy Snack Company Kids Fav-va Bean Salt & Vinegar 150g",
    "COL Price": 4.2,
    "COL ppu": "$2.80 per 100G",
    "COL Size": "150g"
  },
  {
    "Brand_Product_Size": "Betty Crocker Gluten Free Devil's Food Cake Mix 550g",
    "COL Price": 6,
    "COL ppu": "$1.09 per 100G",
    "COL Size": "550g"
  },
  {
    "Brand_Product_Size": "L'Oreal Paris Magic Retouch Precision Black Concealer Brush 1 pack",
    "COL Price": 14.4,
    "COL ppu": "$14.40 per 1Ea",
    "COL Size": "1 pack"
  },
  {
    "Brand_Product_Size": "Nature's Way Restore Probiotic Choc Balls 60 pack",
    "COL Price": 20,
    "COL ppu": "$0.33 per 1Ea",
    "COL Size": "60 pack"
  },
  {
    "Brand_Product_Size": "Zyrtec Rapid Acting Tablets 10 pack",
    "COL Price": 11.5,
    "COL ppu": "$1.15 per 1Ea",
    "COL Size": "10 pack"
  },
  {
    "Brand_Product_Size": "Coles Non-Scratch Scourers Cellulose Sponge 3 pack",
    "COL Price": 2,
    "COL ppu": "$0.67 per 1Ea",
    "COL Size": "3 pack"
  },
  {
    "Brand_Product_Size": "Coles Basil Punnet 15g",
    "COL Price": 3,
    "COL ppu": "$2.00 per 10G",
    "COL Size": "15g"
  },
  {
    "Brand_Product_Size": "Wiltshire Silicone Round Cake Pan each",
    "COL Price": 12,
    "COL ppu": "$12.00 per 1Ea",
    "COL Size": "each"
  },
  {
    "Brand_Product_Size": "Coles Pink Lady Apple Slices in Juice Canned 410g",
    "COL Price": 2,
    "COL ppu": "$4.88 per 1Kg",
    "COL Size": "410g"
  },
  {
    "Brand_Product_Size": "Faber-Castell Classic Colour Pencils 24 pack",
    "COL Price": 12.25,
    "COL ppu": "$0.51 per 1Ea",
    "COL Size": "24 pack"
  },
  {
    "Brand_Product_Size": "Golden Circle Berry Buzz Squeezy Pouch 120g",
    "COL Price": 1.5,
    "COL ppu": "$12.50 per 1Kg",
    "COL Size": "120g"
  },
  {
    "Brand_Product_Size": "Deeko Plastic Steak Plates 8 pack",
    "COL Price": 4,
    "COL ppu": "$0.50 per 1Ea",
    "COL Size": "8 pack"
  },
  {
    "Brand_Product_Size": "Coles Cup Mushrooms Prepacked 500g",
    "COL Price": 5,
    "COL ppu": "$10.00 per 1Kg",
    "COL Size": "500g"
  },
  {
    "Brand_Product_Size": "Sukin Hand & Nail Cream Tube 125mL",
    "COL Price": 11,
    "COL ppu": "$8.80 per 100mL",
    "COL Size": "125mL"
  },
  {
    "Brand_Product_Size": "Simple Vital Vitamin Foaming Cleanser 150mL",
    "COL Price": 12.5,
    "COL ppu": "$8.33 per 100mL",
    "COL Size": "150mL"
  },
  {
    "Brand_Product_Size": "B.box Silicone Bowls Assorted each",
    "COL Price": 10,
    "COL ppu": "$10.00 per 1Ea",
    "COL Size": "each"
  },
  {
    "Brand_Product_Size": "Schick Hydro 5 Blade Kit 6 pack",
    "COL Price": 13,
    "COL ppu": "$2.17 per 1Ea",
    "COL Size": "6 pack"
  },
  {
    "Brand_Product_Size": "Le Italiane Filled Candy Sicilian Lemon 100g",
    "COL Price": 3.5,
    "COL ppu": "$3.50 per 100G",
    "COL Size": "100g"
  },
  {
    "Brand_Product_Size": "Nerada Organic Rooibos Tea Cup Or Pot Bags 100 pack",
    "COL Price": 7.6,
    "COL ppu": "$0.08 per 1Ea",
    "COL Size": "100 pack"
  },
  {
    "Brand_Product_Size": "Mersey Valley Pickled Onion Cheddar Cheese 235g",
    "COL Price": 5.5,
    "COL ppu": "$23.41 per 1Kg",
    "COL Size": "235g"
  },
  {
    "Brand_Product_Size": "Palmolive Kids 3 in 1 Merry Strawberry Shampoo Conditioner & Bodywash 700mL",
    "COL Price": 5,
    "COL ppu": "$0.71 per 100mL",
    "COL Size": "700mL"
  },
  {
    "Brand_Product_Size": "Coles English Breakfast Tea Bags 50 Pack 92.5g",
    "COL Price": 2.2,
    "COL ppu": "$2.38 per 100G",
    "COL Size": "92.5g"
  },
  {
    "Brand_Product_Size": "Gaganis Premium Dark Red Kidney Beans 1kg",
    "COL Price": 5.5,
    "COL ppu": "$5.50 per 1Kg",
    "COL Size": "1kg"
  },
  {
    "Brand_Product_Size": "Sacla Cherry Tomato & Roast Garlic Pasta Sauce 420g",
    "COL Price": 4.4,
    "COL ppu": "$1.05 per 100G",
    "COL Size": "420g"
  },
  {
    "Brand_Product_Size": "Bartenura Gnocchi Potato 454g",
    "COL Price": 8.5,
    "COL ppu": "$1.87 per 100G",
    "COL Size": "454g"
  },
  {
    "Brand_Product_Size": "Coles Lemon Juice 500mL",
    "COL Price": 1.65,
    "COL ppu": "$0.33 per 100mL",
    "COL Size": "500mL"
  },
  {
    "Brand_Product_Size": "Hoyts Rosemary 25g",
    "COL Price": 1.4,
    "COL ppu": "$0.56 per 10G",
    "COL Size": "25g"
  },
  {
    "Brand_Product_Size": "Westmont Chilli Pickles 500g",
    "COL Price": 6.5,
    "COL ppu": "$13.00 per 1Kg",
    "COL Size": "500g"
  },
  {
    "Brand_Product_Size": "Klorane Oat Milk Tinted Dry Shampoo 150mL",
    "COL Price": 16,
    "COL ppu": "$10.67 per 100mL",
    "COL Size": "150mL"
  },
  {
    "Brand_Product_Size": "Trolli Watermelon Slices 150g",
    "COL Price": 1.85,
    "COL ppu": "$1.23 per 100G",
    "COL Size": "150g"
  },
  {
    "Brand_Product_Size": "Crave Adult Dog Food With Lamb & Turkey Pate 100g",
    "COL Price": 1.9,
    "COL ppu": "$1.90 per 100G",
    "COL Size": "100g"
  },
  {
    "Brand_Product_Size": "Ice Break Bold Espresso Real Coffee 500mL",
    "COL Price": 3.35,
    "COL ppu": "$6.70 per 1L",
    "COL Size": "500mL"
  },
  {
    "Brand_Product_Size": "Dettol Anti-Bacterial Washing Machine Cleaner 250mL",
    "COL Price": 4.8,
    "COL ppu": "$19.20 per 1L",
    "COL Size": "250mL"
  },
  {
    "Brand_Product_Size": "Cook & Dine Aluminium Saucepan 16cm each",
    "COL Price": 11,
    "COL ppu": "$11.00 per 1Ea",
    "COL Size": "each"
  },
  {
    "Brand_Product_Size": "Maybelline Lash Sensational Very Black Waterproof Mascara 9.5mL",
    "COL Price": 16.1,
    "COL ppu": "$16.95 per 10mL",
    "COL Size": "9.5mL"
  },
  {
    "Brand_Product_Size": "Cenovis B Complex Tablets 150 pack",
    "COL Price": 14,
    "COL ppu": "$9.33 per 100Ea",
    "COL Size": "150 pack"
  },
  {
    "Brand_Product_Size": "Protea Maize Meal 1kg",
    "COL Price": 3.2,
    "COL ppu": "$3.20 per 1Kg",
    "COL Size": "1kg"
  },
  {
    "Brand_Product_Size": "Spring Valley Mango & Banana Nectar Fruit Drink 1.25L",
    "COL Price": 5.15,
    "COL ppu": "$4.12 per 1L",
    "COL Size": "1.25L"
  },
  {
    "Brand_Product_Size": "Air Wick Air Freshner Aerosol Frangipani & Mango 237g",
    "COL Price": 2.8,
    "COL ppu": "$1.18 per 100G",
    "COL Size": "237g"
  },
  {
    "Brand_Product_Size": "Bronchodual Cough Pastilles 20 pack",
    "COL Price": 9,
    "COL ppu": "$0.45 per 1Ea",
    "COL Size": "20 pack"
  },
  {
    "Brand_Product_Size": "Coles Beef Ravioli Pasta 600g",
    "COL Price": 4,
    "COL ppu": "$0.67 per 100G",
    "COL Size": "600g"
  },
  {
    "Brand_Product_Size": "French Fries Original Potato Chips 6 pack 111g",
    "COL Price": 3.35,
    "COL ppu": "$3.02 per 100G",
    "COL Size": "111g"
  },
  {
    "Brand_Product_Size": "Red Bull Energy Drink Can 355mL",
    "COL Price": 3.8,
    "COL ppu": "$10.70 per 1L",
    "COL Size": "355mL"
  },
  {
    "Brand_Product_Size": "Schwarzkopf Live Colour Ultra Brights Shocking Pink Hair Colour 1 pack",
    "COL Price": 5.5,
    "COL ppu": "$5.50 per 1Ea",
    "COL Size": "1 pack"
  },
  {
    "Brand_Product_Size": "Aeroplane Ready To Eat Raspberry Jelly 120g",
    "COL Price": 1.4,
    "COL ppu": "$1.17 per 100G",
    "COL Size": "120g"
  },
  {
    "Brand_Product_Size": "Coca-Cola No Sugar Coke 2L",
    "COL Price": 2.85,
    "COL ppu": "$1.43 per 1L",
    "COL Size": "2L"
  },
  {
    "Brand_Product_Size": "Hanabi Frozen BBQ Chicken Buns 300g",
    "COL Price": 8.5,
    "COL ppu": "$2.83 per 100G",
    "COL Size": "300g"
  },
  {
    "Brand_Product_Size": "Heinz Little Kids Toddler Fruit Salad Muesli Fingers Snack Bars 1-3 Years 90g",
    "COL Price": 3.45,
    "COL ppu": "$3.83 per 100G",
    "COL Size": "90g"
  },
  {
    "Brand_Product_Size": "Ambi Pur Bathroom Fresh Air Freshner Mild Lavender 6mL",
    "COL Price": 4,
    "COL ppu": "$6.67 per 10mL",
    "COL Size": "6mL"
  },
  {
    "Brand_Product_Size": "Coles Bake & Create Patterned Party Pans 150 piece",
    "COL Price": 4,
    "COL ppu": "$0.03 per 1Ea",
    "COL Size": "150 piece"
  },
  {
    "Brand_Product_Size": "Red Tractor Wheat Free Oats To Go Peanut Butter 70g",
    "COL Price": 3,
    "COL ppu": "$4.29 per 100G",
    "COL Size": "70g"
  },
  {
    "Brand_Product_Size": "Primo Gluten Free Thinly Sliced Pastrami Beef 80g",
    "COL Price": 3.25,
    "COL ppu": "$4.06 per 100G",
    "COL Size": "80g"
  },
  {
    "Brand_Product_Size": "Pantene 3mm Conditioner Daily Moisture Renewal 400mL",
    "COL Price": 15,
    "COL ppu": "$3.75 per 100mL",
    "COL Size": "400mL"
  },
  {
    "Brand_Product_Size": "Tasti Salted Caramel Protein Bars 5 pack 200g",
    "COL Price": 2.4,
    "COL ppu": "$1.20 per 100G",
    "COL Size": "200g"
  },
  {
    "Brand_Product_Size": "Steggles Crunch Burger 340g",
    "COL Price": 10,
    "COL ppu": "$29.41 per 1Kg",
    "COL Size": "340g"
  },
  {
    "Brand_Product_Size": "Coles Mexico Peppers Salsa Verde Medium 300g",
    "COL Price": 4,
    "COL ppu": "$1.33 per 100G",
    "COL Size": "300g"
  },
  {
    "Brand_Product_Size": "3-in-one Silicone Lubricant 300g",
    "COL Price": 10,
    "COL ppu": "$3.33 per 100G",
    "COL Size": "300g"
  },
  {
    "Brand_Product_Size": "Ito En Oi Ocha Green Tea 500mL",
    "COL Price": 2.5,
    "COL ppu": "$5.00 per 1L",
    "COL Size": "500mL"
  },
  {
    "Brand_Product_Size": "Coles Finest Finest Creamy Vegetable Biryani 400g",
    "COL Price": 8.5,
    "COL ppu": "$2.13 per 100G",
    "COL Size": "400g"
  },
  {
    "Brand_Product_Size": "Clearblue Digital Pregnancy Test Kit 2 pack",
    "COL Price": 23,
    "COL ppu": "$11.50 per 1Ea",
    "COL Size": "2 pack"
  },
  {
    "Brand_Product_Size": "SPC Puree & Simple Apple & Mango 4x90g Pouches 360g",
    "COL Price": 4,
    "COL ppu": "$11.11 per 1Kg",
    "COL Size": "360g"
  },
  {
    "Brand_Product_Size": "Sukin Shaving Gel For Men 225mL",
    "COL Price": 13,
    "COL ppu": "$5.78 per 100mL",
    "COL Size": "225mL"
  },
  {
    "Brand_Product_Size": "NRG Lithium Batteries 2032 2 pack",
    "COL Price": 6,
    "COL ppu": "$3.00 per 1Ea",
    "COL Size": "2 pack"
  },
  {
    "Brand_Product_Size": "Coles Peaches 200g",
    "COL Price": 5,
    "COL ppu": "$25.00 per 1Kg",
    "COL Size": "200g"
  },
  {
    "Brand_Product_Size": "Oreo Cheesecake 2 pack 160g",
    "COL Price": 6.5,
    "COL ppu": "$4.06 per 100G",
    "COL Size": "160g"
  },
  {
    "Brand_Product_Size": "Peters Light & Creamy French Vanilla Ice Cream Tub 1.8L",
    "COL Price": 5,
    "COL ppu": "$0.28 per 100mL",
    "COL Size": "1.8L"
  },
  {
    "Brand_Product_Size": "Arnott's Cracker Chips Sour Cream Chives 150g",
    "COL Price": 3,
    "COL ppu": "$2.00 per 100G",
    "COL Size": "150g"
  },
  {
    "Brand_Product_Size": "Coles Thawed Cooked Vannamei Prawns approx. 250g",
    "COL Price": 4.25,
    "COL ppu": "$17.00 per 1Kg",
    "COL Size": "approx. 250g"
  },
  {
    "Brand_Product_Size": "Crazy Dragon Frozen Pork Dumplings 1kg",
    "COL Price": 15,
    "COL ppu": "$1.50 per 100G",
    "COL Size": "1kg"
  },
  {
    "Brand_Product_Size": "Mirabella Solar Led Spotlight Stake Light each",
    "COL Price": 4.5,
    "COL ppu": "$4.50 per 1Ea",
    "COL Size": "each"
  },
  {
    "Brand_Product_Size": "Coles Caramel Slice 175g",
    "COL Price": 4,
    "COL ppu": "$2.29 per 100G",
    "COL Size": "175g"
  },
  {
    "Brand_Product_Size": "Continental Kosher Butchers Frankfurts 500g",
    "COL Price": 11,
    "COL ppu": "$22.00 per 1Kg",
    "COL Size": "500g"
  },
  {
    "Brand_Product_Size": "Ansell Large Hyflex Gloves 1 pack",
    "COL Price": 7,
    "COL ppu": "$7.00 per 1Ea",
    "COL Size": "1 pack"
  },
  {
    "Brand_Product_Size": "Nice & Natural Yoghurt Roasted Nut Bars 6 pack 192g",
    "COL Price": 4,
    "COL ppu": "$2.08 per 100G",
    "COL Size": "192g"
  },
  {
    "Brand_Product_Size": "Health Lab Peanut Butter Nut Butter Balls 40g",
    "COL Price": 3,
    "COL ppu": "$7.50 per 100G",
    "COL Size": "40g"
  },
  {
    "Brand_Product_Size": "Kellogg's Baked Muesli Gluten Free Breakfast Biscuits With Date And Apple 200g",
    "COL Price": 5,
    "COL ppu": "$2.50 per 100G",
    "COL Size": "200g"
  },
  {
    "Brand_Product_Size": "Dilmah Pure Ceylon Extra Strength Tea Bags 100 pack 240g",
    "COL Price": 7,
    "COL ppu": "$0.07 per 1Ea",
    "COL Size": "240g"
  },
  {
    "Brand_Product_Size": "Lavazza Qualita Oro Medium Roast Smooth Ground Coffee 500g",
    "COL Price": 8,
    "COL ppu": "$1.60 per 100G",
    "COL Size": "500g"
  },
  {
    "Brand_Product_Size": "Kraft Grated Parmesan Cheese 125g",
    "COL Price": 4.3,
    "COL ppu": "$3.44 per 100G",
    "COL Size": "125g"
  },
  {
    "Brand_Product_Size": "Peters Gluten Free Original Neapolitan Multi Flavoured Ice Cream Tub 4L",
    "COL Price": 7.5,
    "COL ppu": "$1.88 per 1L",
    "COL Size": "4L"
  },
  {
    "Brand_Product_Size": "Lemnos Full Cream Fetta Cheese 180g",
    "COL Price": 5,
    "COL ppu": "$2.78 per 100G",
    "COL Size": "180g"
  },
  {
    "Brand_Product_Size": "Quorn Swedish Style Meatless Meatballs 300g",
    "COL Price": 7,
    "COL ppu": "$2.33 per 100G",
    "COL Size": "300g"
  },
  {
    "Brand_Product_Size": "Nerada Camomile Herbal Infusion Tea Bags 40 pack 60g",
    "COL Price": 4,
    "COL ppu": "$6.67 per 100G",
    "COL Size": "60g"
  },
  {
    "Brand_Product_Size": "Sanitarium So Good Long Life Unsweetened Almond Milk 250mL 3 pack",
    "COL Price": 4.5,
    "COL ppu": "$6.00 per 1L",
    "COL Size": "3 pack"
  },
  {
    "Brand_Product_Size": "King C Gillette Beard Wash 350mL",
    "COL Price": 20,
    "COL ppu": "$5.71 per 100mL",
    "COL Size": "350mL"
  },
  {
    "Brand_Product_Size": "Allendale Statique Anti-Static Spray 150mL",
    "COL Price": 6.85,
    "COL ppu": "$45.67 per 1L",
    "COL Size": "150mL"
  },
  {
    "Brand_Product_Size": "Coles Sweet & Sour Ice Pops 10 Pack 720mL",
    "COL Price": 5,
    "COL ppu": "$0.69 per 100mL",
    "COL Size": "720mL"
  },
  {
    "Brand_Product_Size": "Biore Pore Strips Combo Deep Cleaning 14 pack",
    "COL Price": 11,
    "COL ppu": "$0.79 per 1Ea",
    "COL Size": "14 pack"
  },
  {
    "Brand_Product_Size": "Folding Auto Open Umbrella Black each",
    "COL Price": 15,
    "COL ppu": "$15.00 per 1Ea",
    "COL Size": "each"
  },
  {
    "Brand_Product_Size": "Old El Paso Stand 'N Stuff Mini Soft Tortillas 12 pack 145g",
    "COL Price": 3.8,
    "COL ppu": "$2.62 per 100G",
    "COL Size": "145g"
  },
  {
    "Brand_Product_Size": "Vanish Napisan Oxi Action Fabric Powder Stain Remover 1kg",
    "COL Price": 8,
    "COL ppu": "$8.00 per 1Kg",
    "COL Size": "1kg"
  },
  {
    "Brand_Product_Size": "Essano Keratin Smoothing Shampoo 300mL",
    "COL Price": 16,
    "COL ppu": "$5.33 per 100mL",
    "COL Size": "300mL"
  },
  {
    "Brand_Product_Size": "Sunrice Low GI Brown Rice 750g",
    "COL Price": 3.5,
    "COL ppu": "$0.47 per 100G",
    "COL Size": "750g"
  },
  {
    "Brand_Product_Size": "Fluffy Divine Blends Warm Vanilla & Creamy Coconut Concentrated Fabric Softener 900mL",
    "COL Price": 7,
    "COL ppu": "$7.78 per 1L",
    "COL Size": "900mL"
  },
  {
    "Brand_Product_Size": "Aveeno Daily Moisturising Lotion 354mL",
    "COL Price": 13,
    "COL ppu": "$3.67 per 100mL",
    "COL Size": "354mL"
  },
  {
    "Brand_Product_Size": "L'Oreal Casting Creme Gloss Chocolate Hair Colour each",
    "COL Price": 12.8,
    "COL ppu": "$12.80 per 1Ea",
    "COL Size": "each"
  },
  {
    "Brand_Product_Size": "Coles Creamy Cheese Pasta Sauce 425g",
    "COL Price": 3.7,
    "COL ppu": "$0.87 per 100G",
    "COL Size": "425g"
  },
  {
    "Brand_Product_Size": "Life-Space Probiotic Powder For Children 3-12 Years 40g",
    "COL Price": 27,
    "COL ppu": "$67.50 per 100G",
    "COL Size": "40g"
  },
  {
    "Brand_Product_Size": "Pattu Kashmiri Chilli Powder 100g",
    "COL Price": 3.9,
    "COL ppu": "$3.90 per 100G",
    "COL Size": "100g"
  },
  {
    "Brand_Product_Size": "Modo Bamboo Straws 4pack",
    "COL Price": 5,
    "COL ppu": "$1.25 per 1Ea",
    "COL Size": "4pack"
  },
  {
    "Brand_Product_Size": "Coles Jam Filled Berliner Donut 2 pack",
    "COL Price": 3,
    "COL ppu": "$1.50 per 1Ea",
    "COL Size": "2 pack"
  },
  {
    "Brand_Product_Size": "L'Oreal Colour Riche Midnight Black Eyeliner 200mg",
    "COL Price": 13.3,
    "COL ppu": "$665.00 per 10G",
    "COL Size": "200mg"
  },
  {
    "Brand_Product_Size": "Sirena Tuna In Springwater 425g",
    "COL Price": 7,
    "COL ppu": "$16.47 per 1Kg",
    "COL Size": "425g"
  },
  {
    "Brand_Product_Size": "Dilmah Pure Ceylon Premium Loose Leaf Tea 250g",
    "COL Price": 5.3,
    "COL ppu": "$2.12 per 100G",
    "COL Size": "250g"
  },
  {
    "Brand_Product_Size": "Birds Eye Snap Frozen Broad Beans 500g",
    "COL Price": 3.1,
    "COL ppu": "$6.20 per 1Kg",
    "COL Size": "500g"
  },
  {
    "Brand_Product_Size": "John West Wild Alaskan Pink Salmon 105g",
    "COL Price": 3.3,
    "COL ppu": "$31.43 per 1Kg",
    "COL Size": "105g"
  },
  {
    "Brand_Product_Size": "Coles Rice Puffs 360g",
    "COL Price": 1.85,
    "COL ppu": "$0.51 per 100G",
    "COL Size": "360g"
  },
  {
    "Brand_Product_Size": "Rascal & Friends Nappies Bulk Crawler 44 pack",
    "COL Price": 14,
    "COL ppu": "$0.32 per 1Ea",
    "COL Size": "44 pack"
  },
  {
    "Brand_Product_Size": "Kantong Teriyaki Chicken Cooking Sauce 175g",
    "COL Price": 2.9,
    "COL ppu": "$1.66 per 100G",
    "COL Size": "175g"
  },
  {
    "Brand_Product_Size": "Olay Pore Perfect Dragon Fruit Scrubs Cleanser 125mL",
    "COL Price": 19,
    "COL ppu": "$15.20 per 100mL",
    "COL Size": "125mL"
  },
  {
    "Brand_Product_Size": "Ribena Blackcurrant Syrup Bottle 1L",
    "COL Price": 6,
    "COL ppu": "$6.00 per 1L",
    "COL Size": "1L"
  },
  {
    "Brand_Product_Size": "Savlon Antiseptic Cream 75g",
    "COL Price": 7.3,
    "COL ppu": "$9.73 per 100G",
    "COL Size": "75g"
  },
  {
    "Brand_Product_Size": "Optimum Healthy Weight 1+ Years Chunks In Jelly With Chicken Cat Food Pouch 85g",
    "COL Price": 1.9,
    "COL ppu": "$2.24 per 100G",
    "COL Size": "85g"
  },
  {
    "Brand_Product_Size": "Truede Turkish Delight Choc Coated Rose 125g",
    "COL Price": 8.5,
    "COL ppu": "$6.80 per 100G",
    "COL Size": "125g"
  },
  {
    "Brand_Product_Size": "Audeeo Essential Wired Earphones Basics Assorted 1 pack",
    "COL Price": 8,
    "COL ppu": "$8.00 per 1Ea",
    "COL Size": "1 pack"
  },
  {
    "Brand_Product_Size": "Coles Mocha Coffee Sachets 10 Pack 180g",
    "COL Price": 3.25,
    "COL ppu": "$1.81 per 100G",
    "COL Size": "180g"
  },
  {
    "Brand_Product_Size": "Hans Salami & Beetroot Relish Lunch Plate Mild 110g",
    "COL Price": 6.5,
    "COL ppu": "$5.91 per 100G",
    "COL Size": "110g"
  },
  {
    "Brand_Product_Size": "Betty Crocker Milk Chocolate Chunk Cookie Mix 485g",
    "COL Price": 5.2,
    "COL ppu": "$1.07 per 100G",
    "COL Size": "485g"
  },
  {
    "Brand_Product_Size": "Wild's Ezy Sauce 375mL",
    "COL Price": 4,
    "COL ppu": "$1.07 per 100mL",
    "COL Size": "375mL"
  },
  {
    "Brand_Product_Size": "Cortas Original Fava Beans & Chick Peas 400g",
    "COL Price": 1.6,
    "COL ppu": "$0.40 per 100G",
    "COL Size": "400g"
  },
  {
    "Brand_Product_Size": "Maharajah's Choice Ginger Paste 1kg",
    "COL Price": 4.9,
    "COL ppu": "$0.49 per 100G",
    "COL Size": "1kg"
  },
  {
    "Brand_Product_Size": "BSC High Protein Choc Mint Bar 60g",
    "COL Price": 4,
    "COL ppu": "$6.67 per 100G",
    "COL Size": "60g"
  },
  {
    "Brand_Product_Size": "Air Wick Odour Neutralising Spray Fresh Dew & Jasmine 236mL",
    "COL Price": 7,
    "COL ppu": "$2.97 per 100mL",
    "COL Size": "236mL"
  },
  {
    "Brand_Product_Size": "Cook & Dine Small Baking Sheet each",
    "COL Price": 6,
    "COL ppu": "$6.00 per 1Ea",
    "COL Size": "each"
  },
  {
    "Brand_Product_Size": "Louisiana Red Beans Rice Mix 100g",
    "COL Price": 7,
    "COL ppu": "$0.07 per 1G",
    "COL Size": "100g"
  },
  {
    "Brand_Product_Size": "Coles Salami Italian Knob 200g",
    "COL Price": 6.2,
    "COL ppu": "$31.00 per 1Kg",
    "COL Size": "200g"
  },
  {
    "Brand_Product_Size": "Coles Pancake Shake Mix No Added Sugar 300g",
    "COL Price": 1.5,
    "COL ppu": "$0.50 per 100G",
    "COL Size": "300g"
  },
  {
    "Brand_Product_Size": "Ardmona Apricot Nectar Fruit Drink Can 405mL",
    "COL Price": 1.75,
    "COL ppu": "$4.32 per 1L",
    "COL Size": "405mL"
  },
  {
    "Brand_Product_Size": "L'Oreal Revitalift Filler Replumping Night Moisturiser 50mL",
    "COL Price": 31.5,
    "COL ppu": "$63.00 per 100mL",
    "COL Size": "50mL"
  },
  {
    "Brand_Product_Size": "Arnott's Monte Carlo Biscuits 250g",
    "COL Price": 3,
    "COL ppu": "$1.20 per 100G",
    "COL Size": "250g"
  },
  {
    "Brand_Product_Size": "Fantastic Grainz Rice Cracker Barbeque 100g",
    "COL Price": 3,
    "COL ppu": "$3.00 per 100G",
    "COL Size": "100g"
  },
  {
    "Brand_Product_Size": "Doritos Cheese Supreme Corn Chips 60g",
    "COL Price": 2.1,
    "COL ppu": "$3.50 per 100G",
    "COL Size": "60g"
  },
  {
    "Brand_Product_Size": "Thankyou Geranium & Rosewood Body Wash 1L",
    "COL Price": 9.1,
    "COL ppu": "$0.91 per 100mL",
    "COL Size": "1L"
  },
  {
    "Brand_Product_Size": "Coles Red Onions approx. 200g each",
    "COL Price": 0.7,
    "COL ppu": "$3.50 per 1Kg",
    "COL Size": "approx. 200g each"
  },
  {
    "Brand_Product_Size": "Twinings Herbal Infusions Live Well Focus 18 pack",
    "COL Price": 6.5,
    "COL ppu": "$0.36 per 1Ea",
    "COL Size": "18 pack"
  },
  {
    "Brand_Product_Size": "Schweppes Dry Ginger Ale 1.1L",
    "COL Price": 2.15,
    "COL ppu": "$1.95 per 1L",
    "COL Size": "1.1L"
  },
  {
    "Brand_Product_Size": "Tandaco Coating Mix For Seasoned Chicken 75g",
    "COL Price": 1.8,
    "COL ppu": "$0.24 per 10G",
    "COL Size": "75g"
  },
  {
    "Brand_Product_Size": "Oral B Pro 100 3D White Electric Toothbrush 1 pack",
    "COL Price": 70,
    "COL ppu": "$70.00 per 1Ea",
    "COL Size": "1 pack"
  },
  {
    "Brand_Product_Size": "Rimmel Lash Accelerator Serum 11mL",
    "COL Price": 13.8,
    "COL ppu": "$12.55 per 10mL",
    "COL Size": "11mL"
  },
  {
    "Brand_Product_Size": "Cucina Matese Rigatoni No.117 Italian Pasta 500g",
    "COL Price": 2.8,
    "COL ppu": "$0.56 per 100G",
    "COL Size": "500g"
  },
  {
    "Brand_Product_Size": "Nad's Charcoal Body Wax Strips 16 pack",
    "COL Price": 10,
    "COL ppu": "$0.63 per 1Ea",
    "COL Size": "16 pack"
  },
  {
    "Brand_Product_Size": "Coles Deli Thawed Cooked Large Black Tiger Prawns approx. 250g",
    "COL Price": 7.5,
    "COL ppu": "$30.00 per 1Kg",
    "COL Size": "approx. 250g"
  },
  {
    "Brand_Product_Size": "Nature's Gift Just Natural Casserole Beef Vegetable & Barley Dog Food 700g",
    "COL Price": 2,
    "COL ppu": "$0.29 per 100G",
    "COL Size": "700g"
  },
  {
    "Brand_Product_Size": "Cook & Dine Bag Clips 12 pack",
    "COL Price": 2,
    "COL ppu": "$2.00 per 1Ea",
    "COL Size": "12 pack"
  },
  {
    "Brand_Product_Size": "Coles Instant Full Cream Milk Powder 1kg",
    "COL Price": 5.7,
    "COL ppu": "$0.57 per 100G",
    "COL Size": "1kg"
  },
  {
    "Brand_Product_Size": "Korbond Iron On Viledon Tape each",
    "COL Price": 4,
    "COL ppu": "$4.00 per 1ea",
    "COL Size": "each"
  },
  {
    "Brand_Product_Size": "Coles Deli Thawed Seafood Garlic Prawns approx. 250g",
    "COL Price": 6.25,
    "COL ppu": "$25.00 per 1Kg",
    "COL Size": "approx. 250g"
  },
  {
    "Brand_Product_Size": "Bref Purple Active Lavender 50g",
    "COL Price": 3,
    "COL ppu": "$6.00 per 100G",
    "COL Size": "50g"
  },
  {
    "Brand_Product_Size": "Nyal Cough Cold & Flu Tablets 24 pack",
    "COL Price": 14,
    "COL ppu": "$0.58 per 1Ea",
    "COL Size": "24 pack"
  },
  {
    "Brand_Product_Size": "Nutella Hazelnut Chocolate Spread 12 pack 180g",
    "COL Price": 4.75,
    "COL ppu": "$2.64 per 100G",
    "COL Size": "180g"
  },
  {
    "Brand_Product_Size": "Pets Own Cat & Kitten Milk 1L",
    "COL Price": 3.6,
    "COL ppu": "$0.36 per 100mL",
    "COL Size": "1L"
  },
  {
    "Brand_Product_Size": "Coles Organic Sweet Potatoes Prepacked 500g",
    "COL Price": 7,
    "COL ppu": "$14.00 per 1Kg",
    "COL Size": "500g"
  },
  {
    "Brand_Product_Size": "Praise Traditional 99% Fat Free Mayo 555g",
    "COL Price": 3.5,
    "COL ppu": "$0.63 per 100G",
    "COL Size": "555g"
  },
  {
    "Brand_Product_Size": "Arnott's Mini Chocolate Wagon Wheels 190g",
    "COL Price": 4,
    "COL ppu": "$2.11 per 100G",
    "COL Size": "190g"
  },
  {
    "Brand_Product_Size": "Blackmores Odourless Fish Oil Capsules 400 pack",
    "COL Price": 20,
    "COL ppu": "$5.00 per 100Ea",
    "COL Size": "400 pack"
  },
  {
    "Brand_Product_Size": "Lock & Lock Eco Containers 3 pack",
    "COL Price": 14,
    "COL ppu": "$4.67 per 1Ea",
    "COL Size": "3 pack"
  },
  {
    "Brand_Product_Size": "Viva Mango Nectar Juice 1L",
    "COL Price": 2.4,
    "COL ppu": "$2.40 per 1L",
    "COL Size": "1L"
  },
  {
    "Brand_Product_Size": "Fruit Co Plus + Nectar Apricot 2L",
    "COL Price": 2.75,
    "COL ppu": "$1.38 per 1L",
    "COL Size": "2L"
  },
  {
    "Brand_Product_Size": "Gillette Terracycle Skinguard Razor 1 pack",
    "COL Price": 36,
    "COL ppu": "$36.00 per 1Ea",
    "COL Size": "1 pack"
  },
  {
    "Brand_Product_Size": "Sweet William White Chocolate Delight Dairy Free 100g",
    "COL Price": 3.6,
    "COL ppu": "$3.60 per 100G",
    "COL Size": "100g"
  },
  {
    "Brand_Product_Size": "Cadbury Perky Nana Chocolate Bar 45g",
    "COL Price": 2.2,
    "COL ppu": "$4.89 per 100G",
    "COL Size": "45g"
  },
  {
    "Brand_Product_Size": "Uncle Tobys Chewy Bars Choc Chip 185g",
    "COL Price": 2.15,
    "COL ppu": "$1.16 per 100G",
    "COL Size": "185g"
  },
  {
    "Brand_Product_Size": "Parle-G Gluco Biscuits 376g",
    "COL Price": 1.5,
    "COL ppu": "$0.40 per 100G",
    "COL Size": "376g"
  },
  {
    "Brand_Product_Size": "Helga's Gluten Free 5 Seeds Bread 500g",
    "COL Price": 7,
    "COL ppu": "$1.40 per 100G",
    "COL Size": "500g"
  },
  {
    "Brand_Product_Size": "Coles Pine Nuts 80g",
    "COL Price": 3.95,
    "COL ppu": "$49.38 per 1Kg",
    "COL Size": "80g"
  },
  {
    "Brand_Product_Size": "Cub Soft Spout Cup 6+ Months each",
    "COL Price": 6,
    "COL ppu": "$6.00 per 1Ea",
    "COL Size": "each"
  },
  {
    "Brand_Product_Size": "Coles Bakery Fresh Cream Long John Donuts 2 pack",
    "COL Price": 4,
    "COL ppu": "$2.00 per 1Ea",
    "COL Size": "2 pack"
  },
  {
    "Brand_Product_Size": "Uncle Tobys Oats Quick Sachets Fruit Variety 350g",
    "COL Price": 5,
    "COL ppu": "$1.43 per 100G",
    "COL Size": "350g"
  },
  {
    "Brand_Product_Size": "MasterFoods Basil Leaves 10g",
    "COL Price": 2.35,
    "COL ppu": "$2.35 per 10G",
    "COL Size": "10g"
  },
  {
    "Brand_Product_Size": "Coles Finest Filled Pasta Pumpkin 350g",
    "COL Price": 5,
    "COL ppu": "$1.43 per 100G",
    "COL Size": "350g"
  },
  {
    "Brand_Product_Size": "Coles Kitchen Mongolian Beef And Jasmine Rice 350g",
    "COL Price": 6.5,
    "COL ppu": "$1.86 per 100G",
    "COL Size": "350g"
  },
  {
    "Brand_Product_Size": "Sour Patch Kids Watermelon Lollies 220g",
    "COL Price": 4,
    "COL ppu": "$1.82 per 100G",
    "COL Size": "220g"
  },
  {
    "Brand_Product_Size": "Coles Deli Express Primo Speck approx 350 each",
    "COL Price": 9.1,
    "COL ppu": "$26.00 per 1Kg",
    "COL Size": "approx 350 each"
  },
  {
    "Brand_Product_Size": "Abundance Beetroot Gnocchi 400g",
    "COL Price": 6,
    "COL ppu": "$1.50 per 100G",
    "COL Size": "400g"
  },
  {
    "Brand_Product_Size": "Starbucks Espresso Roast Decaf Capsules 10 pack",
    "COL Price": 6.9,
    "COL ppu": "$0.69 per 1Ea",
    "COL Size": "10 pack"
  },
  {
    "Brand_Product_Size": "Sprite Lemonade 1L",
    "COL Price": 4.2,
    "COL ppu": "$4.20 per 1L",
    "COL Size": "1L"
  },
  {
    "Brand_Product_Size": "Nice & Natural Fruit Oddities 8 Pack per Box 136g",
    "COL Price": 4,
    "COL ppu": "$2.94 per 100G",
    "COL Size": "136g"
  },
  {
    "Brand_Product_Size": "Uncle Tobys Roll Ups Rainbow Fruit Salad 6 Pack 94g",
    "COL Price": 2,
    "COL ppu": "$2.13 per 100G",
    "COL Size": "94g"
  },
  {
    "Brand_Product_Size": "Gourmet Garden Lightly Dried Ginger 12g",
    "COL Price": 3.5,
    "COL ppu": "$2.92 per 10G",
    "COL Size": "12g"
  },
  {
    "Brand_Product_Size": "Wicked Chocolate Dipping Sauce 130g",
    "COL Price": 2,
    "COL ppu": "$1.54 per 100G",
    "COL Size": "130g"
  },
  {
    "Brand_Product_Size": "Protein Punch Original Flavour 40g",
    "COL Price": 4.85,
    "COL ppu": "$12.13 per 100G",
    "COL Size": "40g"
  },
  {
    "Brand_Product_Size": "Rocco's Classic Kransky each",
    "COL Price": 2.3,
    "COL ppu": "$2.30 per 1Ea",
    "COL Size": "each"
  },
  {
    "Brand_Product_Size": "Luca Hand Sanitiser 50mL",
    "COL Price": 4,
    "COL ppu": "$8.00 per 100mL",
    "COL Size": "50mL"
  },
  {
    "Brand_Product_Size": "Hoyts Mixed Herbs 25g",
    "COL Price": 1.6,
    "COL ppu": "$0.64 per 10G",
    "COL Size": "25g"
  },
  {
    "Brand_Product_Size": "Coles Organic Butternut Pumpkin approx. 500g each",
    "COL Price": 2.25,
    "COL ppu": "$4.50 per 1kg",
    "COL Size": "approx. 500g each"
  },
  {
    "Brand_Product_Size": "Tracklements Sweet Mustard Ketchup 230mL",
    "COL Price": 12,
    "COL ppu": "$5.22 per 100mL",
    "COL Size": "230mL"
  },
  {
    "Brand_Product_Size": "Cub 100% Pure Cotton Ripple 100 gram",
    "COL Price": 1.95,
    "COL ppu": "",
    "COL Size": "100 gram"
  },
  {
    "Brand_Product_Size": "Lilydale Free Range Chicken Thigh Fillets Bulk Pack approx. 1kg each",
    "COL Price": 17,
    "COL ppu": "$17.00 per 1Kg",
    "COL Size": "approx. 1kg each"
  },
  {
    "Brand_Product_Size": "Beerenberg Australian Orange Marmalade 300g",
    "COL Price": 5,
    "COL ppu": "$1.67 per 100G",
    "COL Size": "300g"
  },
  {
    "Brand_Product_Size": "Tyrrells Lightly Salted English Crisps 165g",
    "COL Price": 4.5,
    "COL ppu": "$2.73 per 100G",
    "COL Size": "165g"
  },
  {
    "Brand_Product_Size": "Thankyou Botanical Lime & Coriander Hand Wash Refill 1L",
    "COL Price": 8.75,
    "COL ppu": "$0.88 per 100mL",
    "COL Size": "1L"
  },
  {
    "Brand_Product_Size": "Queen Hundreds & Thousands 65g",
    "COL Price": 2,
    "COL ppu": "$3.08 per 100G",
    "COL Size": "65g"
  },
  {
    "Brand_Product_Size": "San Remo Rigatoni Pasta No 22 500g",
    "COL Price": 1.95,
    "COL ppu": "$0.39 per 100G",
    "COL Size": "500g"
  },
  {
    "Brand_Product_Size": "Red Tractor Wheat Free Oats To Go Chocolate Brownie 70g",
    "COL Price": 3,
    "COL ppu": "$4.29 per 100G",
    "COL Size": "70g"
  },
  {
    "Brand_Product_Size": "L'Oreal Pure Clay Purifying Mask 50mL",
    "COL Price": 20,
    "COL ppu": "$40.00 per 100mL",
    "COL Size": "50mL"
  },
  {
    "Brand_Product_Size": "Sunraysia Cranberry Juice Bottle 250mL",
    "COL Price": 2.15,
    "COL ppu": "$8.60 per 1L",
    "COL Size": "250mL"
  },
  {
    "Brand_Product_Size": "L'oreal Elvive Treatment Extraordinary Oil 30mL",
    "COL Price": 5,
    "COL ppu": "$16.67 per 100mL",
    "COL Size": "30mL"
  },
  {
    "Brand_Product_Size": "Korbond Plastic Handle Scissors each",
    "COL Price": 6.75,
    "COL ppu": "$6.75 per 1ea",
    "COL Size": "each"
  },
  {
    "Brand_Product_Size": "Pattu Channa Dhall 1kg",
    "COL Price": 3.7,
    "COL ppu": "$3.70 per 1Kg",
    "COL Size": "1kg"
  },
  {
    "Brand_Product_Size": "Carman's Gluten Free Almond & Maple Muesli 400g",
    "COL Price": 6.9,
    "COL ppu": "$1.73 per 100G",
    "COL Size": "400g"
  },
  {
    "Brand_Product_Size": "Koja Natural Peanut Butter Bar Choc Chip Crunch 30g",
    "COL Price": 3.2,
    "COL ppu": "$10.67 per 100G",
    "COL Size": "30g"
  },
  {
    "Brand_Product_Size": "Coles Celery 1 bunch",
    "COL Price": 3.5,
    "COL ppu": "$3.50 per 1Ea",
    "COL Size": "1 bunch"
  },
  {
    "Brand_Product_Size": "Coles Middle Rindless Bacon 200g",
    "COL Price": 5,
    "COL ppu": "$25.00 per 1Kg",
    "COL Size": "200g"
  },
  {
    "Brand_Product_Size": "Coles Bakery Mini Pastry Selection 5 pack",
    "COL Price": 3,
    "COL ppu": "$0.60 per 1Ea",
    "COL Size": "5 pack"
  },
  {
    "Brand_Product_Size": "Udder Delights Adelaide Hills Camembert Cheese 200g",
    "COL Price": 9,
    "COL ppu": "$4.50 per 100G",
    "COL Size": "200g"
  },
  {
    "Brand_Product_Size": "Simply Better Plain Firm Tofu 375g",
    "COL Price": 4.8,
    "COL ppu": "$1.28 per 100G",
    "COL Size": "375g"
  },
  {
    "Brand_Product_Size": "Dine Tuna Mornay Topped With Cheese Cat Food Multipack 7 pack",
    "COL Price": 7.5,
    "COL ppu": "$1.26 per 100G",
    "COL Size": "7 pack"
  },
  {
    "Brand_Product_Size": "Edgell Peas & Carrots 420g",
    "COL Price": 2,
    "COL ppu": "$4.76 per 1Kg",
    "COL Size": "420g"
  },
  {
    "Brand_Product_Size": "Kellogg's LCMs Kaleidos Puffed Rice Snack Bars 15 pack 330g",
    "COL Price": 7,
    "COL ppu": "$2.12 per 100G",
    "COL Size": "330g"
  },
  {
    "Brand_Product_Size": "Hanabi Cabbage & Pork Dumplings 500g",
    "COL Price": 10,
    "COL ppu": "$2.00 per 100G",
    "COL Size": "500g"
  },
  {
    "Brand_Product_Size": "Pana Mylk Coconut Rough 80g",
    "COL Price": 9,
    "COL ppu": "$11.25 per 100G",
    "COL Size": "80g"
  },
  {
    "Brand_Product_Size": "Ribena Blackcurrant Fruit Drink Multipack 6x250mL 6 pack",
    "COL Price": 4,
    "COL ppu": "$2.67 per 1L",
    "COL Size": "6 pack"
  },
  {
    "Brand_Product_Size": "Sunsol Blueberries Chia Goji Berries & Coconut Muesli 500g",
    "COL Price": 6,
    "COL ppu": "$1.20 per 100G",
    "COL Size": "500g"
  },
  {
    "Brand_Product_Size": "Coles A5 Linen Fashion Notebook each",
    "COL Price": 6.5,
    "COL ppu": "$6.50 per 1Ea",
    "COL Size": "each"
  },
  {
    "Brand_Product_Size": "Coles White Radish each",
    "COL Price": 4,
    "COL ppu": "$4.00 per 1Ea",
    "COL Size": "each"
  },
  {
    "Brand_Product_Size": "Lemsip All In One Capsules 16 pack",
    "COL Price": 15,
    "COL ppu": "$0.94 per 1Ea",
    "COL Size": "16 pack"
  },
  {
    "Brand_Product_Size": "D'argental Washed Rind Brie Cheese approx. 100g",
    "COL Price": 7.5,
    "COL ppu": "$75.00 per 1Kg",
    "COL Size": "approx. 100g"
  },
  {
    "Brand_Product_Size": "Clairol Nice 'N Easy 120 Natural Dark Brown Hair Colour 1 pack",
    "COL Price": 9,
    "COL ppu": "$9.00 per 1Ea",
    "COL Size": "1 pack"
  },
  {
    "Brand_Product_Size": "U By Kotex Feminine Briefs Overnight Grey 4 each",
    "COL Price": 6,
    "COL ppu": "$1.50 per 1Ea",
    "COL Size": "4 each"
  },
  {
    "Brand_Product_Size": "Coles Clumping Cat Litter 4.5kg",
    "COL Price": 2.65,
    "COL ppu": "$0.59 per 1Kg",
    "COL Size": "4.5kg"
  },
  {
    "Brand_Product_Size": "Head & Shoulders Shampoo Smooth & Silky 660mL",
    "COL Price": 17,
    "COL ppu": "$2.58 per 100mL",
    "COL Size": "660mL"
  },
  {
    "Brand_Product_Size": "Continental Sensation Cheesy Broccoli & Potato Soup Serves 2 56g",
    "COL Price": 2,
    "COL ppu": "$3.57 per 100G",
    "COL Size": "56g"
  },
  {
    "Brand_Product_Size": "Royal Fields Lentils Red Split 1kg",
    "COL Price": 4,
    "COL ppu": "$4.00 per 1Kg",
    "COL Size": "1kg"
  },
  {
    "Brand_Product_Size": "Freedom Foods Heritage Mill Salted Caramel Hazelnut Clusters 1 kg",
    "COL Price": 7,
    "COL ppu": "$0.70 per 100G",
    "COL Size": "1 kg"
  },
  {
    "Brand_Product_Size": "Toolworx Screw Driver Set 2 pack",
    "COL Price": 6.25,
    "COL ppu": "$3.13 per 1Ea",
    "COL Size": "2 pack"
  },
  {
    "Brand_Product_Size": "Cholula Original Hot Sauce 150mL",
    "COL Price": 5,
    "COL ppu": "$3.33 per 100mL",
    "COL Size": "150mL"
  },
  {
    "Brand_Product_Size": "Nature Valley Peanut & Chocolate Protein Bar 160g",
    "COL Price": 5.3,
    "COL ppu": "$3.31 per 100G",
    "COL Size": "160g"
  },
  {
    "Brand_Product_Size": "Musashi Chocolate Milkshake Flavour High Protein 375g",
    "COL Price": 20,
    "COL ppu": "$5.33 per 100G",
    "COL Size": "375g"
  },
  {
    "Brand_Product_Size": "Melitta Espresso Gusto Milano Coffee 250g",
    "COL Price": 5.3,
    "COL ppu": "$2.12 per 100G",
    "COL Size": "250g"
  },
  {
    "Brand_Product_Size": "Osem Chicken Flavour With Mini Mandel Instant Soup 52g",
    "COL Price": 1.5,
    "COL ppu": "$2.88 per 100G",
    "COL Size": "52g"
  },
  {
    "Brand_Product_Size": "Ardmona Diced Tomatoes 400g",
    "COL Price": 1.4,
    "COL ppu": "$3.50 per 1Kg",
    "COL Size": "400g"
  },
  {
    "Brand_Product_Size": "Kraft Mac & Cheese Deluxe 450g",
    "COL Price": 5.2,
    "COL ppu": "$1.16 per 100G",
    "COL Size": "450g"
  },
  {
    "Brand_Product_Size": "Coles RSPCA Approved Thai Green Chicken Curry with Long Grain Rice 375g",
    "COL Price": 3,
    "COL ppu": "$0.80 per 100G",
    "COL Size": "375g"
  },
  {
    "Brand_Product_Size": "St Remio Expressi/Caffitaly Hot Chocolate Capsules 10 pack",
    "COL Price": 3.75,
    "COL ppu": "$0.38 per 1Ea",
    "COL Size": "10 pack"
  },
  {
    "Brand_Product_Size": "Pattu Mung Split With Skin 1kg",
    "COL Price": 4.2,
    "COL ppu": "$4.20 per 1Kg",
    "COL Size": "1kg"
  },
  {
    "Brand_Product_Size": "Coles Macarons Selection 10 pack 110g",
    "COL Price": 8,
    "COL ppu": "$7.27 per 100G",
    "COL Size": "110g"
  },
  {
    "Brand_Product_Size": "Leabrook Farms Kalamata Olives 275g",
    "COL Price": 4.8,
    "COL ppu": "$17.45 per 1Kg",
    "COL Size": "275g"
  },
  {
    "Brand_Product_Size": "Coles Mini Chicken Kiev Balls 320g",
    "COL Price": 5,
    "COL ppu": "$1.56 per 100G",
    "COL Size": "320g"
  },
  {
    "Brand_Product_Size": "Jarlsberg Original Cheese Slices 150g",
    "COL Price": 6.95,
    "COL ppu": "$46.34 per 1Kg",
    "COL Size": "150g"
  },
  {
    "Brand_Product_Size": "Coles Topping Strawberry 580g",
    "COL Price": 2.65,
    "COL ppu": "$0.46 per 100G",
    "COL Size": "580g"
  },
  {
    "Brand_Product_Size": "Kez's Kitchen Choc Crunch Protein Fruit Bars 125g",
    "COL Price": 3.6,
    "COL ppu": "$2.88 per 100G",
    "COL Size": "125g"
  },
  {
    "Brand_Product_Size": "Minecraft Comic Maker Single Figure each",
    "COL Price": 15,
    "COL ppu": "",
    "COL Size": "each"
  },
  {
    "Brand_Product_Size": "Coles Cat Litter Clay 10kg",
    "COL Price": 4.7,
    "COL ppu": "$0.47 per 1Kg",
    "COL Size": "10kg"
  },
  {
    "Brand_Product_Size": "Sony Entry In Ear Wired Smartphone Control Black 1 pack",
    "COL Price": 30,
    "COL ppu": "$30.00 per 1Ea",
    "COL Size": "1 pack"
  },
  {
    "Brand_Product_Size": "Glad Medium Wavetop Kitchen Tidy Bags 40 pack",
    "COL Price": 3.8,
    "COL ppu": "$0.10 per 1Ea",
    "COL Size": "40 pack"
  },
  {
    "Brand_Product_Size": "Lynx Deodorant Aerosol Black 250mL",
    "COL Price": 8.5,
    "COL ppu": "$3.40 per 100mL",
    "COL Size": "250mL"
  },
  {
    "Brand_Product_Size": "Primo Streaky Bacon Twin Pack 430g",
    "COL Price": 11,
    "COL ppu": "$25.58 per 1Kg",
    "COL Size": "430g"
  },
  {
    "Brand_Product_Size": "Suimin Origins Seafood Laska Flavour Premium Noodle Bowl 124g",
    "COL Price": 2,
    "COL ppu": "$1.61 per 100G",
    "COL Size": "124g"
  },
  {
    "Brand_Product_Size": "Purina Total Care Heartwormer Allwormer & Flea Control  for Medium Dogs 1 pack",
    "COL Price": 23.5,
    "COL ppu": "$23.50 per 1Ea",
    "COL Size": "1 pack"
  },
  {
    "Brand_Product_Size": "Coles Valencia Oranges Prepacked 3kg",
    "COL Price": 8.5,
    "COL ppu": "$2.83 per 1Kg",
    "COL Size": "3kg"
  },
  {
    "Brand_Product_Size": "Coles Happy Birthday Bunting each",
    "COL Price": 4,
    "COL ppu": "$4.00 per 1Ea",
    "COL Size": "each"
  },
  {
    "Brand_Product_Size": "SPC Diced Two Fruits in Natural Juice Canned 825g",
    "COL Price": 3.5,
    "COL ppu": "$4.24 per 1Kg",
    "COL Size": "825g"
  },
  {
    "Brand_Product_Size": "Pitango Soup Tomato Basil 600g",
    "COL Price": 6.5,
    "COL ppu": "$1.08 per 100G",
    "COL Size": "600g"
  },
  {
    "Brand_Product_Size": "Coon Extra Tasty Cheese Slices 250g",
    "COL Price": 6,
    "COL ppu": "$2.40 per 100G",
    "COL Size": "250g"
  },
  {
    "Brand_Product_Size": "Tasti Peanut Butter Bars 5 pack 175g",
    "COL Price": 5.5,
    "COL ppu": "$3.14 per 100G",
    "COL Size": "175g"
  },
  {
    "Brand_Product_Size": "Coles Snow Peas Medium Prepacked 150g",
    "COL Price": 3.5,
    "COL ppu": "$2.33 per 100G",
    "COL Size": "150g"
  },
  {
    "Brand_Product_Size": "Pauls Chocolate Custard Pouch 140g",
    "COL Price": 2,
    "COL ppu": "$1.43 per 100G",
    "COL Size": "140g"
  },
  {
    "Brand_Product_Size": "On The Menu Cottage Pie 260g",
    "COL Price": 3,
    "COL ppu": "$1.15 per 100G",
    "COL Size": "260g"
  },
  {
    "Brand_Product_Size": "Coles Non Scratch Scourers Foam Sponge 3 pack",
    "COL Price": 2,
    "COL ppu": "$0.67 per 1Ea",
    "COL Size": "3 pack"
  },
  {
    "Brand_Product_Size": "SPC Pear Natural Juice Can 850mL",
    "COL Price": 3.15,
    "COL ppu": "$0.37 per 100mL",
    "COL Size": "850mL"
  },
  {
    "Brand_Product_Size": "Sukin Purely Ageless Micro-exfoliating Cleanser 125mL",
    "COL Price": 15,
    "COL ppu": "$12.00 per 100mL",
    "COL Size": "125mL"
  },
  {
    "Brand_Product_Size": "Smash Barista Buddy Glass 340mL each",
    "COL Price": 12,
    "COL ppu": "$12.00 per 1Ea",
    "COL Size": "each"
  },
  {
    "Brand_Product_Size": "Aveeno Calming Comfort Lotion 227mL",
    "COL Price": 10,
    "COL ppu": "$4.42 per 100mL",
    "COL Size": "227mL"
  },
  {
    "Brand_Product_Size": "Coles Candle No 6 each",
    "COL Price": 1.5,
    "COL ppu": "$1.50 per 1Ea",
    "COL Size": "each"
  },
  {
    "Brand_Product_Size": "Coles Kitchen Pizza Double Pepperoni 470g",
    "COL Price": 5,
    "COL ppu": "$1.06 per 100G",
    "COL Size": "470g"
  },
  {
    "Brand_Product_Size": "Nobby's Salt & Vinegar Peanuts 350g",
    "COL Price": 3.5,
    "COL ppu": "$1.00 per 100G",
    "COL Size": "350g"
  },
  {
    "Brand_Product_Size": "Primo Gourmet Beef & Pork Chorizo Sausage 450g",
    "COL Price": 7.5,
    "COL ppu": "$1.67 per 100G",
    "COL Size": "450g"
  },
  {
    "Brand_Product_Size": "Chobani Tropical Yoghurt Pouch 140g",
    "COL Price": 2.25,
    "COL ppu": "$1.61 per 100G",
    "COL Size": "140g"
  },
  {
    "Brand_Product_Size": "Smiths Baked Sour Cream & Chives 5 pack 130g",
    "COL Price": 4.65,
    "COL ppu": "$3.58 per 100G",
    "COL Size": "130g"
  },
  {
    "Brand_Product_Size": "Lilydale Frozen Free Range Herb & Parmesan Baked Chicken Schnitzels 400g",
    "COL Price": 9.5,
    "COL ppu": "$23.75 per 1Kg",
    "COL Size": "400g"
  },
  {
    "Brand_Product_Size": "Patak's Butter Chicken Simmer Sauce Medium 450g",
    "COL Price": 3.5,
    "COL ppu": "$0.78 per 100G",
    "COL Size": "450g"
  },
  {
    "Brand_Product_Size": "Garlos Chunky Steak Pie 200g",
    "COL Price": 4.5,
    "COL ppu": "$2.25 per 100G",
    "COL Size": "200g"
  },
  {
    "Brand_Product_Size": "Cenovis Mega B Tablets 200 pack",
    "COL Price": 16,
    "COL ppu": "$8.00 per 100Ea",
    "COL Size": "200 pack"
  },
  {
    "Brand_Product_Size": "Head & Shoulders Supreme Smooth Anti-Dandruff Shampoo 550mL",
    "COL Price": 9.5,
    "COL ppu": "$1.73 per 100mL",
    "COL Size": "550mL"
  },
  {
    "Brand_Product_Size": "Eco Tools Precision Blush 1 pack",
    "COL Price": 16,
    "COL ppu": "$16.00 per 1Ea",
    "COL Size": "1 pack"
  },
  {
    "Brand_Product_Size": "The So Soft Marshmallow Co Twists Ultra Puffy Marshmallow 300g",
    "COL Price": 2.5,
    "COL ppu": "$0.83 per 100G",
    "COL Size": "300g"
  },
  {
    "Brand_Product_Size": "Loco Dairy Free Dollop Creamy 200mL",
    "COL Price": 3,
    "COL ppu": "$1.50 per 100mL",
    "COL Size": "200mL"
  },
  {
    "Brand_Product_Size": "Sunrice Long Grain Premium White Rice 2kg",
    "COL Price": 3.9,
    "COL ppu": "$0.20 per 100G",
    "COL Size": "2kg"
  },
  {
    "Brand_Product_Size": "Urban Colour Liquid Foundation Ivory 30mL",
    "COL Price": 5.5,
    "COL ppu": "$1.83 per 10mL",
    "COL Size": "30mL"
  },
  {
    "Brand_Product_Size": "Our Family Table Prawn Croquette 270g",
    "COL Price": 11,
    "COL ppu": "$40.74 per 1Kg",
    "COL Size": "270g"
  },
  {
    "Brand_Product_Size": "Heinz Plant Proteinz Soup Lentil & Roasted Sweet Potato Dahl With Ginger &Turmeric 330g",
    "COL Price": 3.6,
    "COL ppu": "$1.09 per 100G",
    "COL Size": "330g"
  },
  {
    "Brand_Product_Size": "Korbond Instant Repair Kit each",
    "COL Price": 5.25,
    "COL ppu": "$5.25 per 1Ea",
    "COL Size": "each"
  },
  {
    "Brand_Product_Size": "Chicken Tonight Asian Lemon Chicken Simmer Sauce 520g",
    "COL Price": 2.5,
    "COL ppu": "$0.48 per 100G",
    "COL Size": "520g"
  },
  {
    "Brand_Product_Size": "Coles Deli Express Kabana 220g",
    "COL Price": 4.2,
    "COL ppu": "$1.91 per 100G",
    "COL Size": "220g"
  },
  {
    "Brand_Product_Size": "Smith's Baked Salt 130g",
    "COL Price": 2.5,
    "COL ppu": "$1.92 per 100G",
    "COL Size": "130g"
  },
  {
    "Brand_Product_Size": "Latina Lasagne with Angus Beef & Vegetables 1.6kg",
    "COL Price": 18.9,
    "COL ppu": "$1.18 per 100G",
    "COL Size": "1.6kg"
  },
  {
    "Brand_Product_Size": "Coles Orange Juice 500mL",
    "COL Price": 2.1,
    "COL ppu": "$0.42 per 100mL",
    "COL Size": "500mL"
  },
  {
    "Brand_Product_Size": "Sukin Hydration Hydra Eye Gel 15mL",
    "COL Price": 20,
    "COL ppu": "$133.34 per 100mL",
    "COL Size": "15mL"
  },
  {
    "Brand_Product_Size": "Coles Deli Vine Leaves Stuffed Dolmades each",
    "COL Price": 0.45,
    "COL ppu": "$0.45 per 1Ea",
    "COL Size": "each"
  },
  {
    "Brand_Product_Size": "Clearasil Rapid Action Ultra Pimple Cream 15mL",
    "COL Price": 14.8,
    "COL ppu": "$98.67 per 100mL",
    "COL Size": "15mL"
  },
  {
    "Brand_Product_Size": "Fable Plant Based Braised Beef 250g",
    "COL Price": 7.5,
    "COL ppu": "$3.00 per 100G",
    "COL Size": "250g"
  },
  {
    "Brand_Product_Size": "Golden Circle Summer Berries Fruit Drink 250mL 6 pack",
    "COL Price": 4.5,
    "COL ppu": "$0.75 per 1Ea",
    "COL Size": "6 pack"
  },
  {
    "Brand_Product_Size": "Keep It Cleaner Nut Butter Filled Balls Hazelnut Brownie & Almond Butter Filling 40g",
    "COL Price": 3.5,
    "COL ppu": "$8.75 per 100G",
    "COL Size": "40g"
  },
  {
    "Brand_Product_Size": "Lindt Les Grandes Dark Choc & Hazelnut 150g",
    "COL Price": 5.5,
    "COL ppu": "$3.67 per 100G",
    "COL Size": "150g"
  },
  {
    "Brand_Product_Size": "Coles Kitchen Roasting Vegetables With Garlic And Rosemary 500g",
    "COL Price": 4.5,
    "COL ppu": "$0.90 per 100G",
    "COL Size": "500g"
  },
  {
    "Brand_Product_Size": "Dencorub Self Adhesive Medicated Pain Relieving Heat Patches 3 pack",
    "COL Price": 10,
    "COL ppu": "$3.33 per 1Ea",
    "COL Size": "3 pack"
  },
  {
    "Brand_Product_Size": "Coles Hawaiian Pizza 500g",
    "COL Price": 3.5,
    "COL ppu": "$0.70 per 100G",
    "COL Size": "500g"
  },
  {
    "Brand_Product_Size": "Vittoria Oro Blend Capsules 10 pack",
    "COL Price": 7,
    "COL ppu": "$0.70 per 1Ea",
    "COL Size": "10 pack"
  },
  {
    "Brand_Product_Size": "Passage Foods Passage to India Vindaloo Simmer Sauce Pouch 375g",
    "COL Price": 2.35,
    "COL ppu": "$0.63 per 100G",
    "COL Size": "375g"
  },
  {
    "Brand_Product_Size": "Crest Multipurpose Power Board With 4 Socket & Switch Surge Protected each",
    "COL Price": 25,
    "COL ppu": "$25.00 per 1Ea",
    "COL Size": "each"
  },
  {
    "Brand_Product_Size": "McCain Frozen Shoestring Beer Batter Chips 750g",
    "COL Price": 4.3,
    "COL ppu": "$0.57 per 100G",
    "COL Size": "750g"
  },
  {
    "Brand_Product_Size": "Nicorette Classic Gum 4mg 150 pack",
    "COL Price": 48,
    "COL ppu": "$0.32 per 1Ea",
    "COL Size": "150 pack"
  },
  {
    "Brand_Product_Size": "OB Finest Gluten Free Wafer Crackers 100g",
    "COL Price": 3,
    "COL ppu": "$3.00 per 100G",
    "COL Size": "100g"
  },
  {
    "Brand_Product_Size": "Coles Strawberry Jelly Crystals 85g",
    "COL Price": 0.9,
    "COL ppu": "$1.06 per 100G",
    "COL Size": "85g"
  },
  {
    "Brand_Product_Size": "Pauls Zymil Low Fat Milk 2L",
    "COL Price": 5.6,
    "COL ppu": "$2.80 per 1L",
    "COL Size": "2L"
  },
  {
    "Brand_Product_Size": "Podravka Liver Paste 95g",
    "COL Price": 2.1,
    "COL ppu": "$2.21 per 100G",
    "COL Size": "95g"
  },
  {
    "Brand_Product_Size": "Mars Celebrations Chocolate Gift Box 320g",
    "COL Price": 12,
    "COL ppu": "$3.75 per 100G",
    "COL Size": "320g"
  },
  {
    "Brand_Product_Size": "Coles Graze Grassfed Beef Scotch Fillet Steak 250g",
    "COL Price": 12,
    "COL ppu": "$4.80 per 100G",
    "COL Size": "250g"
  },
  {
    "Brand_Product_Size": "Revlon Colorstay Makeup For Normal/Dry Skin Nude Foundation 30mL",
    "COL Price": 35,
    "COL ppu": "$11.67 per 10mL",
    "COL Size": "30mL"
  },
  {
    "Brand_Product_Size": "Coles Specialty Red Grapes Prepacked 500g",
    "COL Price": 5.5,
    "COL ppu": "$11.00 per 1Kg",
    "COL Size": "500g"
  },
  {
    "Brand_Product_Size": "Coles Organic Fairtrade Gold Freeze Dried Coffee 100g",
    "COL Price": 4,
    "COL ppu": "$4.00 per 100G",
    "COL Size": "100g"
  },
  {
    "Brand_Product_Size": "San Remo Curly Fettuccine Pasta No 80 500g",
    "COL Price": 1.95,
    "COL ppu": "$0.39 per 100G",
    "COL Size": "500g"
  },
  {
    "Brand_Product_Size": "Pana Organic Mint Chocolate 45g",
    "COL Price": 6,
    "COL ppu": "$13.33 per 100G",
    "COL Size": "45g"
  },
  {
    "Brand_Product_Size": "Coles Thickened Cream 300mL",
    "COL Price": 1.9,
    "COL ppu": "$0.63 per 100mL",
    "COL Size": "300mL"
  },
  {
    "Brand_Product_Size": "Vitasoy Soy Milky Regular Long Life Milk 1L 1L",
    "COL Price": 2.45,
    "COL ppu": "$2.45 per 1L",
    "COL Size": "1L"
  },
  {
    "Brand_Product_Size": "Kraft Easy Mac Classic Cheese Pasta & Sauce Microwavable Macaroni Meal 73g",
    "COL Price": 2.2,
    "COL ppu": "$3.01 per 100G",
    "COL Size": "73g"
  },
  {
    "Brand_Product_Size": "Nescafe Gold Short Black Strong Instant Coffee 100g",
    "COL Price": 11,
    "COL ppu": "$11.00 per 100G",
    "COL Size": "100g"
  },
  {
    "Brand_Product_Size": "Oreo Creme Biscuits Birthday Cake 133g",
    "COL Price": 1.5,
    "COL ppu": "$1.13 per 100G",
    "COL Size": "133g"
  },
  {
    "Brand_Product_Size": "Coles Kitchen Cauliflower Cheese 350g",
    "COL Price": 6,
    "COL ppu": "$1.71 per 100G",
    "COL Size": "350g"
  },
  {
    "Brand_Product_Size": "Purina Felix As Good As it Looks Ocean Menus In Jelly Cat Food 27 pack",
    "COL Price": 22,
    "COL ppu": "$0.81 per 1Ea",
    "COL Size": "27 pack"
  },
  {
    "Brand_Product_Size": "St Remio Coffee Expressi/Caffitaly Compatible Bio-Organic Aromatic Capsules 10 pack",
    "COL Price": 5,
    "COL ppu": "$0.50 per 1Ea",
    "COL Size": "10 pack"
  },
  {
    "Brand_Product_Size": "Patties Frozen Chickpea Spinach & Caramelised Onion Rolls 12 Pack 450g",
    "COL Price": 8.5,
    "COL ppu": "$1.89 per 100G",
    "COL Size": "450g"
  },
  {
    "Brand_Product_Size": "Coles Fresh Seafood Pacific Oysters 6 pack",
    "COL Price": 9,
    "COL ppu": "$1.50 per 1Ea",
    "COL Size": "6 pack"
  },
  {
    "Brand_Product_Size": "Coles Beef & Onion Party Sausage Roll 450g",
    "COL Price": 5,
    "COL ppu": "$1.11 per 100G",
    "COL Size": "450g"
  },
  {
    "Brand_Product_Size": "Dairy Farmers Thick & Creamy Classic Vanilla Yoghurt 150g",
    "COL Price": 2.2,
    "COL ppu": "$1.47 per 100G",
    "COL Size": "150g"
  },
  {
    "Brand_Product_Size": "Coles Birthday Badge each",
    "COL Price": 2.5,
    "COL ppu": "$2.50 per 1Ea",
    "COL Size": "each"
  },
  {
    "Brand_Product_Size": "Blackmores Fish Oil 1000mg Capsules 400 pack",
    "COL Price": 31.5,
    "COL ppu": "$7.88 per 100Ea",
    "COL Size": "400 pack"
  },
  {
    "Brand_Product_Size": "Twisties Cheeseburger 90g",
    "COL Price": 1.5,
    "COL ppu": "$1.67 per 100G",
    "COL Size": "90g"
  },
  {
    "Brand_Product_Size": "Five Tastes Infusions Nasi Goreng 160g",
    "COL Price": 4,
    "COL ppu": "$2.50 per 100G",
    "COL Size": "160g"
  },
  {
    "Brand_Product_Size": "Duru Koftelik Fine Yellow Bulgar 1kg",
    "COL Price": 2.4,
    "COL ppu": "$2.40 per 1Kg",
    "COL Size": "1kg"
  },
  {
    "Brand_Product_Size": "OMO Sensitive Top & Front Loader Laundry Liquid Detergent 4L",
    "COL Price": 24,
    "COL ppu": "$6.00 per 1L",
    "COL Size": "4L"
  },
  {
    "Brand_Product_Size": "Roar Protein Mild Salami Cashews & Cheese 70g",
    "COL Price": 5,
    "COL ppu": "$7.14 per 100G",
    "COL Size": "70g"
  },
  {
    "Brand_Product_Size": "Primo Gluten Free Thinly Sliced Double Smoked Leg Ham 100g",
    "COL Price": 3.25,
    "COL ppu": "$3.25 per 100G",
    "COL Size": "100g"
  },
  {
    "Brand_Product_Size": "Aeroplane Berry Blue Jelly Crystals 85g",
    "COL Price": 1.15,
    "COL ppu": "$1.35 per 100G",
    "COL Size": "85g"
  },
  {
    "Brand_Product_Size": "Whiskas 1+ Years So Fishy Recipe Ocean Platter In Jelly Cat Food 85g 12 pack",
    "COL Price": 7.35,
    "COL ppu": "$0.72 per 100G",
    "COL Size": "12 pack"
  },
  {
    "Brand_Product_Size": "Saxa Black Peppercorn Grinder 45g",
    "COL Price": 5,
    "COL ppu": "$1.11 per 10G",
    "COL Size": "45g"
  },
  {
    "Brand_Product_Size": "Coles Mouth Ulcer & Teething Gel 20g",
    "COL Price": 4.6,
    "COL ppu": "$23.00 per 100G",
    "COL Size": "20g"
  },
  {
    "Brand_Product_Size": "Passage Foods Passage To Asia Satay Chicken Stir Fry Sauce 200g",
    "COL Price": 3,
    "COL ppu": "$1.50 per 100G",
    "COL Size": "200g"
  },
  {
    "Brand_Product_Size": "Lavazza Qualita Oro Ground 250g",
    "COL Price": 7.5,
    "COL ppu": "$3.00 per 100G",
    "COL Size": "250g"
  },
  {
    "Brand_Product_Size": "Nood Cage Free Chicken Recipe In Gravy Cat Food 80g",
    "COL Price": 1.5,
    "COL ppu": "$1.88 per 100G",
    "COL Size": "80g"
  },
  {
    "Brand_Product_Size": "John West Salmon Slices Springwater 125g",
    "COL Price": 3,
    "COL ppu": "$2.40 per 100G",
    "COL Size": "125g"
  },
  {
    "Brand_Product_Size": "Doritos Cool Ranch Corn Chips 150g",
    "COL Price": 1.75,
    "COL ppu": "$1.17 per 100G",
    "COL Size": "150g"
  },
  {
    "Brand_Product_Size": "Revlon Super Lustrous Wine Lipstick 4.2g",
    "COL Price": 12.5,
    "COL ppu": "$29.76 per 10G",
    "COL Size": "4.2g"
  },
  {
    "Brand_Product_Size": "McVitie's Original Digestive Biscuits 400g",
    "COL Price": 3.95,
    "COL ppu": "$0.99 per 100G",
    "COL Size": "400g"
  },
  {
    "Brand_Product_Size": "Old Town White Milk Tea 480g",
    "COL Price": 7,
    "COL ppu": "$1.46 per 100G",
    "COL Size": "480g"
  },
  {
    "Brand_Product_Size": "Botanica By Air Wick Room Spray Caribbean Vetiver & Sandalwood 236mL",
    "COL Price": 7.5,
    "COL ppu": "$3.18 per 100mL",
    "COL Size": "236mL"
  },
  {
    "Brand_Product_Size": "Coles RSPCA Approved Extra Large Whole Chicken approx. 2.4kg each",
    "COL Price": 9.36,
    "COL ppu": "$3.90 per 1Kg",
    "COL Size": "approx. 2.4kg each"
  },
  {
    "Brand_Product_Size": "Twinings Afternoon Tea Bags 100 pack 200g",
    "COL Price": 5.6,
    "COL ppu": "$0.06 per 1Ea",
    "COL Size": "200g"
  },
  {
    "Brand_Product_Size": "Twinings Warming Chai Tea Latte 200g",
    "COL Price": 9.65,
    "COL ppu": "$4.83 per 100G",
    "COL Size": "200g"
  },
  {
    "Brand_Product_Size": "Simple Eye Make Up Remover 125mL",
    "COL Price": 10,
    "COL ppu": "$8.00 per 100mL",
    "COL Size": "125mL"
  },
  {
    "Brand_Product_Size": "Nanna's Rhubarb & Apple Snack Pies 225g",
    "COL Price": 3,
    "COL ppu": "$1.33 per 100G",
    "COL Size": "225g"
  },
  {
    "Brand_Product_Size": "Coles Dip Tzatziki 200g",
    "COL Price": 1.9,
    "COL ppu": "$0.95 per 100G",
    "COL Size": "200g"
  },
  {
    "Brand_Product_Size": "L'Oreal Wrinkle Expert Cream 35+ 50mL",
    "COL Price": 15,
    "COL ppu": "$30.00 per 100mL",
    "COL Size": "50mL"
  },
  {
    "Brand_Product_Size": "Black Swan Crafted Cheesy Jalapeno Dip 200g",
    "COL Price": 4.3,
    "COL ppu": "$2.15 per 100G",
    "COL Size": "200g"
  },
  {
    "Brand_Product_Size": "Coles Bakery High Fibre Low GI Harvest Grain Toast Bread Loaf 800g",
    "COL Price": 3,
    "COL ppu": "$0.38 per 100G",
    "COL Size": "800g"
  },
  {
    "Brand_Product_Size": "Hask Argan 5 In 1 Leave In Conditioner 175mL",
    "COL Price": 15,
    "COL ppu": "$8.57 per 100mL",
    "COL Size": "175mL"
  },
  {
    "Brand_Product_Size": "Scholl Work Men Activ Gel each",
    "COL Price": 28,
    "COL ppu": "$28.00 per 1Ea",
    "COL Size": "each"
  },
  {
    "Brand_Product_Size": "McCain Frozen Onion Rings 500g",
    "COL Price": 4,
    "COL ppu": "$0.80 per 100G",
    "COL Size": "500g"
  },
  {
    "Brand_Product_Size": "Coles Bakery Ultimate Chocolate Chip Cookie 6 pack",
    "COL Price": 3,
    "COL ppu": "$0.50 per 1Ea",
    "COL Size": "6 pack"
  },
  {
    "Brand_Product_Size": "Coles Finest Thai Red Chicken Curry 400g",
    "COL Price": 8.5,
    "COL ppu": "$2.13 per 100G",
    "COL Size": "400g"
  },
  {
    "Brand_Product_Size": "Nice & Natural Real Milk Chocolate Roasted Nut Bars 6 pack 192g",
    "COL Price": 4,
    "COL ppu": "$2.08 per 100G",
    "COL Size": "192g"
  },
  {
    "Brand_Product_Size": "Coles Multi Purpose Disposable Gloves 100 pack",
    "COL Price": 8,
    "COL ppu": "$0.08 per 1Ea",
    "COL Size": "100 pack"
  },
  {
    "Brand_Product_Size": "Big M Original Chocolate Flavoured Milk 2L",
    "COL Price": 4.3,
    "COL ppu": "$2.15 per 1L",
    "COL Size": "2L"
  },
  {
    "Brand_Product_Size": "Coles Dried Banana Chips 400g",
    "COL Price": 5,
    "COL ppu": "$12.50 per 1Kg",
    "COL Size": "400g"
  },
  {
    "Brand_Product_Size": "Remedy Kombucha Wild Berry 330mL",
    "COL Price": 3,
    "COL ppu": "$9.09 per 1L",
    "COL Size": "330mL"
  },
  {
    "Brand_Product_Size": "Palmolive Ultra Complete Fresh Burst 500mL",
    "COL Price": 5.5,
    "COL ppu": "$1.10 per 100mL",
    "COL Size": "500mL"
  },
  {
    "Brand_Product_Size": "Coles Potato Egg & Bacon Salad 250g",
    "COL Price": 3.5,
    "COL ppu": "$14.00 per 1Kg",
    "COL Size": "250g"
  },
  {
    "Brand_Product_Size": "La Casa Del Formaggio Mozzarella Ball 250g",
    "COL Price": 5,
    "COL ppu": "$20.00 per 1Kg",
    "COL Size": "250g"
  },
  {
    "Brand_Product_Size": "Coca-Cola Sprite Soft Drink Lemon Lime 2L",
    "COL Price": 2.35,
    "COL ppu": "$1.18 per 1L",
    "COL Size": "2L"
  },
  {
    "Brand_Product_Size": "Wildly Good Beetroot & Black Bean Burgers 250g",
    "COL Price": 6,
    "COL ppu": "$2.40 per 100G",
    "COL Size": "250g"
  },
  {
    "Brand_Product_Size": "Freshwater Tea Tree Hand Sanitiser Gel 500mL",
    "COL Price": 15,
    "COL ppu": "$3.00 per 100mL",
    "COL Size": "500mL"
  },
  {
    "Brand_Product_Size": "Moro Delicado Light Taste Olive Oil 500mL",
    "COL Price": 7,
    "COL ppu": "$1.40 per 100mL",
    "COL Size": "500mL"
  },
  {
    "Brand_Product_Size": "Heinz Little Kids Vanilla Custard 1-3 Years Pouch 120g",
    "COL Price": 1.5,
    "COL ppu": "$1.25 per 100G",
    "COL Size": "120g"
  },
  {
    "Brand_Product_Size": "Avent BPA Free Freeflow Soother 18+ Months 2 pack",
    "COL Price": 12,
    "COL ppu": "$6.00 per 1Ea",
    "COL Size": "2 pack"
  },
  {
    "Brand_Product_Size": "Nutella Hazelnut Chocolate Spread 220g",
    "COL Price": 3.9,
    "COL ppu": "$1.77 per 100G",
    "COL Size": "220g"
  },
  {
    "Brand_Product_Size": "Downy Fabric Softener Sunrise Fresh 900mL",
    "COL Price": 6.6,
    "COL ppu": "$7.33 per 1L",
    "COL Size": "900mL"
  },
  {
    "Brand_Product_Size": "Gaia Natural Baby Sleeptime Bath 500mL",
    "COL Price": 17,
    "COL ppu": "$3.40 per 100mL",
    "COL Size": "500mL"
  },
  {
    "Brand_Product_Size": "Bega Peanut Butter Crunchy 780g",
    "COL Price": 6.5,
    "COL ppu": "$0.83 per 100G",
    "COL Size": "780g"
  },
  {
    "Brand_Product_Size": "Coles Halloumi Chips 156g",
    "COL Price": 5,
    "COL ppu": "$3.21 per 100G",
    "COL Size": "156g"
  },
  {
    "Brand_Product_Size": "Famous Soda Co Passionfruit 250mL",
    "COL Price": 2.5,
    "COL ppu": "$1.00 per 100mL",
    "COL Size": "250mL"
  },
  {
    "Brand_Product_Size": "Garnier Olia Very Light Intense Red 6.66 Hair Colour each",
    "COL Price": 8.5,
    "COL ppu": "$8.50 per 1Ea",
    "COL Size": "each"
  },
  {
    "Brand_Product_Size": "Betty Crocker Strawberry Frosting 400g",
    "COL Price": 4,
    "COL ppu": "$1.00 per 100G",
    "COL Size": "400g"
  },
  {
    "Brand_Product_Size": "Rimmel Natural Sun Glow Bronzer 14g",
    "COL Price": 9.6,
    "COL ppu": "$6.86 per 10G",
    "COL Size": "14g"
  },
  {
    "Brand_Product_Size": "Applaws Pate Beef Meat With Pumpkin And Peas Dog Food 370g",
    "COL Price": 4.5,
    "COL ppu": "$1.22 per 100G",
    "COL Size": "370g"
  },
  {
    "Brand_Product_Size": "Cook & Dine Embossed Oil & Vinegar Pourer each",
    "COL Price": 6,
    "COL ppu": "$6.00 per 1Ea",
    "COL Size": "each"
  },
  {
    "Brand_Product_Size": "Keep It Cleaner Bliss Balls Peanut Butter Chocolate Chip 40g",
    "COL Price": 2.5,
    "COL ppu": "$6.25 per 100mL",
    "COL Size": "40g"
  },
  {
    "Brand_Product_Size": "Coles Finest Filled Pasta Pork Fennel 350g",
    "COL Price": 5,
    "COL ppu": "$1.43 per 100G",
    "COL Size": "350g"
  },
  {
    "Brand_Product_Size": "Cadbury Dairy Milk Marble Chocolate Block 173g",
    "COL Price": 5,
    "COL ppu": "$2.89 per 100G",
    "COL Size": "173g"
  },
  {
    "Brand_Product_Size": "Nature's Way Instant Natural Protein with Super Greens Powder 300g",
    "COL Price": 25,
    "COL ppu": "$8.33 per 100G",
    "COL Size": "300g"
  },
  {
    "Brand_Product_Size": "Rimmel Light BB Cream 30mL",
    "COL Price": 8.4,
    "COL ppu": "$2.80 per 10mL",
    "COL Size": "30mL"
  },
  {
    "Brand_Product_Size": "Combat Ant Rid Indoor Ant Liquid 50mL",
    "COL Price": 4.1,
    "COL ppu": "$8.20 per 100mL",
    "COL Size": "50mL"
  },
  {
    "Brand_Product_Size": "Pauls Vanilla Custard 600g",
    "COL Price": 3.2,
    "COL ppu": "$0.53 per 100G",
    "COL Size": "600g"
  },
  {
    "Brand_Product_Size": "Coles Chicken Noodle Soup 50g",
    "COL Price": 0.45,
    "COL ppu": "$0.90 per 100G",
    "COL Size": "50g"
  },
  {
    "Brand_Product_Size": "Jeeny's Tamarind Puree 220g",
    "COL Price": 5.2,
    "COL ppu": "$2.36 per 100G",
    "COL Size": "220g"
  },
  {
    "Brand_Product_Size": "Energizer Cable Lightning USB C Bicolor 2M White 1 each",
    "COL Price": 30,
    "COL ppu": "$30.00 per 1Ea",
    "COL Size": "1 each"
  },
  {
    "Brand_Product_Size": "Coles Finest Gorgonzola Dolce Dop 200g",
    "COL Price": 8,
    "COL ppu": "$4.00 per 100G",
    "COL Size": "200g"
  },
  {
    "Brand_Product_Size": "Big M Strawberry Flavoured Milk 2L",
    "COL Price": 4.3,
    "COL ppu": "$2.15 per 1L",
    "COL Size": "2L"
  },
  {
    "Brand_Product_Size": "Jac Wagyu Beef Scotch Fillet Steak approx. 300g",
    "COL Price": 28.5,
    "COL ppu": "$95.00 per 1Kg",
    "COL Size": "approx. 300g"
  },
  {
    "Brand_Product_Size": "Caltrate 1000IU Vitamin D3 180 Liquid Capsules 1 pack",
    "COL Price": 16,
    "COL ppu": "$8.89 per 100Ea",
    "COL Size": "1 pack"
  },
  {
    "Brand_Product_Size": "Dolmio Three Cheese Pasta Bake 490g",
    "COL Price": 3,
    "COL ppu": "$0.61 per 100G",
    "COL Size": "490g"
  },
  {
    "Brand_Product_Size": "Tip Top The One White Sandwich Bread 700g",
    "COL Price": 3.4,
    "COL ppu": "$0.49 per 100G",
    "COL Size": "700g"
  },
  {
    "Brand_Product_Size": "Cadbury Instant Hot Chocolate Blend 6x25g 6 pack",
    "COL Price": 4,
    "COL ppu": "$0.67 per 1Ea",
    "COL Size": "6 pack"
  },
  {
    "Brand_Product_Size": "Ardmona Rich & Thick Tomatoes With Garlic & Basil 410g",
    "COL Price": 1.8,
    "COL ppu": "$4.39 per 1Kg",
    "COL Size": "410g"
  },
  {
    "Brand_Product_Size": "Air Wick Essential Mist Mandarin & Sweet Orange Aroma 20mL each",
    "COL Price": 30,
    "COL ppu": "$30.00 per 1Ea",
    "COL Size": "each"
  },
  {
    "Brand_Product_Size": "Paesanella Bocconcini Cheese 500g",
    "COL Price": 12,
    "COL ppu": "$24.00 per 1Kg",
    "COL Size": "500g"
  },
  {
    "Brand_Product_Size": "Mennen Speed Stick Cool Fresh Lady Antiperspirant Deodorant 45g",
    "COL Price": 4.49,
    "COL ppu": "$9.98 per 100G",
    "COL Size": "45g"
  },
  {
    "Brand_Product_Size": "Cook & Dine Plastic Cups 200mL 50 pack",
    "COL Price": 2.5,
    "COL ppu": "$5.00 per 100Ea",
    "COL Size": "50 pack"
  },
  {
    "Brand_Product_Size": "KB Salt & Pepper Prawns 300g",
    "COL Price": 9.5,
    "COL ppu": "$31.67 per 1Kg",
    "COL Size": "300g"
  },
  {
    "Brand_Product_Size": "Arcor Fruit Filled Candies Assorted 470g",
    "COL Price": 7.15,
    "COL ppu": "$1.52 per 100G",
    "COL Size": "470g"
  },
  {
    "Brand_Product_Size": "Coles Jam Raspberry 480g",
    "COL Price": 2,
    "COL ppu": "$0.42 per 100G",
    "COL Size": "480g"
  },
  {
    "Brand_Product_Size": "Palmolive Japanese Cherry Blossom Hand Sanitiser 200mL",
    "COL Price": 6,
    "COL ppu": "$3.00 per 100mL",
    "COL Size": "200mL"
  },
  {
    "Brand_Product_Size": "Coles Gluten Free Brioche Style Rolls 2 Pack 140g",
    "COL Price": 3,
    "COL ppu": "$2.14 per 100G",
    "COL Size": "140g"
  },
  {
    "Brand_Product_Size": "Coles Original  Crinkle Cut Potato Chips 20 Pack 380g",
    "COL Price": 4.5,
    "COL ppu": "$1.18 per 100G",
    "COL Size": "380g"
  },
  {
    "Brand_Product_Size": "Double D Sugar Free Butter Candy 90g",
    "COL Price": 2.6,
    "COL ppu": "$2.89 per 100G",
    "COL Size": "90g"
  },
  {
    "Brand_Product_Size": "Kong Foo Sing Fortune Cookies 100g",
    "COL Price": 4.5,
    "COL ppu": "$4.50 per 100G",
    "COL Size": "100g"
  },
  {
    "Brand_Product_Size": "Sakata Lime & Chilli Rice Puffs Crackers 72g",
    "COL Price": 3,
    "COL ppu": "$4.17 per 100G",
    "COL Size": "72g"
  },
  {
    "Brand_Product_Size": "Duracell Coppertop C4 Batteries 4 pack",
    "COL Price": 9.9,
    "COL ppu": "$2.48 per 1Ea",
    "COL Size": "4 pack"
  },
  {
    "Brand_Product_Size": "Cadbury Dairy Milk Hazelnut Chocolate Block 180g",
    "COL Price": 5,
    "COL ppu": "$2.78 per 100G",
    "COL Size": "180g"
  },
  {
    "Brand_Product_Size": "Lotus Biscoff Caramelised Biscuit 8 pack 124g",
    "COL Price": 1.45,
    "COL ppu": "$1.17 per 100G",
    "COL Size": "124g"
  },
  {
    "Brand_Product_Size": "Wrigley's Eclipse Spearmint Chewy Mints Bottle 93g",
    "COL Price": 4,
    "COL ppu": "$4.30 per 100G",
    "COL Size": "93g"
  },
  {
    "Brand_Product_Size": "Royal Hollandia Edam approx. 100g",
    "COL Price": 3,
    "COL ppu": "$30.00 per 1Kg",
    "COL Size": "approx. 100g"
  },
  {
    "Brand_Product_Size": "Outback Spirit Beef & Mountain Pepper Sausages 450g",
    "COL Price": 7.5,
    "COL ppu": "$1.67 per 100G",
    "COL Size": "450g"
  },
  {
    "Brand_Product_Size": "Mars Maltesers Extra Chocolate 120g",
    "COL Price": 3,
    "COL ppu": "$2.50 per 100G",
    "COL Size": "120g"
  },
  {
    "Brand_Product_Size": "Sunrice Family Size Microwavable White Rice 450g",
    "COL Price": 3.5,
    "COL ppu": "$0.78 per 100G",
    "COL Size": "450g"
  },
  {
    "Brand_Product_Size": "Coles Bakery High Fibre Low Gi 7 Seeds & Grains Toast Bread Loaf 800g",
    "COL Price": 3,
    "COL ppu": "$0.38 per 100G",
    "COL Size": "800g"
  },
  {
    "Brand_Product_Size": "Maui Coconut Milk Shampoo 385mL",
    "COL Price": 22,
    "COL ppu": "$5.71 per 100mL",
    "COL Size": "385mL"
  },
  {
    "Brand_Product_Size": "L'Oreal Paris False Lash Superstar Mascara 13mL",
    "COL Price": 20.3,
    "COL ppu": "$156.15 per 100mL",
    "COL Size": "13mL"
  },
  {
    "Brand_Product_Size": "Aunty Kath's Chocolate Chip Cookie Dough 450g",
    "COL Price": 4.8,
    "COL ppu": "$1.07 per 100G",
    "COL Size": "450g"
  },
  {
    "Brand_Product_Size": "Natural Chip Co. Honey Soy Chicken Potato Chips 175g",
    "COL Price": 3.5,
    "COL ppu": "$2.00 per 100G",
    "COL Size": "175g"
  },
  {
    "Brand_Product_Size": "Fodmapped Green Curry Simmer Sauce 200g",
    "COL Price": 4,
    "COL ppu": "$2.00 per 100G",
    "COL Size": "200g"
  },
  {
    "Brand_Product_Size": "Daley Street Light/Medium Coffee Capsules 10 pack",
    "COL Price": 4,
    "COL ppu": "",
    "COL Size": "10 pack"
  },
  {
    "Brand_Product_Size": "Pantene Micellar Rose Water Shampoo 530mL",
    "COL Price": 18,
    "COL ppu": "$3.40 per 100mL",
    "COL Size": "530mL"
  },
  {
    "Brand_Product_Size": "McCain Frozen Ultra Thin Crust Tandoori Chicken Pizza 320g",
    "COL Price": 5.5,
    "COL ppu": "$1.72 per 100G",
    "COL Size": "320g"
  },
  {
    "Brand_Product_Size": "OB Finest Cranberry & Pumpkin Seed Crackers 150g",
    "COL Price": 6,
    "COL ppu": "$4.00 per 100G",
    "COL Size": "150g"
  },
  {
    "Brand_Product_Size": "McKenzie's Bicarbonate Soda 500g",
    "COL Price": 2.4,
    "COL ppu": "$0.48 per 100G",
    "COL Size": "500g"
  },
  {
    "Brand_Product_Size": "Coles Peas Dehydrated 100g",
    "COL Price": 1.5,
    "COL ppu": "$15.00 per 1Kg",
    "COL Size": "100g"
  },
  {
    "Brand_Product_Size": "Twinings Australian Afternoon Tea Bags 10 pack 20g",
    "COL Price": 2.9,
    "COL ppu": "$0.29 per 1Ea",
    "COL Size": "20g"
  },
  {
    "Brand_Product_Size": "Vittoria Espresso Blend Capsules 10 pack",
    "COL Price": 6,
    "COL ppu": "$0.60 per 1Ea",
    "COL Size": "10 pack"
  },
  {
    "Brand_Product_Size": "Sof Comfort Gel Heel Cup 1 pair",
    "COL Price": 6,
    "COL ppu": "",
    "COL Size": "1 pair"
  },
  {
    "Brand_Product_Size": "Coles Nail Clippers With Nail File 1 pack",
    "COL Price": 3.4,
    "COL ppu": "$3.40 per 1Ea",
    "COL Size": "1 pack"
  },
  {
    "Brand_Product_Size": "Coles Frozen Satay Chicken Meal 375g",
    "COL Price": 3,
    "COL ppu": "$0.80 per 100G",
    "COL Size": "375g"
  },
  {
    "Brand_Product_Size": "Continental Beef Stroganoff Recipe Base Serves 4 40g",
    "COL Price": 1.6,
    "COL ppu": "$4.00 per 100G",
    "COL Size": "40g"
  },
  {
    "Brand_Product_Size": "Rana Goat Cheese And Onion Girasoli 325g",
    "COL Price": 7,
    "COL ppu": "$2.15 per 100G",
    "COL Size": "325g"
  },
  {
    "Brand_Product_Size": "Carman's Macadamia & Raspberry Muesli 400g",
    "COL Price": 6.9,
    "COL ppu": "$1.73 per 100G",
    "COL Size": "400g"
  },
  {
    "Brand_Product_Size": "Cleaver's Beef Mince Free Range Organic 500g",
    "COL Price": 11.75,
    "COL ppu": "$23.50 per 1Kg",
    "COL Size": "500g"
  },
  {
    "Brand_Product_Size": "Coles Gouda Cheese Slices 200g",
    "COL Price": 3.7,
    "COL ppu": "$18.50 per 1Kg",
    "COL Size": "200g"
  },
  {
    "Brand_Product_Size": "Tresemme Professional Shampoo Colour Revitalise 900mL",
    "COL Price": 7,
    "COL ppu": "$0.78 per 100mL",
    "COL Size": "900mL"
  },
  {
    "Brand_Product_Size": "Sandhurst Pitted Kalamata Olives 500g",
    "COL Price": 4.8,
    "COL ppu": "$9.60 per 1Kg",
    "COL Size": "500g"
  },
  {
    "Brand_Product_Size": "Home Chef Grass Fed Beef Cheeks With Red Wine Jus 500g",
    "COL Price": 19.5,
    "COL ppu": "$3.90 per 100G",
    "COL Size": "500g"
  },
  {
    "Brand_Product_Size": "World's Best Clumping Formula Cat Litter 3.63 kg",
    "COL Price": 20,
    "COL ppu": "$5.51 per 1Kg",
    "COL Size": "3.63 kg"
  },
  {
    "Brand_Product_Size": "OB Finest Fig Fruit Paste 100g",
    "COL Price": 5,
    "COL ppu": "$5.00 per 100G",
    "COL Size": "100g"
  },
  {
    "Brand_Product_Size": "Bean Ground & Drunk Organic Decaffeinated Medium Roast Fairtrade Coffee 250g",
    "COL Price": 8.8,
    "COL ppu": "$3.52 per 100G",
    "COL Size": "250g"
  },
  {
    "Brand_Product_Size": "Meat Servery Free Range Chicken Schnitzel approx. 1kg",
    "COL Price": 16,
    "COL ppu": "$16.00 per 1Kg",
    "COL Size": "approx. 1kg"
  },
  {
    "Brand_Product_Size": "Braun Silk Epilator 5 each",
    "COL Price": 70,
    "COL ppu": "$70.00 per 1Ea",
    "COL Size": "each"
  },
  {
    "Brand_Product_Size": "Veet Sensitive Wax Strips 40 pack",
    "COL Price": 15,
    "COL ppu": "$0.38 per 1Ea",
    "COL Size": "40 pack"
  },
  {
    "Brand_Product_Size": "Coles Lasagne Sheets 250g",
    "COL Price": 1.7,
    "COL ppu": "$0.68 per 100G",
    "COL Size": "250g"
  },
  {
    "Brand_Product_Size": "Coles Padron Chillies approx. 50g",
    "COL Price": 1,
    "COL ppu": "$20.00 per 1Kg",
    "COL Size": "approx. 50g"
  },
  {
    "Brand_Product_Size": "Don Double Smoked Sliced Ham 250g",
    "COL Price": 3.2,
    "COL ppu": "$12.80 per 1Kg",
    "COL Size": "250g"
  },
  {
    "Brand_Product_Size": "Schmackos Strapz Dog Treat Beef Chicken And Liver Variety Pack 500g",
    "COL Price": 12.9,
    "COL ppu": "$2.58 per 100G",
    "COL Size": "500g"
  },
  {
    "Brand_Product_Size": "Cook & Dine Black Double Oven Glove each",
    "COL Price": 6.5,
    "COL ppu": "$6.50 per 1ea",
    "COL Size": "each"
  },
  {
    "Brand_Product_Size": "Nice & Natural Roasted Peanut Nut Bars 6 Pack 192g",
    "COL Price": 4,
    "COL ppu": "$2.08 per 100G",
    "COL Size": "192g"
  },
  {
    "Brand_Product_Size": "Mountain Dew Caffeinated Citrus 1.25L",
    "COL Price": 1.3,
    "COL ppu": "$1.04 per 1L",
    "COL Size": "1.25L"
  },
  {
    "Brand_Product_Size": "Coles Bakery Stone Baked by Laurent Mini White Pane Di Casa each",
    "COL Price": 2.85,
    "COL ppu": "$2.85 per 1Ea",
    "COL Size": "each"
  },
  {
    "Brand_Product_Size": "Hashahar H'aole Special Cocoa Spread 454g",
    "COL Price": 6.8,
    "COL ppu": "$1.50 per 100G",
    "COL Size": "454g"
  },
  {
    "Brand_Product_Size": "Schwarzkopf Live Ultra Brights Magnetic Purple Hair Colour 1 pack",
    "COL Price": 5.5,
    "COL ppu": "$5.50 per 1Ea",
    "COL Size": "1 pack"
  },
  {
    "Brand_Product_Size": "Grillman BBQ Digital Flip Tip Thermometer each",
    "COL Price": 15,
    "COL ppu": "$15.00 per 1Ea",
    "COL Size": "each"
  },
  {
    "Brand_Product_Size": "Byron Bay Single White Choc & Macadamia Cookie 60g",
    "COL Price": 1.5,
    "COL ppu": "$2.50 per 100G",
    "COL Size": "60g"
  },
  {
    "Brand_Product_Size": "Coles Chestnuts Prepack 375g",
    "COL Price": 5.9,
    "COL ppu": "$15.73 per 1Kg",
    "COL Size": "375g"
  },
  {
    "Brand_Product_Size": "Noshu 95% Sugar Free White Choc Baking Chips 150g",
    "COL Price": 4,
    "COL ppu": "$2.67 per 100G",
    "COL Size": "150g"
  },
  {
    "Brand_Product_Size": "Coles Green Asparagus 1 bunch",
    "COL Price": 2,
    "COL ppu": "$2.00 per 1Ea",
    "COL Size": "1 bunch"
  },
  {
    "Brand_Product_Size": "Batiste Original Dry Shampoo 400mL",
    "COL Price": 16,
    "COL ppu": "$4.00 per 100mL",
    "COL Size": "400mL"
  },
  {
    "Brand_Product_Size": "Sakata Extra Tasty Cheddar Cheese Rice Crackers 100g",
    "COL Price": 2,
    "COL ppu": "$2.00 per 100G",
    "COL Size": "100g"
  },
  {
    "Brand_Product_Size": "Air Wick Life Scents Turquoise Oasis Freshmatic Refill Pack 157g",
    "COL Price": 8,
    "COL ppu": "$5.10 per 100G",
    "COL Size": "157g"
  },
  {
    "Brand_Product_Size": "Ikina Stainless Steel Double Wall Bottle 600mL each",
    "COL Price": 16,
    "COL ppu": "$16.00 per 1Ea",
    "COL Size": "each"
  },
  {
    "Brand_Product_Size": "Coles Turmeric Ground 47g",
    "COL Price": 1.9,
    "COL ppu": "$0.40 per 10G",
    "COL Size": "47g"
  },
  {
    "Brand_Product_Size": "Old El Paso Stand 'N Stuff Mini Taco Kit Mild 12 pack 275g",
    "COL Price": 5,
    "COL ppu": "$1.82 per 100G",
    "COL Size": "275g"
  },
  {
    "Brand_Product_Size": "Scunci Basic Animal Print Assorted Headwraps 5 pack",
    "COL Price": 10,
    "COL ppu": "$10.00 per 5Ea",
    "COL Size": "5 pack"
  },
  {
    "Brand_Product_Size": "Coles Gourmet BBQ Pulled Pork Burgers 250g",
    "COL Price": 4,
    "COL ppu": "$16.00 per 1Kg",
    "COL Size": "250g"
  },
  {
    "Brand_Product_Size": "Carefree barely There Ultra Thin & Flexible Aloe Vera Liners 42 pack",
    "COL Price": 4.5,
    "COL ppu": "$0.11 per 1Ea",
    "COL Size": "42 pack"
  },
  {
    "Brand_Product_Size": "Arnott's Chocolate Coated Teddy Bear Biscuits 200g",
    "COL Price": 4,
    "COL ppu": "$2.00 per 100G",
    "COL Size": "200g"
  },
  {
    "Brand_Product_Size": "Blackmores Pregnancy Folate Tablets 500mg 90 pack",
    "COL Price": 7.2,
    "COL ppu": "$0.08 per 1Ea",
    "COL Size": "90 pack"
  },
  {
    "Brand_Product_Size": "Minor Figures Latte Coffee & Oat Milk 1L",
    "COL Price": 5.8,
    "COL ppu": "$5.80 per 1L",
    "COL Size": "1L"
  },
  {
    "Brand_Product_Size": "Smiths Poppables Cheddar Cheese 35g",
    "COL Price": 1.5,
    "COL ppu": "$4.29 per 100G",
    "COL Size": "35g"
  },
  {
    "Brand_Product_Size": "Smith's Original Potato Crinkle Chips 380g",
    "COL Price": 7,
    "COL ppu": "$1.84 per 100G",
    "COL Size": "380g"
  },
  {
    "Brand_Product_Size": "L'Oreal Wrinkle Expert 55+ 50mL",
    "COL Price": 15,
    "COL ppu": "$30.00 per 100mL",
    "COL Size": "50mL"
  },
  {
    "Brand_Product_Size": "Coles Finest Traditional Lavosh With Sea Salt 100g",
    "COL Price": 5,
    "COL ppu": "$5.00 per 100G",
    "COL Size": "100g"
  },
  {
    "Brand_Product_Size": "Bondi Sands Self Tanning Mitt each",
    "COL Price": 10,
    "COL ppu": "$10.00 per 1Ea",
    "COL Size": "each"
  },
  {
    "Brand_Product_Size": "MEB Foods Khobz Wholemeal Pita 500g",
    "COL Price": 3.2,
    "COL ppu": "$0.64 per 100G",
    "COL Size": "500g"
  },
  {
    "Brand_Product_Size": "Pauls Vanilla Custard 6x150g 6 pack",
    "COL Price": 6.7,
    "COL ppu": "$1.12 per 1Ea",
    "COL Size": "6 pack"
  },
  {
    "Brand_Product_Size": "Coles Frozen Chicken Breast Tenders 400g",
    "COL Price": 3.5,
    "COL ppu": "$0.88 per 100G",
    "COL Size": "400g"
  },
  {
    "Brand_Product_Size": "Mirabella LED Globe GLS Edison Screw 5.5 watt Warm White each",
    "COL Price": 7,
    "COL ppu": "$7.00 per 1Ea",
    "COL Size": "each"
  },
  {
    "Brand_Product_Size": "Yum Yum Instant Noodles Tom Yum Shrimp 350g",
    "COL Price": 3.5,
    "COL ppu": "$1.00 per 100G",
    "COL Size": "350g"
  },
  {
    "Brand_Product_Size": "Betty Crocker Vanilla Cupcake Mix 450g",
    "COL Price": 5.2,
    "COL ppu": "$1.16 per 100G",
    "COL Size": "450g"
  },
  {
    "Brand_Product_Size": "Dagim Smoked Tuna 120g",
    "COL Price": 7,
    "COL ppu": "$5.83 per 100G",
    "COL Size": "120g"
  },
  {
    "Brand_Product_Size": "Black Swan Limited Edition Creamy Garlic & Souvlaki Spiced Flavoured Dip 200g",
    "COL Price": 4.3,
    "COL ppu": "$2.15 per 100G",
    "COL Size": "200g"
  },
  {
    "Brand_Product_Size": "Head & Shoulders Shampoo Apple Fresh 660mL",
    "COL Price": 17,
    "COL ppu": "$2.58 per 100mL",
    "COL Size": "660mL"
  },
  {
    "Brand_Product_Size": "Coles 2 Serve Soup Beef Pho With Noodles 60g",
    "COL Price": 1,
    "COL ppu": "$1.67 per 100G",
    "COL Size": "60g"
  },
  {
    "Brand_Product_Size": "Schwarzkopf Ultra Bright's Live Colour Turquoise Temptation 1 pack",
    "COL Price": 5.5,
    "COL ppu": "$5.50 per 1Ea",
    "COL Size": "1 pack"
  },
  {
    "Brand_Product_Size": "Coca-Cola Classic Coke 2L",
    "COL Price": 2.85,
    "COL ppu": "$1.43 per 1L",
    "COL Size": "2L"
  },
  {
    "Brand_Product_Size": "Bonne Maman Blueberry Jam 370g",
    "COL Price": 5.2,
    "COL ppu": "$1.41 per 100G",
    "COL Size": "370g"
  },
  {
    "Brand_Product_Size": "Coles Baby Peas 420g",
    "COL Price": 0.85,
    "COL ppu": "$2.02 per 1Kg",
    "COL Size": "420g"
  },
  {
    "Brand_Product_Size": "Pana Organic Dairy Free Salted Caramel Ice Cream Tub 475mL",
    "COL Price": 11,
    "COL ppu": "$2.32 per 100mL",
    "COL Size": "475mL"
  },
  {
    "Brand_Product_Size": "Ner Zion Memorial Tinned Candles 1 pack",
    "COL Price": 1.3,
    "COL ppu": "$1.30 per 1Ea",
    "COL Size": "1 pack"
  },
  {
    "Brand_Product_Size": "Duracell Ultra Performance AAA Alkaline Batteries 4 pack",
    "COL Price": 9.9,
    "COL ppu": "$2.48 per 1Ea",
    "COL Size": "4 pack"
  },
  {
    "Brand_Product_Size": "Panadol Mini Caps for Pain Relief Paracetamol 500mg 20 pack",
    "COL Price": 4.2,
    "COL ppu": "$0.21 per 1Ea",
    "COL Size": "20 pack"
  },
  {
    "Brand_Product_Size": "Continental Kosher Butchers Boerewors 650g",
    "COL Price": 13.75,
    "COL ppu": "$21.15 per 1Kg",
    "COL Size": "650g"
  },
  {
    "Brand_Product_Size": "Maybelline Volume Express Glam Black Mascara 9.7mL",
    "COL Price": 14,
    "COL ppu": "$14.43 per 10mL",
    "COL Size": "9.7mL"
  },
  {
    "Brand_Product_Size": "Mother Earth Raspberry & White Chocolate Baked Oaty Slice 240g",
    "COL Price": 3,
    "COL ppu": "$1.25 per 100G",
    "COL Size": "240g"
  },
  {
    "Brand_Product_Size": "Memori Puff Paratha Original 480g",
    "COL Price": 5.04,
    "COL ppu": "$1.05 per 100G",
    "COL Size": "480g"
  },
  {
    "Brand_Product_Size": "Coles Deli Salads Tub Medium Classic Potato medium",
    "COL Price": 5,
    "COL ppu": "$5.00 per 1Ea",
    "COL Size": "medium"
  },
  {
    "Brand_Product_Size": "5 Gum Stick Chewing Gum Watermelon 3 Pack 96g",
    "COL Price": 4,
    "COL ppu": "$4.17 per 100G",
    "COL Size": "96g"
  },
  {
    "Brand_Product_Size": "L'Oreal Revitalift Laser Renew Eye Cream 15mL",
    "COL Price": 35,
    "COL ppu": "$233.35 per 100mL",
    "COL Size": "15mL"
  },
  {
    "Brand_Product_Size": "Applaws Cat Treat Tuna Loin 30g",
    "COL Price": 2.7,
    "COL ppu": "$9.00 per 100G",
    "COL Size": "30g"
  },
  {
    "Brand_Product_Size": "Arnott's Chicken Crimpy Shapes 175g",
    "COL Price": 3.2,
    "COL ppu": "$1.83 per 100G",
    "COL Size": "175g"
  },
  {
    "Brand_Product_Size": "Cleaver's Beef Chuck Steak Organic approx. 700g pack",
    "COL Price": 16.38,
    "COL ppu": "$23.40 per 1kg",
    "COL Size": "approx. 700g pack"
  },
  {
    "Brand_Product_Size": "Gefen Chicken Noodle Soup 66g",
    "COL Price": 2.3,
    "COL ppu": "$3.48 per 100G",
    "COL Size": "66g"
  },
  {
    "Brand_Product_Size": "Rimmel Provoca Lips Kiss Me Fool Lip Colour 7mL",
    "COL Price": 11.4,
    "COL ppu": "$95.00 per 10G",
    "COL Size": "7mL"
  },
  {
    "Brand_Product_Size": "Haolam String Cheese 510g",
    "COL Price": 19.5,
    "COL ppu": "$38.24 per 1Kg",
    "COL Size": "510g"
  },
  {
    "Brand_Product_Size": "Nescafe Farmers Origins Colombia Ristretto Decaf 10 pack",
    "COL Price": 6.2,
    "COL ppu": "$0.62 per 1Ea",
    "COL Size": "10 pack"
  },
  {
    "Brand_Product_Size": "Herron Nicaway Nicotine Lozenge 2mg 72 pack",
    "COL Price": 20,
    "COL ppu": "$0.28 per 1Ea",
    "COL Size": "72 pack"
  },
  {
    "Brand_Product_Size": "Ion Laundry Liquid Concentrate Sensitive 2L",
    "COL Price": 9,
    "COL ppu": "$4.50 per 1L",
    "COL Size": "2L"
  },
  {
    "Brand_Product_Size": "Cenovis Women's Multi+ Energy Boost Once Daily Capsules 100 pack",
    "COL Price": 30,
    "COL ppu": "$0.30 per 1Ea",
    "COL Size": "100 pack"
  },
  {
    "Brand_Product_Size": "Olina's Simply Seed Crackers Moroccan Dukka 80g",
    "COL Price": 4,
    "COL ppu": "$5.00 per 100G",
    "COL Size": "80g"
  },
  {
    "Brand_Product_Size": "Armor All Multi Purpose Cleaner 500mL",
    "COL Price": 9,
    "COL ppu": "$9.00 per 1ea",
    "COL Size": "500mL"
  },
  {
    "Brand_Product_Size": "Coles I'M Free From Branflakes With Raisins 250g",
    "COL Price": 3,
    "COL ppu": "$1.20 per 100G",
    "COL Size": "250g"
  },
  {
    "Brand_Product_Size": "Raguletto Red Wine & Garlic Pasta Sauce 500g",
    "COL Price": 1.8,
    "COL ppu": "$0.36 per 100G",
    "COL Size": "500g"
  },
  {
    "Brand_Product_Size": "Doritos Mild Salsa 300g",
    "COL Price": 2.5,
    "COL ppu": "$0.83 per 100G",
    "COL Size": "300g"
  },
  {
    "Brand_Product_Size": "Chicco D'Oro Premium Blend Delta Ground Coffee 200g",
    "COL Price": 3,
    "COL ppu": "$1.50 per 100G",
    "COL Size": "200g"
  },
  {
    "Brand_Product_Size": "Cardini's Salad Dressing Caesar 350mL",
    "COL Price": 5.3,
    "COL ppu": "$1.51 per 100mL",
    "COL Size": "350mL"
  },
  {
    "Brand_Product_Size": "Coles Urban Coffee Culture Medium Roast Ground Coffee 250g",
    "COL Price": 4.5,
    "COL ppu": "$1.80 per 100G",
    "COL Size": "250g"
  },
  {
    "Brand_Product_Size": "Nature's Gift Just Natural Strips Gravy Style  Chicken With Carrots & Peas Dog Food 100g",
    "COL Price": 1,
    "COL ppu": "$1.00 per 100G",
    "COL Size": "100g"
  },
  {
    "Brand_Product_Size": "Coles Organic Unsweetened Almond Milk 1L",
    "COL Price": 2.8,
    "COL ppu": "$2.80 per 1L",
    "COL Size": "1L"
  },
  {
    "Brand_Product_Size": "Laucke Wallaby Bakers Plain Flour 5kg",
    "COL Price": 11.85,
    "COL ppu": "$2.37 per 1Kg",
    "COL Size": "5kg"
  },
  {
    "Brand_Product_Size": "MasterFoods Tarragon Leaves 7g",
    "COL Price": 3.05,
    "COL ppu": "$4.36 per 10G",
    "COL Size": "7g"
  },
  {
    "Brand_Product_Size": "3M Command Small & Medium Picture Hanging Strips Value Pack 12 pack",
    "COL Price": 18,
    "COL ppu": "$18.00 per 1ea",
    "COL Size": "12 pack"
  },
  {
    "Brand_Product_Size": "Oates Wizard Duster 1each",
    "COL Price": 9,
    "COL ppu": "$9.00 per 1Ea",
    "COL Size": "1each"
  },
  {
    "Brand_Product_Size": "Tempo Fresh Light Milk 2L",
    "COL Price": 5.5,
    "COL ppu": "$2.75 per 1L",
    "COL Size": "2L"
  },
  {
    "Brand_Product_Size": "Nissin Sesame Oil Instant Noodles 100g",
    "COL Price": 1.4,
    "COL ppu": "$1.40 per 100G",
    "COL Size": "100g"
  },
  {
    "Brand_Product_Size": "L'Oreal Age Perfect Wipes 25 pack",
    "COL Price": 4.9,
    "COL ppu": "$0.20 per 1Ea",
    "COL Size": "25 pack"
  },
  {
    "Brand_Product_Size": "Coca-Cola Classic Coke Multipack Cans 375mL 30 pack",
    "COL Price": 38.9,
    "COL ppu": "$3.46 per 1L",
    "COL Size": "30 pack"
  },
  {
    "Brand_Product_Size": "Schwarzkopf Brilliance Blue Black 91 Permanent Hair Colour 1 pack",
    "COL Price": 14.4,
    "COL ppu": "$14.40 per 1Ea",
    "COL Size": "1 pack"
  },
  {
    "Brand_Product_Size": "Old El Paso Spice Mix For Tacos Mild 30g",
    "COL Price": 2,
    "COL ppu": "$0.67 per 10G",
    "COL Size": "30g"
  },
  {
    "Brand_Product_Size": "Braun Beardtrim BT3000 each",
    "COL Price": 50,
    "COL ppu": "$50.00 per 1Ea",
    "COL Size": "each"
  },
  {
    "Brand_Product_Size": "Sistema Klip It Plus Rectangle Container 450mL each",
    "COL Price": 2.25,
    "COL ppu": "$2.25 per 1Ea",
    "COL Size": "each"
  },
  {
    "Brand_Product_Size": "Coles LED 10 watt Edison Screw Cool White Globe 2 pack",
    "COL Price": 10,
    "COL ppu": "$5.00 per 1Ea",
    "COL Size": "2 pack"
  },
  {
    "Brand_Product_Size": "Heinz Lite Mayonnaise Shredded Chicken 85g",
    "COL Price": 1.5,
    "COL ppu": "$17.65 per 1Kg",
    "COL Size": "85g"
  },
  {
    "Brand_Product_Size": "Coles Lamb Leg Steak With Middle Eastern Rub 450g",
    "COL Price": 14.5,
    "COL ppu": "$32.22 per 1Kg",
    "COL Size": "450g"
  },
  {
    "Brand_Product_Size": "Coles Deli Style Natural Sea Salt Potato Chips 200g",
    "COL Price": 2.5,
    "COL ppu": "$1.25 per 100G",
    "COL Size": "200g"
  },
  {
    "Brand_Product_Size": "Perfect Italiano Grated Cheese Perfect Pizza 450g",
    "COL Price": 6,
    "COL ppu": "$1.33 per 100G",
    "COL Size": "450g"
  },
  {
    "Brand_Product_Size": "Ostelin Calcium & Vitamin D3 Tablets 130 pack",
    "COL Price": 26,
    "COL ppu": "$0.20 per 1Ea",
    "COL Size": "130 pack"
  },
  {
    "Brand_Product_Size": "Primo Lite Dairy Ham Shaved Honey Baked 100g",
    "COL Price": 3.25,
    "COL ppu": "$32.50 per 1Kg",
    "COL Size": "100g"
  },
  {
    "Brand_Product_Size": "Sanitarium UP&GO Liquid Breakfast Choc Ice 1L",
    "COL Price": 4.8,
    "COL ppu": "$4.80 per 1L",
    "COL Size": "1L"
  },
  {
    "Brand_Product_Size": "South Cape Greek Style Fetta 200g",
    "COL Price": 5,
    "COL ppu": "$25.00 per 1Kg",
    "COL Size": "200g"
  },
  {
    "Brand_Product_Size": "Olinas Lavosh Crackers Pecorino & Cracked 100g",
    "COL Price": 4,
    "COL ppu": "$4.00 per 100G",
    "COL Size": "100g"
  },
  {
    "Brand_Product_Size": "Campbell's Chunky Soup Irish Stew Style 505g",
    "COL Price": 3.5,
    "COL ppu": "$0.69 per 100G",
    "COL Size": "505g"
  },
  {
    "Brand_Product_Size": "Coles Italian Grana Padano 250g",
    "COL Price": 6.85,
    "COL ppu": "$27.40 per 1Kg",
    "COL Size": "250g"
  },
  {
    "Brand_Product_Size": "Swisse Ultiboost Odorless High Strength Wild Fish Oil 1500mg 400 pack",
    "COL Price": 17.5,
    "COL ppu": "$4.38 per 100Ea",
    "COL Size": "400 pack"
  },
  {
    "Brand_Product_Size": "Coles Seedless Watermelon Cut approx 1.99 kg each",
    "COL Price": 6.965,
    "COL ppu": "$3.50 per 1Kg",
    "COL Size": "approx 1.99 kg each"
  },
  {
    "Brand_Product_Size": "Tamar Valley Low Fat Greek Style Yoghurt Tubs 6 pack 750g",
    "COL Price": 6.9,
    "COL ppu": "$0.92 per 100G",
    "COL Size": "750g"
  },
  {
    "Brand_Product_Size": "Coles Lined Sticky Notes 100 Sheets 3 pack",
    "COL Price": 5,
    "COL ppu": "$1.67 per 1Ea",
    "COL Size": "3 pack"
  },
  {
    "Brand_Product_Size": "Steggles Oven Roasted Turkey Breast approx. 125g pack",
    "COL Price": 3.5,
    "COL ppu": "$28.00 per 1Kg",
    "COL Size": "approx. 125g pack"
  },
  {
    "Brand_Product_Size": "Stagg Chili Dynamite Hot Chili With Beans 425g",
    "COL Price": 3.2,
    "COL ppu": "$0.75 per 100G",
    "COL Size": "425g"
  },
  {
    "Brand_Product_Size": "Toolworx Hook Set 1 pack",
    "COL Price": 5.25,
    "COL ppu": "",
    "COL Size": "1 pack"
  },
  {
    "Brand_Product_Size": "Obento Tonkatsu Sauce 250mL",
    "COL Price": 3,
    "COL ppu": "$1.20 per 100mL",
    "COL Size": "250mL"
  },
  {
    "Brand_Product_Size": "Sunrice Long Grain White Rice Cup 2 pack 250g",
    "COL Price": 2.5,
    "COL ppu": "$1.00 per 100G",
    "COL Size": "250g"
  },
  {
    "Brand_Product_Size": "I Love Cookies Caramelised White Choc Cookies 185g",
    "COL Price": 4,
    "COL ppu": "$2.16 per 100G",
    "COL Size": "185g"
  },
  {
    "Brand_Product_Size": "Strepsils Double Antibacterial  Soothing Sore Throat Lozenges Honey and Lemon 36 pack",
    "COL Price": 10.5,
    "COL ppu": "$0.29 per 1Ea",
    "COL Size": "36 pack"
  },
  {
    "Brand_Product_Size": "Just For Men Brown Black Hair Colour 100g",
    "COL Price": 13.5,
    "COL ppu": "$13.50 per 100G",
    "COL Size": "100g"
  },
  {
    "Brand_Product_Size": "Coles Cheese Tubes 170g",
    "COL Price": 1.5,
    "COL ppu": "$0.88 per 100G",
    "COL Size": "170g"
  },
  {
    "Brand_Product_Size": "Multix Large Freezer Bags 45cm x 30cm 40 pack",
    "COL Price": 2.4,
    "COL ppu": "$0.06 per 1Ea",
    "COL Size": "40 pack"
  },
  {
    "Brand_Product_Size": "Colgate 360 Advanced Medium Manual Toothbrush 1 pack",
    "COL Price": 6,
    "COL ppu": "$6.00 per 1Ea",
    "COL Size": "1 pack"
  },
  {
    "Brand_Product_Size": "Trident Thai Sweet Chilli Sauce 730mL",
    "COL Price": 4.3,
    "COL ppu": "$0.59 per 100mL",
    "COL Size": "730mL"
  },
  {
    "Brand_Product_Size": "Coles Organic Green Beans Prepacked 250g",
    "COL Price": 5.5,
    "COL ppu": "$22.00 per 1Kg",
    "COL Size": "250g"
  },
  {
    "Brand_Product_Size": "Rokeby Farms Probiotic Filmjolk Blueberry Yoghurt 750g",
    "COL Price": 5,
    "COL ppu": "$0.67 per 100G",
    "COL Size": "750g"
  },
  {
    "Brand_Product_Size": "Lewis & Son Beetroot Kimchi 500g",
    "COL Price": 15.5,
    "COL ppu": "$3.10 per 100G",
    "COL Size": "500g"
  },
  {
    "Brand_Product_Size": "Coles Italian Passata Sauce 690g",
    "COL Price": 1.55,
    "COL ppu": "$0.22 per 100G",
    "COL Size": "690g"
  },
  {
    "Brand_Product_Size": "Lieber's Bar-B-Q Corn Chips 300g",
    "COL Price": 4.6,
    "COL ppu": "$1.53 per 100G",
    "COL Size": "300g"
  },
  {
    "Brand_Product_Size": "Coles Silicone Ear Plugs 3 pack",
    "COL Price": 8,
    "COL ppu": "$2.67 per 1Ea",
    "COL Size": "3 pack"
  },
  {
    "Brand_Product_Size": "Cub Bliss Bites Apricot & Oat 150g",
    "COL Price": 5,
    "COL ppu": "$3.33 per 100G",
    "COL Size": "150g"
  },
  {
    "Brand_Product_Size": "Clearwipe Lens Cleaner 60 pack",
    "COL Price": 9.3,
    "COL ppu": "$0.16 per 1Ea",
    "COL Size": "60 pack"
  },
  {
    "Brand_Product_Size": "Yeo's Lemon Tea Drink 6 pack",
    "COL Price": 3.7,
    "COL ppu": "$0.62 per 1Ea",
    "COL Size": "6 pack"
  },
  {
    "Brand_Product_Size": "Ricci's Bikkies Herbed Turkish Bread 120g",
    "COL Price": 6.9,
    "COL ppu": "$5.75 per 100G",
    "COL Size": "120g"
  },
  {
    "Brand_Product_Size": "Danone The Ultimate Succulent Strawberry Yoghurt 4x115g 4 pack",
    "COL Price": 4.5,
    "COL ppu": "$0.98 per 100G",
    "COL Size": "4 pack"
  },
  {
    "Brand_Product_Size": "Coles Kitchen Made For Sharing Greek Style Salad Kit 500g",
    "COL Price": 9,
    "COL ppu": "$1.80 per 100G",
    "COL Size": "500g"
  },
  {
    "Brand_Product_Size": "Glad Cling Wrap 60m x 33cm 60m",
    "COL Price": 4.5,
    "COL ppu": "$0.08 per 1M",
    "COL Size": "60m"
  },
  {
    "Brand_Product_Size": "Sam's Frozen Pelmeni Vareniki with Sour Cherry Pasta 800g",
    "COL Price": 14,
    "COL ppu": "$1.75 per 100G",
    "COL Size": "800g"
  },
  {
    "Brand_Product_Size": "Kan Tong Sticky Chicken Soy Honey & Garlic Sauce 175g",
    "COL Price": 2.9,
    "COL ppu": "$1.66 per 100G",
    "COL Size": "175g"
  },
  {
    "Brand_Product_Size": "Beechworth Pure Australian Honey 500g",
    "COL Price": 8.75,
    "COL ppu": "$1.75 per 100G",
    "COL Size": "500g"
  },
  {
    "Brand_Product_Size": "Mount Franklin Lightly Sparkling Lime Water Can 250mL",
    "COL Price": 2.15,
    "COL ppu": "$8.60 per 1L",
    "COL Size": "250mL"
  },
  {
    "Brand_Product_Size": "Coles Oyster Sauce 300mL",
    "COL Price": 2.1,
    "COL ppu": "$0.70 per 100mL",
    "COL Size": "300mL"
  },
  {
    "Brand_Product_Size": "Coles Finest Pain Au Chocolate 2 pack",
    "COL Price": 4,
    "COL ppu": "$2.00 per 1Ea",
    "COL Size": "2 pack"
  },
  {
    "Brand_Product_Size": "Coles Kitchen Cauliflower Rice 300g",
    "COL Price": 3,
    "COL ppu": "$1.00 per 100G",
    "COL Size": "300g"
  },
  {
    "Brand_Product_Size": "Poise Overnight Heavy Pads 16 pack",
    "COL Price": 10,
    "COL ppu": "$0.63 per 1Ea",
    "COL Size": "16 pack"
  },
  {
    "Brand_Product_Size": "Natural Chip Co Chips Lentil Craves Sour Cream & Chives 100g",
    "COL Price": 1.75,
    "COL ppu": "$1.75 per 100G",
    "COL Size": "100g"
  },
  {
    "Brand_Product_Size": "I Love Cookies Cookie Rainbow Choc Single Big 50g",
    "COL Price": 2,
    "COL ppu": "$4.00 per 100G",
    "COL Size": "50g"
  },
  {
    "Brand_Product_Size": "Cook & Dine Bamboo Coasters 4 pack",
    "COL Price": 4.8,
    "COL ppu": "$1.20 per 1Ea",
    "COL Size": "4 pack"
  },
  {
    "Brand_Product_Size": "Blue Diamond Almond Breeze Unsweetened Almond Milk 1L",
    "COL Price": 2.5,
    "COL ppu": "$2.50 per 1L",
    "COL Size": "1L"
  },
  {
    "Brand_Product_Size": "Maybelline Dream Urban Cover Natural Beige Foundation 30mL",
    "COL Price": 18.2,
    "COL ppu": "$6.07 per 10mL",
    "COL Size": "30mL"
  },
  {
    "Brand_Product_Size": "Coles Apple Juice 2L",
    "COL Price": 5,
    "COL ppu": "$2.50 per 1L",
    "COL Size": "2L"
  },
  {
    "Brand_Product_Size": "Coles Apple Crown Danishes 2 pack",
    "COL Price": 3,
    "COL ppu": "$1.50 per 1Ea",
    "COL Size": "2 pack"
  },
  {
    "Brand_Product_Size": "Cadbury Dairy Milk Furry Friends 100g",
    "COL Price": 3.5,
    "COL ppu": "$3.50 per 100G",
    "COL Size": "100g"
  },
  {
    "Brand_Product_Size": "Cadbury Dairy Milk Freddo Adventure 3D each",
    "COL Price": 0.01,
    "COL ppu": "$0.01 per 1Ea",
    "COL Size": "each"
  },
  {
    "Brand_Product_Size": "McKenzie's Italian Style Soup Mix 375g",
    "COL Price": 2.3,
    "COL ppu": "$0.61 per 100G",
    "COL Size": "375g"
  },
  {
    "Brand_Product_Size": "Kewpie Japanese Dressing Roasted Sesame 210mL",
    "COL Price": 4.6,
    "COL ppu": "$2.19 per 100mL",
    "COL Size": "210mL"
  },
  {
    "Brand_Product_Size": "Biore Charcoal Nose Pore Strips 6 pack",
    "COL Price": 7.5,
    "COL ppu": "$1.25 per 1Ea",
    "COL Size": "6 pack"
  },
  {
    "Brand_Product_Size": "Tasmanian Heritage Triple Cream Brie Oval 125g",
    "COL Price": 5.25,
    "COL ppu": "$42.00 per 1Kg",
    "COL Size": "125g"
  },
  {
    "Brand_Product_Size": "Oxo Chicken Stock Cubes 71g",
    "COL Price": 2,
    "COL ppu": "$0.28 per 10G",
    "COL Size": "71g"
  },
  {
    "Brand_Product_Size": "Coles Orange Juice Chilled 2L",
    "COL Price": 5,
    "COL ppu": "$2.50 per 1L",
    "COL Size": "2L"
  },
  {
    "Brand_Product_Size": "Olympian Egg Noodle Pasta Medium 250g",
    "COL Price": 2.9,
    "COL ppu": "$1.16 per 100G",
    "COL Size": "250g"
  },
  {
    "Brand_Product_Size": "Smiths Baked Salt 5 pack 130g",
    "COL Price": 4.65,
    "COL ppu": "$3.58 per 100G",
    "COL Size": "130g"
  },
  {
    "Brand_Product_Size": "Ocean Spray Low Sugar Cranberry Drink 1.5L",
    "COL Price": 4.05,
    "COL ppu": "$2.70 per 1L",
    "COL Size": "1.5L"
  },
  {
    "Brand_Product_Size": "Pepsi Drink 600ml Pepsi Max Mango 600mL",
    "COL Price": 3,
    "COL ppu": "$0.50 per 100mL",
    "COL Size": "600mL"
  },
  {
    "Brand_Product_Size": "Bonds Mens Active Fit Trunk MXQ6G Size S/M 1 pack",
    "COL Price": 24,
    "COL ppu": "$24.00 per 1Ea",
    "COL Size": "1 pack"
  },
  {
    "Brand_Product_Size": "Kraft Easy Mac Classic Cheese Pasta & Sauce Microwavable Macaroni Meal Multi 4 Pack 280g",
    "COL Price": 3.3,
    "COL ppu": "$1.18 per 100G",
    "COL Size": "280g"
  },
  {
    "Brand_Product_Size": "Sukin Hydration Deeply Hydrating Sheet Mask 1 pack",
    "COL Price": 9,
    "COL ppu": "$9.00 per 1Ea",
    "COL Size": "1 pack"
  },
  {
    "Brand_Product_Size": "Cook & Dine Patterned Serviettes 50 pack",
    "COL Price": 3,
    "COL ppu": "$0.06 per 1Ea",
    "COL Size": "50 pack"
  },
  {
    "Brand_Product_Size": "Lavazza Espresso Passionale Intensita 11 Ground Coffee 16 Capsules 120g",
    "COL Price": 11,
    "COL ppu": "$9.17 per 100G",
    "COL Size": "120g"
  },
  {
    "Brand_Product_Size": "Coles Sweet Corn Prepacked 4 pack",
    "COL Price": 4.5,
    "COL ppu": "$1.13 per 1Ea",
    "COL Size": "4 pack"
  },
  {
    "Brand_Product_Size": "4 legs Natural Wellness Boost Dog Food With Kangaroo Vegies & Fruit Meatballs 870g",
    "COL Price": 4.5,
    "COL ppu": "$0.52 per 100G",
    "COL Size": "870g"
  },
  {
    "Brand_Product_Size": "Coles Deli Mediterranean Mixed Olives 130g",
    "COL Price": 3.5,
    "COL ppu": "$26.92 per 1Kg",
    "COL Size": "130g"
  },
  {
    "Brand_Product_Size": "Vs The Home Cut For Men 1 pack",
    "COL Price": 19.5,
    "COL ppu": "$19.50 per 1Ea",
    "COL Size": "1 pack"
  },
  {
    "Brand_Product_Size": "Tasti Smooshed Wholefood Balls Cacao Brownie 69g",
    "COL Price": 3.3,
    "COL ppu": "$4.78 per 100G",
    "COL Size": "69g"
  },
  {
    "Brand_Product_Size": "Ching's Schezwan Instant Noodles 240g",
    "COL Price": 2.2,
    "COL ppu": "$0.92 per 100G",
    "COL Size": "240g"
  },
  {
    "Brand_Product_Size": "Cook & Dine Patterned Large Plate each",
    "COL Price": 6,
    "COL ppu": "$6.00 per 1Ea",
    "COL Size": "each"
  },
  {
    "Brand_Product_Size": "Darrell Lea Caramel Clouds Milk Chocolate 160g",
    "COL Price": 4.4,
    "COL ppu": "$2.75 per 100G",
    "COL Size": "160g"
  },
  {
    "Brand_Product_Size": "Smith's Crinkle Cut Cheese & Onion Potato Chips 170g",
    "COL Price": 3.5,
    "COL ppu": "$2.06 per 100G",
    "COL Size": "170g"
  },
  {
    "Brand_Product_Size": "Creative Gourmet Frozen Mixed Berries 750g",
    "COL Price": 8,
    "COL ppu": "$1.07 per 100G",
    "COL Size": "750g"
  },
  {
    "Brand_Product_Size": "Monday Volume Conditioner 350mL",
    "COL Price": 7,
    "COL ppu": "$2.00 per 100mL",
    "COL Size": "350mL"
  },
  {
    "Brand_Product_Size": "Purina Felix Doubly Delicious Meat Selection In Jelly 12 pack",
    "COL Price": 11.5,
    "COL ppu": "$1.13 per 100G",
    "COL Size": "12 pack"
  },
  {
    "Brand_Product_Size": "Whittaker's Hazelnut Milk Chocolate Block 200g",
    "COL Price": 6,
    "COL ppu": "$3.00 per 100G",
    "COL Size": "200g"
  },
  {
    "Brand_Product_Size": "Cook & Dine Plastic Forks 50 pack",
    "COL Price": 2,
    "COL ppu": "$4.00 per 100Ea",
    "COL Size": "50 pack"
  },
  {
    "Brand_Product_Size": "Cook & Dine Multi Purpose Spatula each",
    "COL Price": 5,
    "COL ppu": "$5.00 per 1Ea",
    "COL Size": "each"
  },
  {
    "Brand_Product_Size": "Coles Nature's Kitchen Curried Pumpkin & Corn Burger 250g",
    "COL Price": 3.5,
    "COL ppu": "$1.40 per 100G",
    "COL Size": "250g"
  },
  {
    "Brand_Product_Size": "Always Discreet Underwear Pants Large For Bladder Leaks 8 pack",
    "COL Price": 20,
    "COL ppu": "$2.50 per 1Ea",
    "COL Size": "8 pack"
  },
  {
    "Brand_Product_Size": "Ajishima Freeze Dried Miso Soup With Bean Curd 12g",
    "COL Price": 2.6,
    "COL ppu": "$2.17 per 10G",
    "COL Size": "12g"
  },
  {
    "Brand_Product_Size": "Well Naturally Chocolate Rich Dark Bar 45g",
    "COL Price": 2.85,
    "COL ppu": "$6.33 per 100G",
    "COL Size": "45g"
  },
  {
    "Brand_Product_Size": "Yumi's Classic Falafel Balls 225g",
    "COL Price": 4.5,
    "COL ppu": "$2.00 per 100G",
    "COL Size": "225g"
  },
  {
    "Brand_Product_Size": "Manicare Gold Tip Slant Tweezer 1 pack",
    "COL Price": 10.3,
    "COL ppu": "$10.30 per 1Ea",
    "COL Size": "1 pack"
  },
  {
    "Brand_Product_Size": "Moccona Caramel Flavor Infused Instant Coffee 95g",
    "COL Price": 9.95,
    "COL ppu": "$10.47 per 100G",
    "COL Size": "95g"
  },
  {
    "Brand_Product_Size": "Coles Tasmanian Cold Smoked Salmon 500g",
    "COL Price": 20,
    "COL ppu": "$4.00 per 100G",
    "COL Size": "500g"
  },
  {
    "Brand_Product_Size": "Kinor Muscat Grape Juice Bottle 750mL",
    "COL Price": 6.15,
    "COL ppu": "$8.20 per 1L",
    "COL Size": "750mL"
  },
  {
    "Brand_Product_Size": "Oak Vanilla Malt Flavoured Milk 600mL",
    "COL Price": 3.1,
    "COL ppu": "$5.17 per 1L",
    "COL Size": "600mL"
  },
  {
    "Brand_Product_Size": "Ogx Dry Shampoo Morocco Argan Oil 200mL",
    "COL Price": 20,
    "COL ppu": "$10.00 per 100mL",
    "COL Size": "200mL"
  },
  {
    "Brand_Product_Size": "Fancy Feast Petit Cuisine Salmon Chicken Cat Food 50G 6 pack",
    "COL Price": 5,
    "COL ppu": "$1.67 per 100G",
    "COL Size": "6 pack"
  },
  {
    "Brand_Product_Size": "Optimum Puppy Chicken Wet Dog Food Tray 100g",
    "COL Price": 1.5,
    "COL ppu": "$1.50 per 100G",
    "COL Size": "100g"
  },
  {
    "Brand_Product_Size": "Uncle Toby's Strawberry Flavour Roll Ups 6 pack 94g",
    "COL Price": 2,
    "COL ppu": "$2.13 per 1G",
    "COL Size": "94g"
  },
  {
    "Brand_Product_Size": "Organic Choice Air Freshener & Linen Spray West Indian Lime & Coconut 200mL",
    "COL Price": 5,
    "COL ppu": "$0.25 per 10mL",
    "COL Size": "200mL"
  },
  {
    "Brand_Product_Size": "Coles Frozen Party Sausage Rolls 24 pack 1kg",
    "COL Price": 6.5,
    "COL ppu": "$0.65 per 100G",
    "COL Size": "1kg"
  },
  {
    "Brand_Product_Size": "Slendier Vegetable Fettuccine With Arrabbiata Sauce 310g",
    "COL Price": 4.7,
    "COL ppu": "$1.52 per 100G",
    "COL Size": "310g"
  },
  {
    "Brand_Product_Size": "Coles Finest Black Olive Tapenade 95g",
    "COL Price": 3.5,
    "COL ppu": "$3.68 per 100G",
    "COL Size": "95g"
  },
  {
    "Brand_Product_Size": "Outback Spirit Kakadu Plum Sweet Chilli Sauce 245mL",
    "COL Price": 3,
    "COL ppu": "$1.22 per 100mL",
    "COL Size": "245mL"
  },
  {
    "Brand_Product_Size": "Uncle Toby's Strawberry Flavour Roll Ups 6 pack 94g",
    "COL Price": 2,
    "COL ppu": "$2.13 per 1G",
    "COL Size": "94g"
  },
  {
    "Brand_Product_Size": "Coles Kitchen Vegetable Lasagne 1.2 kg",
    "COL Price": 12,
    "COL ppu": "$1.00 per 100G",
    "COL Size": "1.2 kg"
  },
  {
    "Brand_Product_Size": "Brunswick Original Kippers Boneless Herring Fillets 100g",
    "COL Price": 2.1,
    "COL ppu": "$21.00 per 1Kg",
    "COL Size": "100g"
  },
  {
    "Brand_Product_Size": "Kewpie Mayonnaise 300g",
    "COL Price": 4.7,
    "COL ppu": "$1.57 per 100G",
    "COL Size": "300g"
  },
  {
    "Brand_Product_Size": "Coles Globe Artichokes each",
    "COL Price": 2.5,
    "COL ppu": "$2.50 per 1Ea",
    "COL Size": "each"
  },
  {
    "Brand_Product_Size": "Birds Eye Frozen Deli New Zealand Whiting Crisp Light Batter Fillets 5 Pack 250g",
    "COL Price": 7.5,
    "COL ppu": "$3.00 per 100G",
    "COL Size": "250g"
  },
  {
    "Brand_Product_Size": "Coles Continental Parsley Punnets Prepacked 15g",
    "COL Price": 3,
    "COL ppu": "$2.00 per 10G",
    "COL Size": "15g"
  },
  {
    "Brand_Product_Size": "Oral B Sensitive Brush Head Refills 6 pack",
    "COL Price": 28,
    "COL ppu": "$4.67 per 1Ea",
    "COL Size": "6 pack"
  },
  {
    "Brand_Product_Size": "Dilmah Extra Strength Premium Ceylon Tea Bags 50 Pack 120g",
    "COL Price": 3.7,
    "COL ppu": "$3.08 per 100G",
    "COL Size": "120g"
  },
  {
    "Brand_Product_Size": "Gippsland Dairy Boysenberry Twist Yoghurt 160g",
    "COL Price": 2.5,
    "COL ppu": "$1.56 per 100G",
    "COL Size": "160g"
  },
  {
    "Brand_Product_Size": "Tip Top The One Wholemeal Sandwich Bread 700g",
    "COL Price": 3.4,
    "COL ppu": "$0.49 per 100G",
    "COL Size": "700g"
  },
  {
    "Brand_Product_Size": "Vegie Delights Vegie Sausages 300g",
    "COL Price": 6,
    "COL ppu": "$2.00 per 100G",
    "COL Size": "300g"
  },
  {
    "Brand_Product_Size": "Coles Beef Soup Bones approx. 1.2kg each",
    "COL Price": 9,
    "COL ppu": "$7.50 per 1Kg",
    "COL Size": "approx. 1.2kg each"
  },
  {
    "Brand_Product_Size": "Natural Chip Co Chips Lentil Craves Sea Salt 100g",
    "COL Price": 1.75,
    "COL ppu": "$1.75 per 100G",
    "COL Size": "100g"
  },
  {
    "Brand_Product_Size": "Peters Frosty Fruits Summer Sunset 8 pack 600mL",
    "COL Price": 7,
    "COL ppu": "$1.17 per 100mL",
    "COL Size": "600mL"
  },
  {
    "Brand_Product_Size": "Coles Deli Salads Tub Jumbo Classic Pasta each",
    "COL Price": 10,
    "COL ppu": "$10.00 per 1Ea",
    "COL Size": "each"
  },
  {
    "Brand_Product_Size": "Coles Chilli Con Carne Mexico Seasoning 50g",
    "COL Price": 1.5,
    "COL ppu": "$0.30 per 10G",
    "COL Size": "50g"
  },
  {
    "Brand_Product_Size": "Nature Valley Sweet N Sal Nut Peanut 4x30g 120g",
    "COL Price": 4,
    "COL ppu": "$3.33 per 100G",
    "COL Size": "120g"
  },
  {
    "Brand_Product_Size": "Lucky Blanched Almonds 110g",
    "COL Price": 5,
    "COL ppu": "$45.45 per 1Kg",
    "COL Size": "110g"
  },
  {
    "Brand_Product_Size": "South Cape Classic Marinated Fetta 350g",
    "COL Price": 10,
    "COL ppu": "$28.57 per 1Kg",
    "COL Size": "350g"
  },
  {
    "Brand_Product_Size": "Four'N Twenty Frozen Classic Meat Pies 4 Pack 700g",
    "COL Price": 6.5,
    "COL ppu": "$0.93 per 100G",
    "COL Size": "700g"
  },
  {
    "Brand_Product_Size": "Coles British Blue Stilton Cheese 150g",
    "COL Price": 5,
    "COL ppu": "$33.34 per 1Kg",
    "COL Size": "150g"
  },
  {
    "Brand_Product_Size": "Nature's Gift Just Natural Gravy With Beef Vegetable & Barley Dog Food 1.2kg",
    "COL Price": 3.5,
    "COL ppu": "$0.29 per 100G",
    "COL Size": "1.2kg"
  },
  {
    "Brand_Product_Size": "Atkins Plus Low Carb Dark Chocolate Protein Shake 400mL",
    "COL Price": 4.3,
    "COL ppu": "$1.08 per 100mL",
    "COL Size": "400mL"
  },
  {
    "Brand_Product_Size": "Kellogg's Corn Flakes Breakfast Cereal 220g",
    "COL Price": 2.9,
    "COL ppu": "$1.32 per 100G",
    "COL Size": "220g"
  },
  {
    "Brand_Product_Size": "Meat Servery Free Range Chicken Schnitzel Herb approx. 1kg",
    "COL Price": 16,
    "COL ppu": "$16.00 per 1Kg",
    "COL Size": "approx. 1kg"
  },
  {
    "Brand_Product_Size": "Coles Deli Thawed Seafood Garlic Prawns approx. 250g",
    "COL Price": 6.25,
    "COL ppu": "$25.00 per 1Kg",
    "COL Size": "approx. 250g"
  },
  {
    "Brand_Product_Size": "Allure By Tempo Apricot Yoghurt 200g",
    "COL Price": 2.85,
    "COL ppu": "$1.43 per 100G",
    "COL Size": "200g"
  },
  {
    "Brand_Product_Size": "Olay Moisturising Lotion 150mL",
    "COL Price": 13,
    "COL ppu": "$8.67 per 100mL",
    "COL Size": "150mL"
  },
  {
    "Brand_Product_Size": "Blackmores Bio C 500mg Chewable Tablets 125 pack",
    "COL Price": 8,
    "COL ppu": "$6.40 per 100Ea",
    "COL Size": "125 pack"
  },
  {
    "Brand_Product_Size": "Paul Newman's Own Creamy Caesar Dressing 250mL",
    "COL Price": 4,
    "COL ppu": "$1.60 per 100mL",
    "COL Size": "250mL"
  },
  {
    "Brand_Product_Size": "Coles Baby Corn Spears 410g",
    "COL Price": 1,
    "COL ppu": "$2.44 per 1Kg",
    "COL Size": "410g"
  },
  {
    "Brand_Product_Size": "Golden Circle Apple Blackcurrant Juice 2L",
    "COL Price": 3,
    "COL ppu": "$1.50 per 1L",
    "COL Size": "2L"
  },
  {
    "Brand_Product_Size": "Queen Gelatine Powder 36g",
    "COL Price": 2.3,
    "COL ppu": "$6.39 per 100G",
    "COL Size": "36g"
  },
  {
    "Brand_Product_Size": "Coles Ultra Laundry Liquid Sensitive 2L",
    "COL Price": 6.5,
    "COL ppu": "$3.25 per 1L",
    "COL Size": "2L"
  },
  {
    "Brand_Product_Size": "Mr Chen's Hoisin Rice Paper Roll Kit 143g",
    "COL Price": 5.5,
    "COL ppu": "$3.85 per 100G",
    "COL Size": "143g"
  },
  {
    "Brand_Product_Size": "Pukka Tea Blackcurrant Beauty 20 pack",
    "COL Price": 7.5,
    "COL ppu": "$0.38 per 1Ea",
    "COL Size": "20 pack"
  },
  {
    "Brand_Product_Size": "Helga's Light Rye Bread 680g",
    "COL Price": 3.9,
    "COL ppu": "$0.57 per 100G",
    "COL Size": "680g"
  },
  {
    "Brand_Product_Size": "Coles Kitchen Sweet Potato Chips 500g",
    "COL Price": 4,
    "COL ppu": "$0.80 per 100G",
    "COL Size": "500g"
  },
  {
    "Brand_Product_Size": "Lee Kum Kee Vegetarian Stir Fry Sauce 255g",
    "COL Price": 3.8,
    "COL ppu": "$1.49 per 100G",
    "COL Size": "255g"
  },
  {
    "Brand_Product_Size": "Yumi's Gluten Free Kalamata Olive Classic Dip 200g",
    "COL Price": 3,
    "COL ppu": "$1.50 per 100G",
    "COL Size": "200g"
  },
  {
    "Brand_Product_Size": "Red Bull Sugar Free Energy Drink Multipack 250mL 4 pack",
    "COL Price": 7,
    "COL ppu": "$7.00 per 1L",
    "COL Size": "4 pack"
  },
  {
    "Brand_Product_Size": "Sanitarium Weet-Bix Breakfast Cereal 375g",
    "COL Price": 2.9,
    "COL ppu": "$0.77 per 100G",
    "COL Size": "375g"
  },
  {
    "Brand_Product_Size": "Keep It Cleaner Bliss Balls Espresso 40g",
    "COL Price": 2.5,
    "COL ppu": "$6.25 per 100G",
    "COL Size": "40g"
  },
  {
    "Brand_Product_Size": "Capilano Manuka Honey MGO 100+ Upside Down 340g",
    "COL Price": 19.5,
    "COL ppu": "$5.74 per 100G",
    "COL Size": "340g"
  },
  {
    "Brand_Product_Size": "Sanitarium UP&GO Liquid Breakfast Vanilla Ice 250mL 6 pack",
    "COL Price": 9.7,
    "COL ppu": "$6.47 per 1L",
    "COL Size": "6 pack"
  },
  {
    "Brand_Product_Size": "Don Ham On The Bone approx. 125g each",
    "COL Price": 3.9375,
    "COL ppu": "$31.50 per 1Kg",
    "COL Size": "approx. 125g each"
  },
  {
    "Brand_Product_Size": "Scotch 2010 Beige Masking Tape 24mm 1 pack",
    "COL Price": 5,
    "COL ppu": "",
    "COL Size": "1 pack"
  },
  {
    "Brand_Product_Size": "Kettle Chilli Potato Chips 70g",
    "COL Price": 2,
    "COL ppu": "$2.86 per 100G",
    "COL Size": "70g"
  },
  {
    "Brand_Product_Size": "Meat Mates Feline Beef Dinner Cat Food 85g",
    "COL Price": 2.4,
    "COL ppu": "$2.82 per 100G",
    "COL Size": "85g"
  },
  {
    "Brand_Product_Size": "Coles Finest Apricot Croissant 2 pack",
    "COL Price": 4,
    "COL ppu": "$2.00 per 1Ea",
    "COL Size": "2 pack"
  },
  {
    "Brand_Product_Size": "Energizer Cable Lightning Lifetime Warranty 1.2M White 1 each",
    "COL Price": 30,
    "COL ppu": "$30.00 per 1Ea",
    "COL Size": "1 each"
  },
  {
    "Brand_Product_Size": "Coles Finest Angus Beef Rump Steak approx. 450g each",
    "COL Price": 15.995,
    "COL ppu": "$35.54 per 1kg",
    "COL Size": "approx. 450g each"
  },
  {
    "Brand_Product_Size": "Scholl Velvet Express Pedi Prime 1 pack",
    "COL Price": 35,
    "COL ppu": "$35.00 per 1Ea",
    "COL Size": "1 pack"
  },
  {
    "Brand_Product_Size": "Nurofen Ibuprofen 200mg Tablets 24 pack",
    "COL Price": 5.9,
    "COL ppu": "$0.25 per 1Ea",
    "COL Size": "24 pack"
  },
  {
    "Brand_Product_Size": "Crest 4 Socket Surge Protected 1.2m Power Board each",
    "COL Price": 15,
    "COL ppu": "$15.00 per 1Ea",
    "COL Size": "each"
  },
  {
    "Brand_Product_Size": "Arnott's Shortbread Cream Biscuits 250g",
    "COL Price": 3,
    "COL ppu": "$1.20 per 100G",
    "COL Size": "250g"
  },
  {
    "Brand_Product_Size": "Voost Vitamin C 1000mg 20 Blood Orange Effervescent Tablets 1 pack",
    "COL Price": 6.5,
    "COL ppu": "$6.50 per 1Ea",
    "COL Size": "1 pack"
  },
  {
    "Brand_Product_Size": "Olay Luminous Whips Face Cream 50g",
    "COL Price": 49,
    "COL ppu": "$98.00 per 100G",
    "COL Size": "50g"
  },
  {
    "Brand_Product_Size": "San Remo Pasta Bowties 500g",
    "COL Price": 1.95,
    "COL ppu": "$0.39 per 100G",
    "COL Size": "500g"
  },
  {
    "Brand_Product_Size": "Comfort Aromatherapy Vanilla Orchid Fabric Conditioner 750mL",
    "COL Price": 5,
    "COL ppu": "$6.67 per 1L",
    "COL Size": "750mL"
  },
  {
    "Brand_Product_Size": "Nestle Smarties Chocolate Bag Family Size 340g",
    "COL Price": 5,
    "COL ppu": "$1.47 per 100G",
    "COL Size": "340g"
  },
  {
    "Brand_Product_Size": "Mix Sheer Anklets 15 Denier Size 1 4 pack",
    "COL Price": 3,
    "COL ppu": "$0.75 per 1Ea",
    "COL Size": "4 pack"
  },
  {
    "Brand_Product_Size": "Coles Trail Mix 80g",
    "COL Price": 2,
    "COL ppu": "$25.00 per 1Kg",
    "COL Size": "80g"
  },
  {
    "Brand_Product_Size": "I Love Cookies Rainbow Choc Magic Cookies 180g",
    "COL Price": 4,
    "COL ppu": "$2.22 per 100G",
    "COL Size": "180g"
  },
  {
    "Brand_Product_Size": "Sukin Hydrating Shampoo 500mL",
    "COL Price": 18,
    "COL ppu": "$3.60 per 100mL",
    "COL Size": "500mL"
  },
  {
    "Brand_Product_Size": "OB Finest Parmesan Crisps With Black Sesame 85g",
    "COL Price": 10.5,
    "COL ppu": "$12.35 per 100G",
    "COL Size": "85g"
  },
  {
    "Brand_Product_Size": "Dettol Classic Antibacterial Disinfectant Liquid Solution 500mL",
    "COL Price": 10.5,
    "COL ppu": "$2.10 per 100mL",
    "COL Size": "500mL"
  },
  {
    "Brand_Product_Size": "Duru Coarse Bulgur With Vermicelli 1kg",
    "COL Price": 3,
    "COL ppu": "$3.00 per 1Kg",
    "COL Size": "1kg"
  },
  {
    "Brand_Product_Size": "Coles Aluminium Foil Wrap 30m x 30cm 30m",
    "COL Price": 4.5,
    "COL ppu": "$0.15 per 1M",
    "COL Size": "30m"
  },
  {
    "Brand_Product_Size": "Coles I'M Free From Cheese Twists 90g",
    "COL Price": 2,
    "COL ppu": "$2.22 per 100G",
    "COL Size": "90g"
  },
  {
    "Brand_Product_Size": "Thomas The Tank Small Engine Assortment each",
    "COL Price": 5,
    "COL ppu": "$5.00 per 1Ea",
    "COL Size": "each"
  },
  {
    "Brand_Product_Size": "Nivea Sun Cooling Sunscreen Moisturiser Spray Lotion + Vitamin E & SPF50+ 300mL",
    "COL Price": 21,
    "COL ppu": "$7.00 per 100mL",
    "COL Size": "300mL"
  },
  {
    "Brand_Product_Size": "Air Wick Turquoise Oasis Essent Oils Refill 2 pack",
    "COL Price": 10,
    "COL ppu": "$2.63 per 10mL",
    "COL Size": "2 pack"
  },
  {
    "Brand_Product_Size": "Coles Pineapple Slices in Syrup 425g",
    "COL Price": 1.1,
    "COL ppu": "$2.59 per 1Kg",
    "COL Size": "425g"
  },
  {
    "Brand_Product_Size": "Pringles Minis Sour Cream & Onion Potato Chips 5 pack 95g",
    "COL Price": 3.2,
    "COL ppu": "$3.37 per 100G",
    "COL Size": "95g"
  },
  {
    "Brand_Product_Size": "Three Threes Apple Sauce 250g",
    "COL Price": 2.2,
    "COL ppu": "$0.88 per 100G",
    "COL Size": "250g"
  },
  {
    "Brand_Product_Size": "Lynx Anarchy Antiperspirant Aerosol Spray 165mL",
    "COL Price": 7,
    "COL ppu": "$4.24 per 100mL",
    "COL Size": "165mL"
  },
  {
    "Brand_Product_Size": "Garnier Olia Golden Brown 5.3 Hair Colour 1 pack",
    "COL Price": 8.5,
    "COL ppu": "$8.50 per 1Ea",
    "COL Size": "1 pack"
  },
  {
    "Brand_Product_Size": "Olive Grove Olive Oil Margarine Lite Tub 500g",
    "COL Price": 3.5,
    "COL ppu": "$0.70 per 100G",
    "COL Size": "500g"
  },
  {
    "Brand_Product_Size": "Fast Shaving Gel 100g",
    "COL Price": 7.9,
    "COL ppu": "$7.90 per 100G",
    "COL Size": "100g"
  },
  {
    "Brand_Product_Size": "FAB Gold Absolute Laundry Liquid 1.8L",
    "COL Price": 8,
    "COL ppu": "$4.44 per 1L",
    "COL Size": "1.8L"
  },
  {
    "Brand_Product_Size": "Passage To Asia Hoisin & Garlic Stir Fry Sauce 200g",
    "COL Price": 3,
    "COL ppu": "$1.50 per 100G",
    "COL Size": "200g"
  },
  {
    "Brand_Product_Size": "The Spice Tailor Spicy Tarka Lentil Daal 500g",
    "COL Price": 5.5,
    "COL ppu": "$1.10 per 100G",
    "COL Size": "500g"
  },
  {
    "Brand_Product_Size": "Coles Deli Ham Hocks approx. 125g",
    "COL Price": 1.375,
    "COL ppu": "$11.00 per 1Kg",
    "COL Size": "approx. 125g"
  },
  {
    "Brand_Product_Size": "Brightil Tooth Paste Extra Mint 145g",
    "COL Price": 8.5,
    "COL ppu": "$5.86 per 100G",
    "COL Size": "145g"
  },
  {
    "Brand_Product_Size": "Masterfoods Recipe Base Garlic Kebab 175g",
    "COL Price": 2.2,
    "COL ppu": "$1.26 per 100G",
    "COL Size": "175g"
  },
  {
    "Brand_Product_Size": "Coles Bake & Create Polka Dot Patty Pans 100 pack",
    "COL Price": 3.5,
    "COL ppu": "$0.04 per 1Ea",
    "COL Size": "100 pack"
  },
  {
    "Brand_Product_Size": "Coles Thawed Seafood MSC Blue Grenadier Fillet approx. 200g",
    "COL Price": 2.8,
    "COL ppu": "$14.00 per 1Kg",
    "COL Size": "approx. 200g"
  },
  {
    "Brand_Product_Size": "Mars Chocolate Snickers Crispers 40g",
    "COL Price": 2,
    "COL ppu": "$5.00 per 100G",
    "COL Size": "40g"
  },
  {
    "Brand_Product_Size": "Deemah Maamoul Original Date Filled Cookies 256g",
    "COL Price": 3.15,
    "COL ppu": "$1.23 per 100G",
    "COL Size": "256g"
  },
  {
    "Brand_Product_Size": "Wellness Road Organic Tri Colour Quinoa 500g",
    "COL Price": 7,
    "COL ppu": "$1.40 per 100G",
    "COL Size": "500g"
  },
  {
    "Brand_Product_Size": "L'Oreal Paris Infallible Concealer Biscuit 11mL",
    "COL Price": 21,
    "COL ppu": "$19.09 per 10mL",
    "COL Size": "11mL"
  },
  {
    "Brand_Product_Size": "Mix Sheer All Over Shaper Pantyhose 15 Denier Black Tall 1 pack",
    "COL Price": 5,
    "COL ppu": "$5.00 per 1Ea",
    "COL Size": "1 pack"
  },
  {
    "Brand_Product_Size": "Tip Top Wholemeal English Muffins 6 Pack 400g",
    "COL Price": 2.5,
    "COL ppu": "$0.63 per 100G",
    "COL Size": "400g"
  },
  {
    "Brand_Product_Size": "Coles Chopped Kale 140g",
    "COL Price": 3,
    "COL ppu": "$21.43 per 1Kg",
    "COL Size": "140g"
  },
  {
    "Brand_Product_Size": "Nutella Hazelnut Chocolate Spread 750g",
    "COL Price": 6,
    "COL ppu": "$0.80 per 100G",
    "COL Size": "750g"
  },
  {
    "Brand_Product_Size": "ABC Original Chilli Sauce 335mL",
    "COL Price": 2.75,
    "COL ppu": "$0.82 per 100mL",
    "COL Size": "335mL"
  },
  {
    "Brand_Product_Size": "Ryvita Multigrain Rye Crispbread 250g",
    "COL Price": 2.85,
    "COL ppu": "$1.14 per 100G",
    "COL Size": "250g"
  },
  {
    "Brand_Product_Size": "Cook & Dine Plastic Spoons 50 pack",
    "COL Price": 2,
    "COL ppu": "$4.00 per 100Ea",
    "COL Size": "50 pack"
  },
  {
    "Brand_Product_Size": "Coles Toffee Pecan Roulade 450g",
    "COL Price": 12,
    "COL ppu": "$2.67 per 100G",
    "COL Size": "450g"
  },
  {
    "Brand_Product_Size": "Allen's Sours Frogs Alive 170g",
    "COL Price": 3,
    "COL ppu": "$1.76 per 100G",
    "COL Size": "170g"
  },
  {
    "Brand_Product_Size": "Coles Ultimate 40% Choc Chip Triple Choc Dipped Cookie 400g",
    "COL Price": 4.5,
    "COL ppu": "$1.13 per 100G",
    "COL Size": "400g"
  },
  {
    "Brand_Product_Size": "South Cape Greek Style Fetta 200g",
    "COL Price": 5,
    "COL ppu": "$25.00 per 1Kg",
    "COL Size": "200g"
  },
  {
    "Brand_Product_Size": "Coles Apple & Blackcurrant Juice Multipack 250mL 6 pack",
    "COL Price": 2.9,
    "COL ppu": "$1.93 per 1L",
    "COL Size": "6 pack"
  },
  {
    "Brand_Product_Size": "Tonik Plant Based Protein Shake RTD Chocolate 330ml 330mL",
    "COL Price": 4,
    "COL ppu": "$1.21 per 100mL",
    "COL Size": "330mL"
  },
  {
    "Brand_Product_Size": "Epzen Magnesium Bath Crystals Relax 900g",
    "COL Price": 13,
    "COL ppu": "$1.44 per 100G",
    "COL Size": "900g"
  },
  {
    "Brand_Product_Size": "Original Source Coconut & Shea Butter Shower Gel 250mL",
    "COL Price": 4,
    "COL ppu": "$1.60 per 100mL",
    "COL Size": "250mL"
  },
  {
    "Brand_Product_Size": "Rimmel Brow This Way Dark Brown Fill & Sculpt Eyebrow Definer 4g",
    "COL Price": 9.6,
    "COL ppu": "$24.00 per 1G",
    "COL Size": "4g"
  },
  {
    "Brand_Product_Size": "Coles Hoisin Jackfruit Toasts 130g",
    "COL Price": 2.5,
    "COL ppu": "$1.92 per 100G",
    "COL Size": "130g"
  },
  {
    "Brand_Product_Size": "Coles Deli Dolmanades Large Round 12 Pack 280g",
    "COL Price": 7,
    "COL ppu": "$2.50 per 100G",
    "COL Size": "280g"
  },
  {
    "Brand_Product_Size": "Ayam Hawker Market Pad Thai Sauce 205g",
    "COL Price": 1.75,
    "COL ppu": "$0.85 per 100G",
    "COL Size": "205g"
  },
  {
    "Brand_Product_Size": "Obela Classic Smooth Hommus 220g",
    "COL Price": 4,
    "COL ppu": "$1.82 per 100G",
    "COL Size": "220g"
  },
  {
    "Brand_Product_Size": "Coles No Added Sugar Dark Chocolate 100g",
    "COL Price": 4,
    "COL ppu": "$4.00 per 100G",
    "COL Size": "100g"
  },
  {
    "Brand_Product_Size": "Method Bathroom Antibacterial Cleaner 490mL",
    "COL Price": 5.5,
    "COL ppu": "$1.12 per 100mL",
    "COL Size": "490mL"
  },
  {
    "Brand_Product_Size": "Tradie Mens Trunk Size L/XL 1 pack",
    "COL Price": 12,
    "COL ppu": "$12.00 per 1Ea",
    "COL Size": "1 pack"
  },
  {
    "Brand_Product_Size": "L'Oreal Revitalift Moisturiser SPF 15+ 50mL",
    "COL Price": 23.03,
    "COL ppu": "$46.06 per 100mL",
    "COL Size": "50mL"
  },
  {
    "Brand_Product_Size": "Fancy Feast Royale Tuna with Shrimp Canned Cat Food 85g",
    "COL Price": 2,
    "COL ppu": "$2.35 per 100G",
    "COL Size": "85g"
  },
  {
    "Brand_Product_Size": "Mrs Mac's Microwave Beef Pie 175g",
    "COL Price": 2.5,
    "COL ppu": "$1.43 per 100G",
    "COL Size": "175g"
  },
  {
    "Brand_Product_Size": "Coles Free Range Rspca Approved Chicken Thigh Fillet Large approx. 1.25kg",
    "COL Price": 18.75,
    "COL ppu": "$15.00 per 1Kg",
    "COL Size": "approx. 1.25kg"
  },
  {
    "Brand_Product_Size": "Gaganis Premium Green Split Peas 1kg",
    "COL Price": 3.8,
    "COL ppu": "$3.80 per 1Kg",
    "COL Size": "1kg"
  },
  {
    "Brand_Product_Size": "Heinz Tomato Ketchup Mini Taster 220mL",
    "COL Price": 1.8,
    "COL ppu": "$0.82 per 100mL",
    "COL Size": "220mL"
  },
  {
    "Brand_Product_Size": "Pascall Jet Planes Lollies 180g",
    "COL Price": 3.5,
    "COL ppu": "$1.94 per 100G",
    "COL Size": "180g"
  },
  {
    "Brand_Product_Size": "Aerogard Tropical Insect Repellent 300g",
    "COL Price": 10,
    "COL ppu": "$3.33 per 100G",
    "COL Size": "300g"
  },
  {
    "Brand_Product_Size": "Coles Bakery Mud Cake 600g",
    "COL Price": 4.8,
    "COL ppu": "$0.80 per 100G",
    "COL Size": "600g"
  },
  {
    "Brand_Product_Size": "South Cape Vintage Cheddar 140g",
    "COL Price": 5,
    "COL ppu": "$35.71 per 1Kg",
    "COL Size": "140g"
  },
  {
    "Brand_Product_Size": "Cellucor C4 Ripped Sport Arctic Snow Cone 246g",
    "COL Price": 30.8,
    "COL ppu": "$12.52 per 100G",
    "COL Size": "246g"
  },
  {
    "Brand_Product_Size": "Mount Franklin Pure Spring Water 500mL 12 pack",
    "COL Price": 9.75,
    "COL ppu": "$1.63 per 1L",
    "COL Size": "12 pack"
  },
  {
    "Brand_Product_Size": "Primo Gourmet Pork And Caramelised Pear 450g",
    "COL Price": 7.5,
    "COL ppu": "$1.67 per 100G",
    "COL Size": "450g"
  },
  {
    "Brand_Product_Size": "Batiste Eden Dry Shampoo 200mL",
    "COL Price": 10,
    "COL ppu": "$5.00 per 100mL",
    "COL Size": "200mL"
  },
  {
    "Brand_Product_Size": "Peckish Sour Cream & Chives Rice Crackers 100g",
    "COL Price": 2.2,
    "COL ppu": "$2.20 per 100G",
    "COL Size": "100g"
  },
  {
    "Brand_Product_Size": "Coles Large Pesto Pasta Salad each",
    "COL Price": 7,
    "COL ppu": "$7.00 per 1Ea",
    "COL Size": "each"
  },
  {
    "Brand_Product_Size": "Oak Classic Chocolate Flavoured Milk 2L",
    "COL Price": 4.5,
    "COL ppu": "$2.25 per 1L",
    "COL Size": "2L"
  },
  {
    "Brand_Product_Size": "Korbond Label Name Kit each",
    "COL Price": 3.8,
    "COL ppu": "$3.80 per 1ea",
    "COL Size": "each"
  },
  {
    "Brand_Product_Size": "Oral-B 3D White Toothbrush 3 pack",
    "COL Price": 5,
    "COL ppu": "$1.67 per 1Ea",
    "COL Size": "3 pack"
  },
  {
    "Brand_Product_Size": "Coles Vegetable Stock Cubes 21 pack 105g",
    "COL Price": 2,
    "COL ppu": "$0.19 per 10G",
    "COL Size": "105g"
  },
  {
    "Brand_Product_Size": "Ambi Pur Air Effect Blossoms & Breeze 275g",
    "COL Price": 6,
    "COL ppu": "$2.18 per 100G",
    "COL Size": "275g"
  },
  {
    "Brand_Product_Size": "Waterthins Natural Fine Wafer Crackers 150g",
    "COL Price": 3.2,
    "COL ppu": "$2.13 per 100G",
    "COL Size": "150g"
  },
  {
    "Brand_Product_Size": "Olay Regenerist Micro-Sculpting Night Face Cream Moisturiser 50g",
    "COL Price": 49,
    "COL ppu": "$98.00 per 100G",
    "COL Size": "50g"
  },
  {
    "Brand_Product_Size": "Coles Fresh Seafood Pacific Oysters 12 pack",
    "COL Price": 18,
    "COL ppu": "$1.50 per 1Ea",
    "COL Size": "12 pack"
  },
  {
    "Brand_Product_Size": "Coles Organic Medjool Dates 227g",
    "COL Price": 6,
    "COL ppu": "$26.43 per 1Kg",
    "COL Size": "227g"
  },
  {
    "Brand_Product_Size": "CUB Organic Baby Corn & Banana Puffs 7 Month+ 12g",
    "COL Price": 1.5,
    "COL ppu": "$12.50 per 100G",
    "COL Size": "12g"
  },
  {
    "Brand_Product_Size": "Sukin Natural Balance Conditioner 500mL",
    "COL Price": 18,
    "COL ppu": "$3.60 per 100mL",
    "COL Size": "500mL"
  },
  {
    "Brand_Product_Size": "Sheese Grated Mature Cheddar Style 200g",
    "COL Price": 6.5,
    "COL ppu": "$32.50 per 1Kg",
    "COL Size": "200g"
  },
  {
    "Brand_Product_Size": "Cook & Dine Tumbler each",
    "COL Price": 3,
    "COL ppu": "$3.00 per 1Ea",
    "COL Size": "each"
  },
  {
    "Brand_Product_Size": "McCain Frozen BBQ Meatlovers Family Pizza 500g",
    "COL Price": 5.5,
    "COL ppu": "$1.10 per 100G",
    "COL Size": "500g"
  },
  {
    "Brand_Product_Size": "Nestle Whole Grain Energy & Fibre Milo Cereal Family Pack 700g",
    "COL Price": 7.5,
    "COL ppu": "$1.07 per 100G",
    "COL Size": "700g"
  },
  {
    "Brand_Product_Size": "Only Organic Cheese Vegetable Lasagne 10+ Months 170g",
    "COL Price": 2.9,
    "COL ppu": "$1.71 per 100G",
    "COL Size": "170g"
  },
  {
    "Brand_Product_Size": "Primo Dairy Cocktail Franks 500g",
    "COL Price": 3.15,
    "COL ppu": "$6.30 per 1Kg",
    "COL Size": "500g"
  },
  {
    "Brand_Product_Size": "Weis Mango Ice Cream Bars 4 Pack 280mL",
    "COL Price": 7.5,
    "COL ppu": "$2.68 per 100mL",
    "COL Size": "280mL"
  },
  {
    "Brand_Product_Size": "MasterFoods Slow Cooker Farmhouse Chicken Casserole Recipe Base 175g",
    "COL Price": 2.2,
    "COL ppu": "$1.26 per 100G",
    "COL Size": "175g"
  },
  {
    "Brand_Product_Size": "Coles Cat Collar Reflective Medium 1 pack",
    "COL Price": 4,
    "COL ppu": "$4.00 per 1Ea",
    "COL Size": "1 pack"
  },
  {
    "Brand_Product_Size": "Coles Salad Medium Tubs Potato Egg & Bacon Salad Salad medium",
    "COL Price": 6,
    "COL ppu": "$6.00 per 1Ea",
    "COL Size": "medium"
  },
  {
    "Brand_Product_Size": "Optrex Refreshing Eye Drops 10mL",
    "COL Price": 7.3,
    "COL ppu": "$73.00 per 100mL",
    "COL Size": "10mL"
  },
  {
    "Brand_Product_Size": "Oral-B Power Vitality Handle Gum Care 1 pack",
    "COL Price": 22.5,
    "COL ppu": "$22.50 per 1Ea",
    "COL Size": "1 pack"
  },
  {
    "Brand_Product_Size": "Coles Frozen Crumbed Prawn Cutlets 360g",
    "COL Price": 5.5,
    "COL ppu": "$15.28 per 1Kg",
    "COL Size": "360g"
  },
  {
    "Brand_Product_Size": "Orgran Gluten Free Self Raising Flour 500g",
    "COL Price": 3.4,
    "COL ppu": "$6.80 per 1Kg",
    "COL Size": "500g"
  },
  {
    "Brand_Product_Size": "Coles Refined Olive Oil 500mL",
    "COL Price": 3,
    "COL ppu": "$0.60 per 100mL",
    "COL Size": "500mL"
  },
  {
    "Brand_Product_Size": "Garnier Ampoule Mask Pineapple 15g",
    "COL Price": 3,
    "COL ppu": "$20.00 per 100G",
    "COL Size": "15g"
  },
  {
    "Brand_Product_Size": "John West Tempters Tuna Sweet Corn & Mayonnaise 95g",
    "COL Price": 2.3,
    "COL ppu": "$24.21 per 1Kg",
    "COL Size": "95g"
  },
  {
    "Brand_Product_Size": "Cheetos Cheese & Bacon Balls 90g",
    "COL Price": 1.5,
    "COL ppu": "$1.67 per 100G",
    "COL Size": "90g"
  },
  {
    "Brand_Product_Size": "Celebrate Health No Added Sugar Tomato Sauce 430mL",
    "COL Price": 5,
    "COL ppu": "$1.16 per 100mL",
    "COL Size": "430mL"
  },
  {
    "Brand_Product_Size": "Coles Natures Kitchen Lentil Spag Bolognese 350g",
    "COL Price": 7,
    "COL ppu": "$2.00 per 100G",
    "COL Size": "350g"
  },
  {
    "Brand_Product_Size": "Sunsilk Addictive Brilliant Shine Conditioner 350mL",
    "COL Price": 5.5,
    "COL ppu": "$1.57 per 100mL",
    "COL Size": "350mL"
  },
  {
    "Brand_Product_Size": "Cook & Dine Plastic Knives 20 pack",
    "COL Price": 1,
    "COL ppu": "$0.05 per 1Ea",
    "COL Size": "20 pack"
  },
  {
    "Brand_Product_Size": "Helga's Mixed Grain Bread 850g",
    "COL Price": 3.9,
    "COL ppu": "$0.46 per 100G",
    "COL Size": "850g"
  },
  {
    "Brand_Product_Size": "Coles Kitchen Balanced Butter Chicken With Grains 320g",
    "COL Price": 7.5,
    "COL ppu": "$2.34 per 100G",
    "COL Size": "320g"
  },
  {
    "Brand_Product_Size": "Coles Bake & Create Dark Chocolate Block 200g",
    "COL Price": 2.5,
    "COL ppu": "$1.25 per 100G",
    "COL Size": "200g"
  },
  {
    "Brand_Product_Size": "L'Oreal Colorista Washout Turquoise Hair Colour 1 pack",
    "COL Price": 13.2,
    "COL ppu": "$13.20 per 1Ea",
    "COL Size": "1 pack"
  },
  {
    "Brand_Product_Size": "Sanitarium UP&GO Liquid Breakfast Choc Ice 250mL 6 pack",
    "COL Price": 9.7,
    "COL ppu": "$6.47 per 1L",
    "COL Size": "6 pack"
  },
  {
    "Brand_Product_Size": "Coles Chicken Caesar Salad Bowl 180g",
    "COL Price": 6,
    "COL ppu": "$3.33 per 100G",
    "COL Size": "180g"
  },
  {
    "Brand_Product_Size": "Whiskas 1+ Years Wet Cat Food Lamb Mince Can 400g",
    "COL Price": 1.75,
    "COL ppu": "$0.44 per 100G",
    "COL Size": "400g"
  },
  {
    "Brand_Product_Size": "Dettol Antibacterial Foam Hand Wash Pump Rose and Cherry 250mL",
    "COL Price": 2.5,
    "COL ppu": "$1.00 per 100mL",
    "COL Size": "250mL"
  },
  {
    "Brand_Product_Size": "Coles Black & White Balloons 20 pack",
    "COL Price": 3,
    "COL ppu": "$0.15 per 1Ea",
    "COL Size": "20 pack"
  },
  {
    "Brand_Product_Size": "Yaru Sparkling Spring Water 500mL",
    "COL Price": 1.65,
    "COL ppu": "$3.30 per 1L",
    "COL Size": "500mL"
  },
  {
    "Brand_Product_Size": "Coles Butter Leaf Blend 120g",
    "COL Price": 3,
    "COL ppu": "$25.00 per 1Kg",
    "COL Size": "120g"
  },
  {
    "Brand_Product_Size": "Continental Kosher Butchers Beef Bola Sliced 200g",
    "COL Price": 11.25,
    "COL ppu": "$56.25 per 1Kg",
    "COL Size": "200g"
  },
  {
    "Brand_Product_Size": "L'Oreal Paris Revitalift Light Day Cream 50mL",
    "COL Price": 23.03,
    "COL ppu": "$46.06 per 100mL",
    "COL Size": "50mL"
  },
  {
    "Brand_Product_Size": "U By Kotex Cotton Ultrathin Regular 12 pack",
    "COL Price": 4.9,
    "COL ppu": "$0.41 per 1Ea",
    "COL Size": "12 pack"
  },
  {
    "Brand_Product_Size": "La Famiglia Garlic Bread 170g",
    "COL Price": 2.7,
    "COL ppu": "$1.59 per 100G",
    "COL Size": "170g"
  },
  {
    "Brand_Product_Size": "Tao Kae Noi Hot & Spicy Crispy Seaweed 32g",
    "COL Price": 2.6,
    "COL ppu": "$8.13 per 100G",
    "COL Size": "32g"
  },
  {
    "Brand_Product_Size": "Nestle Cerelac Multigrain With Pear Baby Cereal Stage 3 200g",
    "COL Price": 4.58,
    "COL ppu": "$2.29 per 100G",
    "COL Size": "200g"
  },
  {
    "Brand_Product_Size": "Red Rock Deli Potato Chips Honey Soy Chicken 5 Pack 140g",
    "COL Price": 4.65,
    "COL ppu": "$3.32 per 100G",
    "COL Size": "140g"
  },
  {
    "Brand_Product_Size": "Pana Organic Vanilla & Almond Ice Cream Sticks 315mL",
    "COL Price": 9,
    "COL ppu": "$2.86 per 100mL",
    "COL Size": "315mL"
  },
  {
    "Brand_Product_Size": "OC Naturals Coconut Repair Shampoo 400mL",
    "COL Price": 3.5,
    "COL ppu": "$0.88 per 100mL",
    "COL Size": "400mL"
  },
  {
    "Brand_Product_Size": "Kellogg's LCM's Popcorn Bar Butter 108g",
    "COL Price": 4,
    "COL ppu": "$3.70 per 100G",
    "COL Size": "108g"
  },
  {
    "Brand_Product_Size": "Tommee Tippee Transition Cup 1 pack",
    "COL Price": 9.6,
    "COL ppu": "$9.60 per 1Ea",
    "COL Size": "1 pack"
  },
  {
    "Brand_Product_Size": "Coles Porcini & Black Summer Truffle Arancini 160g",
    "COL Price": 5,
    "COL ppu": "$3.13 per 100G",
    "COL Size": "160g"
  },
  {
    "Brand_Product_Size": "Bega Strong & Bitey Vintage Cheese Slices 30 Pack 500g",
    "COL Price": 9,
    "COL ppu": "$18.00 per 1Kg",
    "COL Size": "500g"
  },
  {
    "Brand_Product_Size": "Nestle Cerelac Oats & Wheat Infant Cereals 200g",
    "COL Price": 4.6,
    "COL ppu": "$2.30 per 100G",
    "COL Size": "200g"
  },
  {
    "Brand_Product_Size": "Nescafe Coffee Sachets Strong Cappuccino 26 pack",
    "COL Price": 11,
    "COL ppu": "$0.42 per 1Ea",
    "COL Size": "26 pack"
  },
  {
    "Brand_Product_Size": "Campbell's V8 Tropical Fusion Juice 300mL",
    "COL Price": 1.65,
    "COL ppu": "$5.50 per 1L",
    "COL Size": "300mL"
  },
  {
    "Brand_Product_Size": "Cottee's Squeezy Caramel Flavoured Topping 575g",
    "COL Price": 3.2,
    "COL ppu": "$0.56 per 100G",
    "COL Size": "575g"
  },
  {
    "Brand_Product_Size": "Coles Kitchen Zucchini Slice 700g",
    "COL Price": 12.5,
    "COL ppu": "$1.79 per 100G",
    "COL Size": "700g"
  },
  {
    "Brand_Product_Size": "Optus X Start 2 each",
    "COL Price": 79,
    "COL ppu": "$79.00 per 1Ea",
    "COL Size": "each"
  },
  {
    "Brand_Product_Size": "Waxworks Citronella Patio Glass Jar Candle each",
    "COL Price": 7.35,
    "COL ppu": "$7.35 per 1Ea",
    "COL Size": "each"
  },
  {
    "Brand_Product_Size": "Mission Roasted Garlic Wraps 8 pack 567g",
    "COL Price": 5,
    "COL ppu": "$0.88 per 100G",
    "COL Size": "567g"
  },
  {
    "Brand_Product_Size": "Happy Snack Company Dark Choc & Raspberry 150g",
    "COL Price": 5.2,
    "COL ppu": "$3.47 per 100G",
    "COL Size": "150g"
  },
  {
    "Brand_Product_Size": "Robert Timms Cafe Series Freeze Dried Mild Roast 90g",
    "COL Price": 3.97,
    "COL ppu": "$4.41 per 100G",
    "COL Size": "90g"
  },
  {
    "Brand_Product_Size": "Sanofi Hydrogen Peroxide 200mL",
    "COL Price": 3.9,
    "COL ppu": "$1.95 per 100mL",
    "COL Size": "200mL"
  },
  {
    "Brand_Product_Size": "Mainland Organic Salted Spreadable Butter 250g",
    "COL Price": 5.5,
    "COL ppu": "$2.20 per 100G",
    "COL Size": "250g"
  },
  {
    "Brand_Product_Size": "Tena Lady Pads Maxi With Insta Dry 6 pack",
    "COL Price": 4.2,
    "COL ppu": "$0.70 per 1Ea",
    "COL Size": "6 pack"
  },
  {
    "Brand_Product_Size": "Wellness Road Sesame Seeds 250g",
    "COL Price": 4,
    "COL ppu": "$1.60 per 100G",
    "COL Size": "250g"
  },
  {
    "Brand_Product_Size": "Coles Kitchen Sandwich Pumpkin Fetta Smash 186g",
    "COL Price": 7,
    "COL ppu": "$3.76 per 100G",
    "COL Size": "186g"
  },
  {
    "Brand_Product_Size": "Bundaberg Ginger Beer Bottles 375mL 4 pack",
    "COL Price": 6.35,
    "COL ppu": "$4.23 per 1L",
    "COL Size": "4 pack"
  },
  {
    "Brand_Product_Size": "Shelbys Peanut & Butter Bar 40g",
    "COL Price": 3,
    "COL ppu": "$7.50 per 100G",
    "COL Size": "40g"
  },
  {
    "Brand_Product_Size": "San Remo Vermicelli Egg Pasta 250g",
    "COL Price": 1.8,
    "COL ppu": "$0.72 per 100G",
    "COL Size": "250g"
  },
  {
    "Brand_Product_Size": "King Island Dairy Cape Wickham Double Brie approx. 100g",
    "COL Price": 5,
    "COL ppu": "$50.00 per 1Kg",
    "COL Size": "approx. 100g"
  },
  {
    "Brand_Product_Size": "St Remio Coffee Expressi/Caffitaly Compatible Intense Capsules 10 pack",
    "COL Price": 3.75,
    "COL ppu": "$0.38 per 1Ea",
    "COL Size": "10 pack"
  },
  {
    "Brand_Product_Size": "Coles Flourless Orange Slice 2 Pack 200g",
    "COL Price": 5,
    "COL ppu": "$2.50 per 100G",
    "COL Size": "200g"
  },
  {
    "Brand_Product_Size": "Gravox Traditional Gravy Mix 120g",
    "COL Price": 3.5,
    "COL ppu": "$0.29 per 10G",
    "COL Size": "120g"
  },
  {
    "Brand_Product_Size": "Helga's Low Carb 5 Seeds Bread Loaf 700g",
    "COL Price": 4.2,
    "COL ppu": "$0.60 per 100G",
    "COL Size": "700g"
  },
  {
    "Brand_Product_Size": "Star Foods Rolada Fig Walnut 150g",
    "COL Price": 10,
    "COL ppu": "$6.67 per 100G",
    "COL Size": "150g"
  },
  {
    "Brand_Product_Size": "Bills Organic Khorasan Loaf 620g",
    "COL Price": 7.3,
    "COL ppu": "$1.18 per 100G",
    "COL Size": "620g"
  },
  {
    "Brand_Product_Size": "Coles Medium Salad Tub Curried Pumpkin Cous Cous Salad each",
    "COL Price": 6,
    "COL ppu": "$6.00 per 1Ea",
    "COL Size": "each"
  },
  {
    "Brand_Product_Size": "Coles Sour Cream 300g",
    "COL Price": 2.1,
    "COL ppu": "$0.70 per 100G",
    "COL Size": "300g"
  },
  {
    "Brand_Product_Size": "Coles Bags Trolly Bin Liners 4 pack",
    "COL Price": 0.95,
    "COL ppu": "$0.24 per 1Ea",
    "COL Size": "4 pack"
  },
  {
    "Brand_Product_Size": "Coca-Cola Vanilla Flavour No Sugar Coke 1.25L",
    "COL Price": 3.15,
    "COL ppu": "$2.52 per 1L",
    "COL Size": "1.25L"
  },
  {
    "Brand_Product_Size": "Allen's Jelly Beans 190g",
    "COL Price": 3,
    "COL ppu": "$1.58 per 100G",
    "COL Size": "190g"
  },
  {
    "Brand_Product_Size": "Pauls Milky Max Chocolate Custard 70g",
    "COL Price": 1.5,
    "COL ppu": "$2.14 per 100G",
    "COL Size": "70g"
  },
  {
    "Brand_Product_Size": "U By Kotex Super Tampons 16 pack",
    "COL Price": 4.25,
    "COL ppu": "$0.27 per 1Ea",
    "COL Size": "16 pack"
  },
  {
    "Brand_Product_Size": "Pauls Skim Milk 2L",
    "COL Price": 3.3,
    "COL ppu": "$1.65 per 1L",
    "COL Size": "2L"
  },
  {
    "Brand_Product_Size": "Continental Spinach Ricotta & Parmesan Rice & Quinoa 105g",
    "COL Price": 2.75,
    "COL ppu": "$2.62 per 100G",
    "COL Size": "105g"
  },
  {
    "Brand_Product_Size": "Three Aussie Farmers Farmhouse Style Pork Sausages 500g",
    "COL Price": 7,
    "COL ppu": "$14.00 per 1Kg",
    "COL Size": "500g"
  },
  {
    "Brand_Product_Size": "Vegemite Spread 380g",
    "COL Price": 6.5,
    "COL ppu": "$1.71 per 100G",
    "COL Size": "380g"
  },
  {
    "Brand_Product_Size": "Vs The Diamond Precision For Men 1 pack",
    "COL Price": 20,
    "COL ppu": "$20.00 per 1Ea",
    "COL Size": "1 pack"
  },
  {
    "Brand_Product_Size": "Nescafe Gold Original Blend Coffee 200g",
    "COL Price": 11.5,
    "COL ppu": "$5.75 per 100G",
    "COL Size": "200g"
  },
  {
    "Brand_Product_Size": "Coles Kangaroo & Honey Spare Ribs Dog Treats 5 pack",
    "COL Price": 5,
    "COL ppu": "$1.00 per 1Ea",
    "COL Size": "5 pack"
  },
  {
    "Brand_Product_Size": "Golden Fluffy & Delicious Waffles 5 pack 275g",
    "COL Price": 5,
    "COL ppu": "$1.82 per 100G",
    "COL Size": "275g"
  },
  {
    "Brand_Product_Size": "Coles Chocolate Chip Muffin Bars 10 pack 420g",
    "COL Price": 5,
    "COL ppu": "$1.19 per 100G",
    "COL Size": "420g"
  },
  {
    "Brand_Product_Size": "Munchme Skinny Dipped Berry Dusted Almonds 80g",
    "COL Price": 4.4,
    "COL ppu": "$5.50 per 100G",
    "COL Size": "80g"
  },
  {
    "Brand_Product_Size": "Well Naturally No Added Sugar Creamy Milk Chocolate 90g",
    "COL Price": 4,
    "COL ppu": "$4.44 per 100G",
    "COL Size": "90g"
  },
  {
    "Brand_Product_Size": "Nando's Perinaise Hot Peri-Peri Mayonnaise Sauce 265g",
    "COL Price": 3.9,
    "COL ppu": "$1.47 per 100G",
    "COL Size": "265g"
  },
  {
    "Brand_Product_Size": "Oak Chocolate Flavoured Milk 600mL",
    "COL Price": 3.1,
    "COL ppu": "$5.17 per 1L",
    "COL Size": "600mL"
  },
  {
    "Brand_Product_Size": "Garnier Fructis Colour Last Conditioner 315mL",
    "COL Price": 3.5,
    "COL ppu": "$1.11 per 100mL",
    "COL Size": "315mL"
  },
  {
    "Brand_Product_Size": "Tip Top Golden Crumpet Toast 700g",
    "COL Price": 5,
    "COL ppu": "$0.71 per 100G",
    "COL Size": "700g"
  },
  {
    "Brand_Product_Size": "Natures Kitchen Mexican Style Jackfruit 250g",
    "COL Price": 7,
    "COL ppu": "$2.80 per 100G",
    "COL Size": "250g"
  },
  {
    "Brand_Product_Size": "Kolotex Sheer Relief Trouser Sock Black One size Fits All 1 pack",
    "COL Price": 8,
    "COL ppu": "",
    "COL Size": "1 pack"
  },
  {
    "Brand_Product_Size": "Streets Magnum Luxe Raspberry Pana Cotta 4 pack 360mL",
    "COL Price": 5.25,
    "COL ppu": "$1.46 per 100mL",
    "COL Size": "360mL"
  },
  {
    "Brand_Product_Size": "Royal Fields Sesame Seeds 500g",
    "COL Price": 3.5,
    "COL ppu": "$0.70 per 100G",
    "COL Size": "500g"
  },
  {
    "Brand_Product_Size": "The Sweetporium Co. Dessert Collection 130g",
    "COL Price": 8,
    "COL ppu": "$6.15 per 100G",
    "COL Size": "130g"
  },
  {
    "Brand_Product_Size": "Cucina Matese Farfalle Rigate No.121 Italian Pasta 500g",
    "COL Price": 2.8,
    "COL ppu": "$0.56 per 100G",
    "COL Size": "500g"
  },
  {
    "Brand_Product_Size": "Schweppes Lemon Lime Bitters No Sugar Mixers 4x300mL 4 pack",
    "COL Price": 5.9,
    "COL ppu": "$4.92 per 1L",
    "COL Size": "4 pack"
  },
  {
    "Brand_Product_Size": "Lipton Vanilla Chai Latte Sachets 16 pack",
    "COL Price": 10,
    "COL ppu": "$0.63 per 1Ea",
    "COL Size": "16 pack"
  },
  {
    "Brand_Product_Size": "Coles Snap Frozen Winter Vegetables 500g",
    "COL Price": 2.3,
    "COL ppu": "$4.60 per 1Kg",
    "COL Size": "500g"
  },
  {
    "Brand_Product_Size": "Coles Kitchen Pesto Arancini 240g",
    "COL Price": 6,
    "COL ppu": "$2.50 per 100G",
    "COL Size": "240g"
  },
  {
    "Brand_Product_Size": "Maybelline Superstay 24H Lipstick All Day Cherry 1.8mL",
    "COL Price": 12,
    "COL ppu": "$66.67 per 10mL",
    "COL Size": "1.8mL"
  },
  {
    "Brand_Product_Size": "Herbert Adams Frozen Slow Cooked King Island Beef  & Camembert 2 Pack 400g",
    "COL Price": 7.8,
    "COL ppu": "$1.95 per 100G",
    "COL Size": "400g"
  },
  {
    "Brand_Product_Size": "Shockwaves Extreme Free Style HairGel 250mL",
    "COL Price": 4,
    "COL ppu": "$1.60 per 100G",
    "COL Size": "250mL"
  },
  {
    "Brand_Product_Size": "Coles Stainless Steel Bowl Non Skip Large 1 pack",
    "COL Price": 10,
    "COL ppu": "$10.00 per 1Ea",
    "COL Size": "1 pack"
  },
  {
    "Brand_Product_Size": "T2 Sleep Tight Tea 10 pack",
    "COL Price": 7,
    "COL ppu": "$0.70 per 1Ea",
    "COL Size": "10 pack"
  },
  {
    "Brand_Product_Size": "Coles Tri Colour Capsicum Pack 500g",
    "COL Price": 8.9,
    "COL ppu": "$17.80 per 1Kg",
    "COL Size": "500g"
  },
  {
    "Brand_Product_Size": "Coles Frozen Organic Bluberries 450g",
    "COL Price": 7.5,
    "COL ppu": "$1.67 per 100G",
    "COL Size": "450g"
  },
  {
    "Brand_Product_Size": "Pine O Cleen Disinfectant Wipes Lemon Lime 120 pack",
    "COL Price": 10,
    "COL ppu": "$8.33 per 100Ea",
    "COL Size": "120 pack"
  },
  {
    "Brand_Product_Size": "Robern Delightfuls Apricot Indugence Fruit Snack 200g",
    "COL Price": 3,
    "COL ppu": "$1.50 per 100G",
    "COL Size": "200g"
  },
  {
    "Brand_Product_Size": "Hart & Soul Chicken Low Calorie Bone Broth Soup 350g",
    "COL Price": 4,
    "COL ppu": "$1.14 per 100G",
    "COL Size": "350g"
  },
  {
    "Brand_Product_Size": "Armor All Heavy Duty Car Wash 1L",
    "COL Price": 8,
    "COL ppu": "$8.00 per 1ea",
    "COL Size": "1L"
  },
  {
    "Brand_Product_Size": "Coles Finest Angus Beef Lasagne 700g",
    "COL Price": 14,
    "COL ppu": "$2.00 per 100G",
    "COL Size": "700g"
  },
  {
    "Brand_Product_Size": "Twinings Infusions Live Well Sleep Well 18 pack",
    "COL Price": 6.5,
    "COL ppu": "$0.36 per 1Ea",
    "COL Size": "18 pack"
  },
  {
    "Brand_Product_Size": "Harris Smooth Coffee Ground 1kg",
    "COL Price": 20,
    "COL ppu": "$2.00 per 100G",
    "COL Size": "1kg"
  },
  {
    "Brand_Product_Size": "MasterFoods Master Mix Chilli Con Carne Recipe Base 40g",
    "COL Price": 2.2,
    "COL ppu": "$5.50 per 100G",
    "COL Size": "40g"
  },
  {
    "Brand_Product_Size": "Hellmann's Real Mayonnaise 400g",
    "COL Price": 6.2,
    "COL ppu": "$1.55 per 100G",
    "COL Size": "400g"
  },
  {
    "Brand_Product_Size": "Elmer's Pink Crunch Premade Slime Fruit Slushy 147mL",
    "COL Price": 5.6,
    "COL ppu": "$3.81 per 100G",
    "COL Size": "147mL"
  },
  {
    "Brand_Product_Size": "Coles Basmati Rice 5kg",
    "COL Price": 14,
    "COL ppu": "$0.28 per 100G",
    "COL Size": "5kg"
  },
  {
    "Brand_Product_Size": "Coles Perform Lemon Pepper Chicken 330g",
    "COL Price": 8,
    "COL ppu": "$2.42 per 100G",
    "COL Size": "330g"
  },
  {
    "Brand_Product_Size": "McCain Delish Potato Gratin 400g",
    "COL Price": 5.5,
    "COL ppu": "$13.75 per 1Kg",
    "COL Size": "400g"
  },
  {
    "Brand_Product_Size": "Clairol Nice N Easy Repair 9A Light Ash Blonde Hair Colour 177mL",
    "COL Price": 11,
    "COL ppu": "$6.21 per 100mL",
    "COL Size": "177mL"
  },
  {
    "Brand_Product_Size": "Lipton Spiced Chai Latte Sachets 16 pack",
    "COL Price": 10,
    "COL ppu": "$0.63 per 1Ea",
    "COL Size": "16 pack"
  },
  {
    "Brand_Product_Size": "Nature's Gift Chicken Rice & Vegetables Canned Dog Food 700g",
    "COL Price": 2,
    "COL ppu": "$0.29 per 100G",
    "COL Size": "700g"
  },
  {
    "Brand_Product_Size": "L'Oreal Paris Paradise Mascara Waterproof 6.4mL",
    "COL Price": 17.5,
    "COL ppu": "$27.34 per 10mL",
    "COL Size": "6.4mL"
  },
  {
    "Brand_Product_Size": "Coles Frozen Party Beef Pies 550g",
    "COL Price": 4.9,
    "COL ppu": "$0.89 per 100G",
    "COL Size": "550g"
  },
  {
    "Brand_Product_Size": "Coles Red Sweet Potatoes loose each",
    "COL Price": 2.45,
    "COL ppu": "$7.00 per 1Kg",
    "COL Size": "each"
  },
  {
    "Brand_Product_Size": "Coles Kitchen Butter Chicken 350g",
    "COL Price": 7.5,
    "COL ppu": "$2.14 per 100G",
    "COL Size": "350g"
  },
  {
    "Brand_Product_Size": "A & W Root Beer 355mL",
    "COL Price": 2.15,
    "COL ppu": "$6.06 per 1L",
    "COL Size": "355mL"
  },
  {
    "Brand_Product_Size": "Wag Beef Bladder Sticks Dog Treat 5 pack",
    "COL Price": 7.5,
    "COL ppu": "$1.50 per 1Ea",
    "COL Size": "5 pack"
  },
  {
    "Brand_Product_Size": "Oral-B Pro Health Advanced Deep Clean Mint Fluoride Toothpaste 110g",
    "COL Price": 2.5,
    "COL ppu": "$2.27 per 100G",
    "COL Size": "110g"
  },
  {
    "Brand_Product_Size": "Liberate Gluten Free Crumpet 240g",
    "COL Price": 6.99,
    "COL ppu": "$2.91 per 100G",
    "COL Size": "240g"
  },
  {
    "Brand_Product_Size": "Praise Squeeze Traditional Mayonnaise 365g",
    "COL Price": 1.7,
    "COL ppu": "$0.47 per 100G",
    "COL Size": "365g"
  },
  {
    "Brand_Product_Size": "Coles Pacific Tuna Italian Style Pasta 190g",
    "COL Price": 3,
    "COL ppu": "$15.79 per 1Kg",
    "COL Size": "190g"
  },
  {
    "Brand_Product_Size": "Scholl Velvet Smooth Extra Coarse Single Refill 1 pack",
    "COL Price": 15,
    "COL ppu": "$15.00 per 1Ea",
    "COL Size": "1 pack"
  },
  {
    "Brand_Product_Size": "Daily Juice Pulp Free Orange Juice Chilled 2L",
    "COL Price": 5,
    "COL ppu": "$2.50 per 1L",
    "COL Size": "2L"
  },
  {
    "Brand_Product_Size": "Heinz Plant Proteinz Soup Smoky Spanish Tomato And Lentil 330g",
    "COL Price": 3.6,
    "COL ppu": "$1.09 per 100G",
    "COL Size": "330g"
  },
  {
    "Brand_Product_Size": "Abbott's Village Bakery Sourdough Grains & Seeds 760g",
    "COL Price": 3.8,
    "COL ppu": "$0.50 per 100G",
    "COL Size": "760g"
  },
  {
    "Brand_Product_Size": "Dare Milk Flavoured Espresso 2L",
    "COL Price": 5.5,
    "COL ppu": "$2.75 per 1L",
    "COL Size": "2L"
  },
  {
    "Brand_Product_Size": "Coles Australian Lite Long Life Milk 1L",
    "COL Price": 1.25,
    "COL ppu": "$1.25 per 1L",
    "COL Size": "1L"
  },
  {
    "Brand_Product_Size": "Eco Tools Enhancing Eye Set Brushes 2 pack",
    "COL Price": 18.9,
    "COL ppu": "$9.45 per 1Ea",
    "COL Size": "2 pack"
  },
  {
    "Brand_Product_Size": "Atkins Endulge Caramel Nougat 35g",
    "COL Price": 3,
    "COL ppu": "$8.57 per 100G",
    "COL Size": "35g"
  },
  {
    "Brand_Product_Size": "V.I.P. Fussy Cat Grainfree Chicken & Turkey With Cranberry Cat Food 400g",
    "COL Price": 1.8,
    "COL ppu": "$0.45 per 100G",
    "COL Size": "400g"
  },
  {
    "Brand_Product_Size": "Connoisseur Sicilian Blood Orange With Chocolate Gourmet Ice Cream Sticks 4 pack 455mL",
    "COL Price": 8.6,
    "COL ppu": "$1.89 per 100mL",
    "COL Size": "455mL"
  },
  {
    "Brand_Product_Size": "Aerogard Fabric Insect Repellent Spray Eucalyptus 150g",
    "COL Price": 11.5,
    "COL ppu": "$7.67 per 100G",
    "COL Size": "150g"
  },
  {
    "Brand_Product_Size": "Dodoni Halloumi Cyprus Cheese 225g",
    "COL Price": 5.5,
    "COL ppu": "$2.44 per 100G",
    "COL Size": "225g"
  },
  {
    "Brand_Product_Size": "Coles Sun-Dried Tomato Strips 280g",
    "COL Price": 2.75,
    "COL ppu": "$9.82 per 1Kg",
    "COL Size": "280g"
  },
  {
    "Brand_Product_Size": "Coles Light Olive Oil Spread 500g",
    "COL Price": 2,
    "COL ppu": "$0.40 per 100G",
    "COL Size": "500g"
  },
  {
    "Brand_Product_Size": "MacLeans Multi Action Soft Toothbrush each",
    "COL Price": 1.75,
    "COL ppu": "$1.75 per 1Ea",
    "COL Size": "each"
  },
  {
    "Brand_Product_Size": "Sakata Chicken Rice Crackers 100g",
    "COL Price": 2,
    "COL ppu": "$2.00 per 100G",
    "COL Size": "100g"
  },
  {
    "Brand_Product_Size": "KOi Jasmine & Sandalwood Hand Cream 100mL each",
    "COL Price": 8,
    "COL ppu": "$8.00 per 100mL",
    "COL Size": "each"
  },
  {
    "Brand_Product_Size": "Fromager D'affiniois Petite D'affinois 150g",
    "COL Price": 10,
    "COL ppu": "$66.67 per 1Kg",
    "COL Size": "150g"
  },
  {
    "Brand_Product_Size": "Garnier Fructis Coconut Water Shampoo 850mL",
    "COL Price": 7.5,
    "COL ppu": "$0.88 per 100mL",
    "COL Size": "850mL"
  },
  {
    "Brand_Product_Size": "Continental Kosher Butchers Beef Burgers 500g",
    "COL Price": 13.5,
    "COL ppu": "$27.00 per 1Kg",
    "COL Size": "500g"
  },
  {
    "Brand_Product_Size": "Coles Orange Juice Chilled 2L",
    "COL Price": 5,
    "COL ppu": "$2.50 per 1L",
    "COL Size": "2L"
  },
  {
    "Brand_Product_Size": "Denada Double Choc Ice Cream Tub 475mL",
    "COL Price": 11.5,
    "COL ppu": "$2.42 per 100mL",
    "COL Size": "475mL"
  },
  {
    "Brand_Product_Size": "Coles High Fibre White Sandwich Bread 700g",
    "COL Price": 2.3,
    "COL ppu": "$0.33 per 100G",
    "COL Size": "700g"
  },
  {
    "Brand_Product_Size": "Coles Dairy Milk Full Cream Hdpe 2L",
    "COL Price": 2.39,
    "COL ppu": "$1.20 per 1L",
    "COL Size": "2L"
  },
  {
    "Brand_Product_Size": "Dollar Sweets Edible Silver Leaf 2 each",
    "COL Price": 5,
    "COL ppu": "$2.50 per 1Ea",
    "COL Size": "2 each"
  },
  {
    "Brand_Product_Size": "Grant's Liquid Chlorophyll 500mL",
    "COL Price": 14.5,
    "COL ppu": "$2.90 per 100mL",
    "COL Size": "500mL"
  },
  {
    "Brand_Product_Size": "Coles Foil Curtain each",
    "COL Price": 5,
    "COL ppu": "$5.00 per 1Ea",
    "COL Size": "each"
  },
  {
    "Brand_Product_Size": "Coles White Seedless Grapes Loose approx. 800g",
    "COL Price": 3.92,
    "COL ppu": "$4.90 per 1Kg",
    "COL Size": "approx. 800g"
  },
  {
    "Brand_Product_Size": "Mars Bounty Coconut Chocolate Bar 56g",
    "COL Price": 2,
    "COL ppu": "$3.57 per 100G",
    "COL Size": "56g"
  },
  {
    "Brand_Product_Size": "Gillette Venus ComfortGlide White Tea Razor Blades 4 pack",
    "COL Price": 20,
    "COL ppu": "$5.00 per 1Ea",
    "COL Size": "4 pack"
  },
  {
    "Brand_Product_Size": "B-B Products Double Smoked Leg Ham 100g",
    "COL Price": 4.85,
    "COL ppu": "$48.50 per 1Kg",
    "COL Size": "100g"
  },
  {
    "Brand_Product_Size": "Fancy Feast Beef Salmon & Cheese Dry Cat Food 450g",
    "COL Price": 5.3,
    "COL ppu": "$1.18 per 100G",
    "COL Size": "450g"
  },
  {
    "Brand_Product_Size": "Arnott's Kingston Biscuits 200g",
    "COL Price": 3,
    "COL ppu": "$1.50 per 100G",
    "COL Size": "200g"
  },
  {
    "Brand_Product_Size": "Lilydale Free Range Chicken Tenderloins 500g",
    "COL Price": 9.4,
    "COL ppu": "$18.80 per 1Kg",
    "COL Size": "500g"
  },
  {
    "Brand_Product_Size": "Coles Lebanese Eggplant each",
    "COL Price": 0.891,
    "COL ppu": "$9.90 per 1Kg",
    "COL Size": "each"
  },
  {
    "Brand_Product_Size": "Vittoria Oro Ground 1kg",
    "COL Price": 33,
    "COL ppu": "$3.30 per 100G",
    "COL Size": "1kg"
  },
  {
    "Brand_Product_Size": "Toscano Chocolate Crepes 192g",
    "COL Price": 4.7,
    "COL ppu": "$2.45 per 100G",
    "COL Size": "192g"
  },
  {
    "Brand_Product_Size": "Coles Chocolate Cream Wafers 125g",
    "COL Price": 0.55,
    "COL ppu": "$0.44 per 100G",
    "COL Size": "125g"
  },
  {
    "Brand_Product_Size": "Kiddylicious Blueberry Fruity Puffs 7+ Months 10g",
    "COL Price": 1.8,
    "COL ppu": "$18.00 per 100G",
    "COL Size": "10g"
  },
  {
    "Brand_Product_Size": "Creative Gourmet Frozen Mixed Berries 750g",
    "COL Price": 8,
    "COL ppu": "$1.07 per 100G",
    "COL Size": "750g"
  },
  {
    "Brand_Product_Size": "Cove By Earth Choice Surface Cleaner Refill 125mL",
    "COL Price": 3.5,
    "COL ppu": "$2.80 per 100mL",
    "COL Size": "125mL"
  },
  {
    "Brand_Product_Size": "Coles Deli Salads Tub Snack Classic Pasta 70g each",
    "COL Price": 2,
    "COL ppu": "$2.00 per 1Ea",
    "COL Size": "each"
  },
  {
    "Brand_Product_Size": "Old El Paso Corn Jumbo Taco Shells 10 pack 190g",
    "COL Price": 3.6,
    "COL ppu": "$1.89 per 100G",
    "COL Size": "190g"
  },
  {
    "Brand_Product_Size": "Coles Original Posh Dogs 300g",
    "COL Price": 5.5,
    "COL ppu": "$18.33 per 1Kg",
    "COL Size": "300g"
  },
  {
    "Brand_Product_Size": "Nivea Men Power Fresh Shower Gel & Body Wash 500mL",
    "COL Price": 6,
    "COL ppu": "$1.20 per 100mL",
    "COL Size": "500mL"
  },
  {
    "Brand_Product_Size": "Coles I'M Free From Shortbread Creams 144g",
    "COL Price": 3.5,
    "COL ppu": "$2.43 per 100G",
    "COL Size": "144g"
  },
  {
    "Brand_Product_Size": "Western Star Salt Reduced Butter 250g",
    "COL Price": 3.2,
    "COL ppu": "$1.28 per 100G",
    "COL Size": "250g"
  },
  {
    "Brand_Product_Size": "Cook & Dine Textured Glasses 4 pack",
    "COL Price": 14,
    "COL ppu": "$3.50 per 1Ea",
    "COL Size": "4 pack"
  },
  {
    "Brand_Product_Size": "Clairol Root Touch Up Colour Blending Gel Dark Brown 45mL",
    "COL Price": 12.6,
    "COL ppu": "$2.80 per 10mL",
    "COL Size": "45mL"
  },
  {
    "Brand_Product_Size": "Munchkin Miracle 360 Cup each",
    "COL Price": 10,
    "COL ppu": "$10.00 per 1Ea",
    "COL Size": "each"
  },
  {
    "Brand_Product_Size": "Palmolive Naturals Ultra Moisture Milk & Shea Butter Shower Gel 1L",
    "COL Price": 8.5,
    "COL ppu": "$0.85 per 100mL",
    "COL Size": "1L"
  },
  {
    "Brand_Product_Size": "Essano Rosehip Facial Moisturiser 140mL",
    "COL Price": 20,
    "COL ppu": "$14.29 per 100mL",
    "COL Size": "140mL"
  },
  {
    "Brand_Product_Size": "Friskies Meaty Grills 2.5kg",
    "COL Price": 10,
    "COL ppu": "$0.40 per 100G",
    "COL Size": "2.5kg"
  },
  {
    "Brand_Product_Size": "Crook Auto Open Umbrella Black each",
    "COL Price": 13,
    "COL ppu": "$13.00 per 1Ea",
    "COL Size": "each"
  },
  {
    "Brand_Product_Size": "Quilton 3 Ply White Toilet Paper 20 pack",
    "COL Price": 10,
    "COL ppu": "$0.28 per 100Ea",
    "COL Size": "20 pack"
  },
  {
    "Brand_Product_Size": "Dole Sliced Pineapple In Juice 432g",
    "COL Price": 2.2,
    "COL ppu": "$5.09 per 1Kg",
    "COL Size": "432g"
  },
  {
    "Brand_Product_Size": "Activia Probiotic Mango Yoghurt 4 pack 125g",
    "COL Price": 3.5,
    "COL ppu": "$2.80 per 100G",
    "COL Size": "125g"
  },
  {
    "Brand_Product_Size": "Tresemme Keratin Smooth Conditioner 675mL",
    "COL Price": 9,
    "COL ppu": "$1.33 per 100mL",
    "COL Size": "675mL"
  },
  {
    "Brand_Product_Size": "Bushells Blue Label Black Tea Bags 50 pack",
    "COL Price": 2,
    "COL ppu": "$0.04 per 1Ea",
    "COL Size": "50 pack"
  },
  {
    "Brand_Product_Size": "Coles Chocolate Topping 600mL",
    "COL Price": 1.75,
    "COL ppu": "$0.29 per 100mL",
    "COL Size": "600mL"
  },
  {
    "Brand_Product_Size": "Nexba Mango Kombucha 4 pack",
    "COL Price": 8.55,
    "COL ppu": "$2.14 per 1Ea",
    "COL Size": "4 pack"
  },
  {
    "Brand_Product_Size": "Keep It Cleaner Bliss Balls Acai Berry 40g",
    "COL Price": 2.5,
    "COL ppu": "$6.25 per 100G",
    "COL Size": "40g"
  },
  {
    "Brand_Product_Size": "Lavazza A Modo Mio Tierra Organic Capsules 12 pack",
    "COL Price": 11,
    "COL ppu": "$0.92 per 1Ea",
    "COL Size": "12 pack"
  },
  {
    "Brand_Product_Size": "Oak Chocolate Flavoured Milk 750mL",
    "COL Price": 3,
    "COL ppu": "$4.00 per 1L",
    "COL Size": "750mL"
  },
  {
    "Brand_Product_Size": "Sanitarium Weet Bix Breakfast Cereal Little Kids Essentials 400g",
    "COL Price": 4,
    "COL ppu": "$1.00 per 100G",
    "COL Size": "400g"
  },
  {
    "Brand_Product_Size": "Capilano Manuka Active Honey 340g",
    "COL Price": 9,
    "COL ppu": "$2.65 per 100G",
    "COL Size": "340g"
  },
  {
    "Brand_Product_Size": "Golden Circle Tropical Punch Fruit Drink 1L",
    "COL Price": 2.25,
    "COL ppu": "$2.25 per 1L",
    "COL Size": "1L"
  },
  {
    "Brand_Product_Size": "Primo Cacciatori Mild each",
    "COL Price": 6,
    "COL ppu": "$6.00 per 1Ea",
    "COL Size": "each"
  },
  {
    "Brand_Product_Size": "Maltesers Vanilla Ice Cream Sticks 4 Pack 360mL",
    "COL Price": 8.5,
    "COL ppu": "$2.36 per 100mL",
    "COL Size": "360mL"
  },
  {
    "Brand_Product_Size": "KB Panko Crumb Squid 360g",
    "COL Price": 9.5,
    "COL ppu": "$26.39 per 1Kg",
    "COL Size": "360g"
  },
  {
    "Brand_Product_Size": "Cook & Dine Porcelain Large Roaster each",
    "COL Price": 13.5,
    "COL ppu": "$13.50 per 1Ea",
    "COL Size": "each"
  },
  {
    "Brand_Product_Size": "Coles Urban Coffee Culture Dolce Gusto Ristretto Capsules 16 pack",
    "COL Price": 5.5,
    "COL ppu": "$0.34 per 1Ea",
    "COL Size": "16 pack"
  },
  {
    "Brand_Product_Size": "Pantene Long & Strong Conditioner 900mL",
    "COL Price": 17,
    "COL ppu": "$1.89 per 100mL",
    "COL Size": "900mL"
  },
  {
    "Brand_Product_Size": "Modo Straw Cleaners 4pack",
    "COL Price": 3,
    "COL ppu": "$0.75 per 1Ea",
    "COL Size": "4pack"
  },
  {
    "Brand_Product_Size": "Coles Deli Antipasto Platter Small each",
    "COL Price": 20,
    "COL ppu": "$20.00 per 1Ea",
    "COL Size": "each"
  },
  {
    "Brand_Product_Size": "Coles Bakery Stone Baked By Laurent Mini Pumpkin & Soybean Pane Di Casa each",
    "COL Price": 2.85,
    "COL ppu": "$2.85 per 1Ea",
    "COL Size": "each"
  },
  {
    "Brand_Product_Size": "L'Oreal Paris Voluminous Original Mascara 6.4mL",
    "COL Price": 14,
    "COL ppu": "$21.88 per 10mL",
    "COL Size": "6.4mL"
  },
  {
    "Brand_Product_Size": "Lynx Aerosol Black Antiperspirant 165mL",
    "COL Price": 7,
    "COL ppu": "$4.24 per 100mL",
    "COL Size": "165mL"
  },
  {
    "Brand_Product_Size": "Inglewood Farms Free Range Organic Chicken Drumsticks approx. 420g each",
    "COL Price": 4.62,
    "COL ppu": "$11.00 per 1Kg",
    "COL Size": "approx. 420g each"
  },
  {
    "Brand_Product_Size": "Raw C Organic Coconut Oil 330mL",
    "COL Price": 5.5,
    "COL ppu": "$1.67 per 100mL",
    "COL Size": "330mL"
  },
  {
    "Brand_Product_Size": "Coles Finest By Laurent White Sourdough Vienna 1 pack",
    "COL Price": 6,
    "COL ppu": "$6.00 per 1Ea",
    "COL Size": "1 pack"
  },
  {
    "Brand_Product_Size": "Coles Mozzarella Pear 500g",
    "COL Price": 6.5,
    "COL ppu": "$13.00 per 1Kg",
    "COL Size": "500g"
  },
  {
    "Brand_Product_Size": "Swisse Hemp Seed Oil Capsules 60 pack",
    "COL Price": 10,
    "COL ppu": "",
    "COL Size": "60 pack"
  },
  {
    "Brand_Product_Size": "Strepsils Sore Throat Lozenges Children 6+  Antibacterial Strawberry Sugar Free 36 pack",
    "COL Price": 10.5,
    "COL ppu": "$0.29 per 1Ea",
    "COL Size": "36 pack"
  },
  {
    "Brand_Product_Size": "Australian Botanical Soap Frangipani & Evening Primrose Oil 200g",
    "COL Price": 4,
    "COL ppu": "$2.00 per 100G",
    "COL Size": "200g"
  },
  {
    "Brand_Product_Size": "Nippy's Orange Juice Unsweetened Chilled 2L",
    "COL Price": 6,
    "COL ppu": "$3.00 per 1L",
    "COL Size": "2L"
  },
  {
    "Brand_Product_Size": "Toni & Guy Shampoo Purple 50mL",
    "COL Price": 5,
    "COL ppu": "$10.00 per 100mL",
    "COL Size": "50mL"
  },
  {
    "Brand_Product_Size": "Fancy Feast Royale Roasted Succulent Chicken Canned Cat Food 85g",
    "COL Price": 2,
    "COL ppu": "$2.35 per 100G",
    "COL Size": "85g"
  },
  {
    "Brand_Product_Size": "Coles Green Kiwifruit Prepacked 8 pack",
    "COL Price": 3.5,
    "COL ppu": "$0.44 per 1Ea",
    "COL Size": "8 pack"
  },
  {
    "Brand_Product_Size": "Coles Bakery High Fibre Low GI 7 Seeds & Grains Block Bread Loaf 800g",
    "COL Price": 3,
    "COL ppu": "$0.38 per 100G",
    "COL Size": "800g"
  },
  {
    "Brand_Product_Size": "Deeko Plastic Dinner Plates 20 pack",
    "COL Price": 5,
    "COL ppu": "$0.25 per 1Ea",
    "COL Size": "20 pack"
  },
  {
    "Brand_Product_Size": "Pureharvest Organic Malt Free Long Life Soy Drink 1L",
    "COL Price": 1.7,
    "COL ppu": "$1.70 per 1L",
    "COL Size": "1L"
  },
  {
    "Brand_Product_Size": "St Remio Coffee Expressi/Caffitaly Compatible Bio-Organic Robust Capsules 10 pack",
    "COL Price": 5,
    "COL ppu": "$0.50 per 1Ea",
    "COL Size": "10 pack"
  },
  {
    "Brand_Product_Size": "Lucky Smart Snax Mind & Body 140g",
    "COL Price": 4,
    "COL ppu": "$28.57 per 1Kg",
    "COL Size": "140g"
  },
  {
    "Brand_Product_Size": "Haldirams Lachha Paratha 360g",
    "COL Price": 6.5,
    "COL ppu": "$1.81 per 100G",
    "COL Size": "360g"
  },
  {
    "Brand_Product_Size": "Stay Fresh Anti Bacterial Thick Sponge 3 pack",
    "COL Price": 3.8,
    "COL ppu": "$1.27 per 1Ea",
    "COL Size": "3 pack"
  },
  {
    "Brand_Product_Size": "Angas Park Dried Apples 200g",
    "COL Price": 3.5,
    "COL ppu": "$17.50 per 1Kg",
    "COL Size": "200g"
  },
  {
    "Brand_Product_Size": "Chobani Fit Strawberry Yoghurt Pot 170g",
    "COL Price": 2.25,
    "COL ppu": "$1.32 per 100G",
    "COL Size": "170g"
  },
  {
    "Brand_Product_Size": "Huggies Fragrance Free 400 Baby Wipes 1 pack",
    "COL Price": 15,
    "COL ppu": "$15.00 per 1Ea",
    "COL Size": "1 pack"
  },
  {
    "Brand_Product_Size": "Coles Finest Swiss 12 Month Aged Gruyere approx 100g each",
    "COL Price": 6,
    "COL ppu": "$60.00 per 1Kg",
    "COL Size": "approx 100g each"
  },
  {
    "Brand_Product_Size": "Oral-B Advantage Complete Whitening Toothbrush Medium 1 pack",
    "COL Price": 2,
    "COL ppu": "$2.00 per 1Ea",
    "COL Size": "1 pack"
  },
  {
    "Brand_Product_Size": "Coca Cola Classic Coke Multipack Mini Cans 250mL 20 pack",
    "COL Price": 21.6,
    "COL ppu": "$4.32 per 1L",
    "COL Size": "20 pack"
  },
  {
    "Brand_Product_Size": "Fantastic Singapore Noodles 350g",
    "COL Price": 2.65,
    "COL ppu": "$0.76 per 100G",
    "COL Size": "350g"
  },
  {
    "Brand_Product_Size": "Slendier Black Bean Organic Fettuccine Pasta 200g",
    "COL Price": 3.9,
    "COL ppu": "$1.95 per 100G",
    "COL Size": "200g"
  },
  {
    "Brand_Product_Size": "Bref Blue Active In Bowl Flower Blossom 50 gram",
    "COL Price": 3,
    "COL ppu": "",
    "COL Size": "50 gram"
  },
  {
    "Brand_Product_Size": "Always Fresh Cucumber Baby Chilli 350g",
    "COL Price": 3.8,
    "COL ppu": "$10.86 per 1Kg",
    "COL Size": "350g"
  },
  {
    "Brand_Product_Size": "Mrs Mac's Microwave Beef Pie 175g",
    "COL Price": 2.5,
    "COL ppu": "$1.43 per 100G",
    "COL Size": "175g"
  },
  {
    "Brand_Product_Size": "Coles Deli Fresh Salmon Portion Skin On approx. 250g each",
    "COL Price": 7.375,
    "COL ppu": "$29.50 per 1Kg",
    "COL Size": "approx. 250g each"
  },
  {
    "Brand_Product_Size": "Kewpie Mayonnaise 300g",
    "COL Price": 4.7,
    "COL ppu": "$1.57 per 100G",
    "COL Size": "300g"
  },
  {
    "Brand_Product_Size": "Bref Deluxe In Bowl Cleaner Delicate Magnolia 50 gram",
    "COL Price": 3,
    "COL ppu": "",
    "COL Size": "50 gram"
  },
  {
    "Brand_Product_Size": "Jif Power & Shine Bathroom Eco Refill 70mL",
    "COL Price": 3.5,
    "COL ppu": "$5.00 per 100mL",
    "COL Size": "70mL"
  },
  {
    "Brand_Product_Size": "Cook & Dine Cooks Knife each",
    "COL Price": 8,
    "COL ppu": "$8.00 per 1Ea",
    "COL Size": "each"
  },
  {
    "Brand_Product_Size": "Beijing Sliced Garlic Tofu Pieces 200g",
    "COL Price": 5,
    "COL ppu": "$2.50 per 100G",
    "COL Size": "200g"
  },
  {
    "Brand_Product_Size": "Lipton Chai Black Tea With Exotic Spices Tea Bags 20 pack",
    "COL Price": 4.9,
    "COL ppu": "$0.25 per 1Ea",
    "COL Size": "20 pack"
  },
  {
    "Brand_Product_Size": "Pringles Salt & Vinegar Flavour Stacked Potato Chips 134g",
    "COL Price": 2,
    "COL ppu": "$1.49 per 100G",
    "COL Size": "134g"
  },
  {
    "Brand_Product_Size": "Toblerone Milk Chocolate Gift Bar 360g",
    "COL Price": 10,
    "COL ppu": "$2.78 per 100G",
    "COL Size": "360g"
  },
  {
    "Brand_Product_Size": "Marion's Kitchen Gluten Free Honey Soy Garlic Marinade 240mL",
    "COL Price": 5,
    "COL ppu": "$2.08 per 100mL",
    "COL Size": "240mL"
  },
  {
    "Brand_Product_Size": "Golden Circle Apple Fruit Drink Multipack 250mL 6 pack",
    "COL Price": 4.5,
    "COL ppu": "$0.75 per 1Ea",
    "COL Size": "6 pack"
  },
  {
    "Brand_Product_Size": "Annalisa Lentils 400g",
    "COL Price": 1.5,
    "COL ppu": "$3.75 per 1Kg",
    "COL Size": "400g"
  },
  {
    "Brand_Product_Size": "Coles Double Sided Nail Brush 1 pack",
    "COL Price": 2,
    "COL ppu": "$2.00 per 1Ea",
    "COL Size": "1 pack"
  },
  {
    "Brand_Product_Size": "180 Degrees Walnut Oat Crackers 150g",
    "COL Price": 5.5,
    "COL ppu": "$3.67 per 100G",
    "COL Size": "150g"
  },
  {
    "Brand_Product_Size": "Schwarzkopf Taft Full On Structured Modelling Wax 100mL",
    "COL Price": 8,
    "COL ppu": "$8.00 per 100mL",
    "COL Size": "100mL"
  },
  {
    "Brand_Product_Size": "Nerada Organics Pure Green Tea Bags 50 pack 75g",
    "COL Price": 4.25,
    "COL ppu": "$5.67 per 100G",
    "COL Size": "75g"
  },
  {
    "Brand_Product_Size": "Coles Baby Spinach & Rocket 60g",
    "COL Price": 2,
    "COL ppu": "$3.33 per 100G",
    "COL Size": "60g"
  },
  {
    "Brand_Product_Size": "Coles Thai Basil Punnet 15g",
    "COL Price": 3,
    "COL ppu": "$2.00 per 10G",
    "COL Size": "15g"
  },
  {
    "Brand_Product_Size": "U By Kotex Super Sport Tampon 16 pack",
    "COL Price": 5,
    "COL ppu": "$0.31 per 1Ea",
    "COL Size": "16 pack"
  },
  {
    "Brand_Product_Size": "King Island Dairy Furneaux Cheese approx. 100g",
    "COL Price": 6.3,
    "COL ppu": "$63.00 per 1Kg",
    "COL Size": "approx. 100g"
  },
  {
    "Brand_Product_Size": "Sorbent Clean & Fresh Silky White Flushable Wipes Soft Pack 40 pack",
    "COL Price": 3.5,
    "COL ppu": "$0.09 per 1Ea",
    "COL Size": "40 pack"
  },
  {
    "Brand_Product_Size": "Schick Hydro 5 Blades 4 pack",
    "COL Price": 10,
    "COL ppu": "$2.50 per 1Ea",
    "COL Size": "4 pack"
  },
  {
    "Brand_Product_Size": "Tracklements Fig Relish 250g",
    "COL Price": 14.75,
    "COL ppu": "$5.90 per 100G",
    "COL Size": "250g"
  },
  {
    "Brand_Product_Size": "Coles RSPCA Approved Chicken Breast Fillet Sage & Rosemary Crumb 400g",
    "COL Price": 8,
    "COL ppu": "$20.00 per 1Kg",
    "COL Size": "400g"
  },
  {
    "Brand_Product_Size": "Coles Pepperoni Salami 200g",
    "COL Price": 4.7,
    "COL ppu": "$23.50 per 1Kg",
    "COL Size": "200g"
  },
  {
    "Brand_Product_Size": "Lavazza Espresso Delizioso Intensita 8 Coffee Capsules 16 pack",
    "COL Price": 11,
    "COL ppu": "$0.69 per 1Ea",
    "COL Size": "16 pack"
  },
  {
    "Brand_Product_Size": "Coles Finest Dutch Palmiers With Smokey Spicy Paprika 100g",
    "COL Price": 4,
    "COL ppu": "$4.00 per 100G",
    "COL Size": "100g"
  },
  {
    "Brand_Product_Size": "Coles Kitchen Chicken In Teriyaki 360g",
    "COL Price": 10,
    "COL ppu": "$2.78 per 100G",
    "COL Size": "360g"
  },
  {
    "Brand_Product_Size": "Igor Gorgonzola Dolce 195g",
    "COL Price": 7.3,
    "COL ppu": "$37.44 per 1Kg",
    "COL Size": "195g"
  },
  {
    "Brand_Product_Size": "Lifestyles Condoms Ultimate Pleasures 10 pack",
    "COL Price": 6.5,
    "COL ppu": "$0.65 per 1Ea",
    "COL Size": "10 pack"
  },
  {
    "Brand_Product_Size": "Helga's Gluten Free Mixed Grain Bread 500g",
    "COL Price": 7,
    "COL ppu": "$1.40 per 100G",
    "COL Size": "500g"
  },
  {
    "Brand_Product_Size": "Eylure Volume Pre-glued Eye Lashes 1 pack",
    "COL Price": 10,
    "COL ppu": "$10.00 per 1Ea",
    "COL Size": "1 pack"
  },
  {
    "Brand_Product_Size": "Lighthouse Crusty Wholemeal Breadmix 550 gram",
    "COL Price": 2.85,
    "COL ppu": "$9.42 per 1Kg",
    "COL Size": "550 gram"
  },
  {
    "Brand_Product_Size": "Glad Wave top Tie Tidy Bags Medium 72 pack",
    "COL Price": 6.5,
    "COL ppu": "$0.09 per 1Ea",
    "COL Size": "72 pack"
  },
  {
    "Brand_Product_Size": "Energizer Wall Charger + Lightning Cable 1 pack",
    "COL Price": 30,
    "COL ppu": "$30.00 per 1Ea",
    "COL Size": "1 pack"
  },
  {
    "Brand_Product_Size": "Cobram Garlic Oil 250mL",
    "COL Price": 7.7,
    "COL ppu": "$3.08 per 100mL",
    "COL Size": "250mL"
  },
  {
    "Brand_Product_Size": "Love Potatoes Garlic & Herb Potatoes Prepacked 250g",
    "COL Price": 3.5,
    "COL ppu": "$1.40 per 100G",
    "COL Size": "250g"
  },
  {
    "Brand_Product_Size": "Cook & Dine Spring Form Cake Tin 25cm each",
    "COL Price": 7,
    "COL ppu": "$7.00 per 1Ea",
    "COL Size": "each"
  },
  {
    "Brand_Product_Size": "Simply Wize Gluten Free Crusty Bread 330g",
    "COL Price": 5,
    "COL ppu": "$1.52 per 100G",
    "COL Size": "330g"
  },
  {
    "Brand_Product_Size": "Coles Baby Spinach & Rocket 60g",
    "COL Price": 2,
    "COL ppu": "$3.33 per 100G",
    "COL Size": "60g"
  },
  {
    "Brand_Product_Size": "Coles Extra Hot Cayenne Pepper Ground 41g",
    "COL Price": 2.9,
    "COL ppu": "$0.71 per 10G",
    "COL Size": "41g"
  },
  {
    "Brand_Product_Size": "Coles Frozen Cooked Peeled Prawns 350g",
    "COL Price": 10,
    "COL ppu": "$28.57 per 1Kg",
    "COL Size": "350g"
  },
  {
    "Brand_Product_Size": "Madam Wong Dried Red Chilli Small 100g",
    "COL Price": 2,
    "COL ppu": "$2.00 per 100G",
    "COL Size": "100g"
  },
  {
    "Brand_Product_Size": "Star Foods Rolada Pistachio Date 150g",
    "COL Price": 10,
    "COL ppu": "$6.67 per 100G",
    "COL Size": "150g"
  },
  {
    "Brand_Product_Size": "Coles Classic Beef Burgers 500g",
    "COL Price": 7.5,
    "COL ppu": "$15.00 per 1Kg",
    "COL Size": "500g"
  },
  {
    "Brand_Product_Size": "MasterFoods Mild American Mustard Smooth & Tangy 550g",
    "COL Price": 3.5,
    "COL ppu": "$0.64 per 100G",
    "COL Size": "550g"
  },
  {
    "Brand_Product_Size": "Coles Baby Rocket Prepacked 60g",
    "COL Price": 2,
    "COL ppu": "$0.33 per 10G",
    "COL Size": "60g"
  },
  {
    "Brand_Product_Size": "Mersey Valley Classic Cheddar Cheese 80g",
    "COL Price": 3.5,
    "COL ppu": "$43.75 per 1Kg",
    "COL Size": "80g"
  },
  {
    "Brand_Product_Size": "Final Net Superhold Hair Lacquer 50g",
    "COL Price": 4.5,
    "COL ppu": "$9.00 per 100G",
    "COL Size": "50g"
  },
  {
    "Brand_Product_Size": "Nestle Carnation Lite Cooking Cream 300mL",
    "COL Price": 3,
    "COL ppu": "$10.00 per 1L",
    "COL Size": "300mL"
  },
  {
    "Brand_Product_Size": "Schweppes Signature Series Tonic Bottle 300mL 4 pack",
    "COL Price": 6.65,
    "COL ppu": "$5.54 per 1L",
    "COL Size": "4 pack"
  },
  {
    "Brand_Product_Size": "Nature's Way Adults Vita Gummies Magnesium 80 pack",
    "COL Price": 20,
    "COL ppu": "$25.00 per 100Ea",
    "COL Size": "80 pack"
  },
  {
    "Brand_Product_Size": "Lavazza Espresso Barista Gran Crema Beans 1kg",
    "COL Price": 22,
    "COL ppu": "$2.20 per 100G",
    "COL Size": "1kg"
  },
  {
    "Brand_Product_Size": "Coles Bresaola 80g",
    "COL Price": 7,
    "COL ppu": "$87.50 per 1Kg",
    "COL Size": "80g"
  },
  {
    "Brand_Product_Size": "Paper Mate Kilometrico Blue Pens 10 pack",
    "COL Price": 4.5,
    "COL ppu": "$0.45 per 1Ea",
    "COL Size": "10 pack"
  },
  {
    "Brand_Product_Size": "Maybelline Fit Me Matte Poreless Foundation Natural Beige 20mL",
    "COL Price": 15.4,
    "COL ppu": "$7.70 per 10mL",
    "COL Size": "20mL"
  },
  {
    "Brand_Product_Size": "Coles Deli Patchett Pies Small Pork Pie each",
    "COL Price": 3.45,
    "COL ppu": "$2.30 per 100G",
    "COL Size": "each"
  },
  {
    "Brand_Product_Size": "Valcom Water Chestnut Slices 227g",
    "COL Price": 1.1,
    "COL ppu": "$4.85 per 1Kg",
    "COL Size": "227g"
  },
  {
    "Brand_Product_Size": "Dr. Oetker Frozen Ristorante Pepperoni Pizza 310g",
    "COL Price": 7.9,
    "COL ppu": "$2.55 per 100G",
    "COL Size": "310g"
  },
  {
    "Brand_Product_Size": "Sharwood's Green Label Mango & Ginger Chutney 354g",
    "COL Price": 5.65,
    "COL ppu": "$1.60 per 100G",
    "COL Size": "354g"
  },
  {
    "Brand_Product_Size": "Coles Bakery Lamington Long John 2 pack",
    "COL Price": 4,
    "COL ppu": "$2.00 per 1Ea",
    "COL Size": "2 pack"
  },
  {
    "Brand_Product_Size": "Maggi Dry Recipe Base Gluten Free Herb Potatoes 43g",
    "COL Price": 1.75,
    "COL ppu": "$4.07 per 100G",
    "COL Size": "43g"
  },
  {
    "Brand_Product_Size": "Vitapet Fish Water Ager 125mL",
    "COL Price": 5.15,
    "COL ppu": "$41.20 per 1L",
    "COL Size": "125mL"
  },
  {
    "Brand_Product_Size": "Heinz Original Mayonnaise 295mL",
    "COL Price": 4,
    "COL ppu": "$1.36 per 100mL",
    "COL Size": "295mL"
  },
  {
    "Brand_Product_Size": "Coles Champignons Pieces & Stems 425g",
    "COL Price": 1.7,
    "COL ppu": "$4.00 per 1Kg",
    "COL Size": "425g"
  },
  {
    "Brand_Product_Size": "Quest Birthday Cake Protein Bar 60g",
    "COL Price": 3,
    "COL ppu": "$5.00 per 100G",
    "COL Size": "60g"
  },
  {
    "Brand_Product_Size": "Coles Fruit Salad in Juice 825g",
    "COL Price": 2.8,
    "COL ppu": "$3.39 per 1Kg",
    "COL Size": "825g"
  },
  {
    "Brand_Product_Size": "Clairol Nice 'N Easy 114 Natural Light Ash Brown Hair Colour 1 pack",
    "COL Price": 9,
    "COL ppu": "$9.00 per 1Ea",
    "COL Size": "1 pack"
  },
  {
    "Brand_Product_Size": "Red Rock Deli Style Crackers Cheddar & Parmesan 135g",
    "COL Price": 4,
    "COL ppu": "$2.96 per 100G",
    "COL Size": "135g"
  },
  {
    "Brand_Product_Size": "Schmackos Stix With Beef Dog Treats 500g",
    "COL Price": 12.9,
    "COL ppu": "$2.58 per 100G",
    "COL Size": "500g"
  },
  {
    "Brand_Product_Size": "Menevit Male Fertility Vitamin Capsules 30 pack",
    "COL Price": 33,
    "COL ppu": "$110.00 per 100Ea",
    "COL Size": "30 pack"
  },
  {
    "Brand_Product_Size": "Coles Toy Mix 1 each",
    "COL Price": 2,
    "COL ppu": "$2.00 per 1Ea",
    "COL Size": "each"
  },
  {
    "Brand_Product_Size": "Coles Australian Blanched Almonds 150g",
    "COL Price": 4.5,
    "COL ppu": "$3.00 per 100G",
    "COL Size": "150g"
  },
  {
    "Brand_Product_Size": "Fit Lato Choc Hazelnut Wafer 473mL",
    "COL Price": 11.95,
    "COL ppu": "$2.53 per 100mL",
    "COL Size": "473mL"
  },
  {
    "Brand_Product_Size": "Activia Probiotic Strawberry Yoghurt 4 pack 125g",
    "COL Price": 3.5,
    "COL ppu": "$2.80 per 100G",
    "COL Size": "125g"
  },
  {
    "Brand_Product_Size": "Coles Rosemary Crackers 170g",
    "COL Price": 1.8,
    "COL ppu": "$1.06 per 100G",
    "COL Size": "170g"
  },
  {
    "Brand_Product_Size": "Queen Designer Icing White 140g",
    "COL Price": 4,
    "COL ppu": "$2.86 per 100G",
    "COL Size": "140g"
  },
  {
    "Brand_Product_Size": "Cook & Dine Stainless Steel Garlic Press each",
    "COL Price": 4.8,
    "COL ppu": "$4.80 per 1Ea",
    "COL Size": "each"
  },
  {
    "Brand_Product_Size": "Coles Kitchen Quinoa Tabouleh Salad 200g",
    "COL Price": 3.5,
    "COL ppu": "$1.75 per 100G",
    "COL Size": "200g"
  },
  {
    "Brand_Product_Size": "Pitango Coconut Free Range Chicken Curry 350g",
    "COL Price": 9.95,
    "COL ppu": "$2.84 per 100G",
    "COL Size": "350g"
  },
  {
    "Brand_Product_Size": "Great Ocean Road Road Pat Butter Unsalted 250g",
    "COL Price": 4.5,
    "COL ppu": "$1.80 per 100G",
    "COL Size": "250g"
  },
  {
    "Brand_Product_Size": "Oreo Creme Biscuits Double Stuff 147g",
    "COL Price": 1.5,
    "COL ppu": "$1.02 per 100G",
    "COL Size": "147g"
  },
  {
    "Brand_Product_Size": "L'OR Espresso Lungo Estremo Intensity 10 Coffee Capsules 10 Pack 52g",
    "COL Price": 4.5,
    "COL ppu": "$86.56 per 1KG",
    "COL Size": "52g"
  },
  {
    "Brand_Product_Size": "My Dog Fish With Sardines Tuna With Spring Vegetables Fillets In Gravy Wet Dog Food Can 400g",
    "COL Price": 2.2,
    "COL ppu": "$0.55 per 100G",
    "COL Size": "400g"
  },
  {
    "Brand_Product_Size": "Wellness Road Australian Almond Flour 300g",
    "COL Price": 10,
    "COL ppu": "$33.33 per 1Kg",
    "COL Size": "300g"
  },
  {
    "Brand_Product_Size": "Bic Velocity Original Pen 2 pack",
    "COL Price": 4,
    "COL ppu": "$2.00 per 1Ea",
    "COL Size": "2 pack"
  },
  {
    "Brand_Product_Size": "Tip Top The One White Sandwich Bread 700g",
    "COL Price": 3.4,
    "COL ppu": "$0.49 per 100G",
    "COL Size": "700g"
  },
  {
    "Brand_Product_Size": "Supercoat Real Beef Dry Dog Food 3kg",
    "COL Price": 12,
    "COL ppu": "$0.40 per 100G",
    "COL Size": "3kg"
  },
  {
    "Brand_Product_Size": "Coles Kitchen Broccoli & Cauliflower Florets 150g",
    "COL Price": 2,
    "COL ppu": "$13.33 per 1Kg",
    "COL Size": "150g"
  },
  {
    "Brand_Product_Size": "Coles Strawberry Custard Pouch 90g",
    "COL Price": 0.95,
    "COL ppu": "$1.06 per 100G",
    "COL Size": "90g"
  },
  {
    "Brand_Product_Size": "Coles Tasty Cheddar Cheese Slices 12 pack 250g",
    "COL Price": 4.4,
    "COL ppu": "$1.76 per 100G",
    "COL Size": "250g"
  },
  {
    "Brand_Product_Size": "Rocco's Smokey Bacon & Cheese Sausages 450g",
    "COL Price": 8,
    "COL ppu": "$17.78 per 1Kg",
    "COL Size": "450g"
  },
  {
    "Brand_Product_Size": "Musashi Chocolate Milkshake Flavour Bulk Protein 420g",
    "COL Price": 20,
    "COL ppu": "$4.76 per 100G",
    "COL Size": "420g"
  },
  {
    "Brand_Product_Size": "Coles Kitchen Australian Diced Butternut Pumpkin 500g",
    "COL Price": 4,
    "COL ppu": "$0.80 per 100G",
    "COL Size": "500g"
  },
  {
    "Brand_Product_Size": "Coles Top Choc 200g",
    "COL Price": 3,
    "COL ppu": "$1.50 per 100G",
    "COL Size": "200g"
  },
  {
    "Brand_Product_Size": "Tamar Valley Natural 99.85% Fat Free Yoghurt 1kg",
    "COL Price": 6.4,
    "COL ppu": "$0.64 per 100G",
    "COL Size": "1kg"
  },
  {
    "Brand_Product_Size": "Korbond Black Poly Thread 160m each",
    "COL Price": 2.4,
    "COL ppu": "$2.40 per 1ea",
    "COL Size": "each"
  },
  {
    "Brand_Product_Size": "Coles Peanut Butter Smooth 375g",
    "COL Price": 1.8,
    "COL ppu": "$0.48 per 100G",
    "COL Size": "375g"
  },
  {
    "Brand_Product_Size": "Head & Shoulders Citrus Fresh 2 In 1 350mL",
    "COL Price": 6.75,
    "COL ppu": "$1.93 per 100mL",
    "COL Size": "350mL"
  },
  {
    "Brand_Product_Size": "Coles Baby Beets 450g",
    "COL Price": 1.75,
    "COL ppu": "$3.89 per 1Kg",
    "COL Size": "450g"
  },
  {
    "Brand_Product_Size": "Dragon & Phoenix Ikan Bilis Dried Anchovy Filet 100g",
    "COL Price": 4.55,
    "COL ppu": "$4.55 per 100G",
    "COL Size": "100g"
  },
  {
    "Brand_Product_Size": "Red Tractor Australian Rolled Oats 1kg",
    "COL Price": 4,
    "COL ppu": "$0.40 per 100G",
    "COL Size": "1kg"
  },
  {
    "Brand_Product_Size": "Sara Lee Apple Crumble Ice Cream 1L",
    "COL Price": 10,
    "COL ppu": "$10.00 per 1L",
    "COL Size": "1L"
  },
  {
    "Brand_Product_Size": "Sukin Signature Cleansing Hand Wash 500mL",
    "COL Price": 9.95,
    "COL ppu": "$1.99 per 100mL",
    "COL Size": "500mL"
  },
  {
    "Brand_Product_Size": "Barista Bros Double Espresso Iced Coffee Flavoured Milk 700mL",
    "COL Price": 2.95,
    "COL ppu": "$4.21 per 1L",
    "COL Size": "700mL"
  },
  {
    "Brand_Product_Size": "Huggies Ultra Dry Nappy For Boys 16 Kg & Over Size 6 30 pack",
    "COL Price": 13,
    "COL ppu": "$0.43 per 1Ea",
    "COL Size": "30 pack"
  },
  {
    "Brand_Product_Size": "Coles Very Berry Mix 200g",
    "COL Price": 3.5,
    "COL ppu": "$17.50 per 1Kg",
    "COL Size": "200g"
  },
  {
    "Brand_Product_Size": "Oral-B ALL Rounder Fresh Clean Toothbrush Medium 1 pack",
    "COL Price": 3,
    "COL ppu": "$3.00 per 1Ea",
    "COL Size": "1 pack"
  },
  {
    "Brand_Product_Size": "Cadbury Milk & Dark Chocolates Roses Gift Pouch 150g",
    "COL Price": 5,
    "COL ppu": "$3.33 per 100G",
    "COL Size": "150g"
  },
  {
    "Brand_Product_Size": "Coles Bakery White Toast Bread Loaf 680g",
    "COL Price": 2,
    "COL ppu": "$0.29 per 100G",
    "COL Size": "680g"
  },
  {
    "Brand_Product_Size": "CSR Golden Syrup Squeeze Bottle 500g",
    "COL Price": 4.5,
    "COL ppu": "$0.90 per 100G",
    "COL Size": "500g"
  },
  {
    "Brand_Product_Size": "My Dog Senior Turkey & Rice With Vegetables Dog Food 100g",
    "COL Price": 1.5,
    "COL ppu": "$1.50 per 100G",
    "COL Size": "100g"
  },
  {
    "Brand_Product_Size": "Ferrero Collection 15 Pack Boxed Chocolate Gift 172g",
    "COL Price": 13.5,
    "COL ppu": "$7.85 per 100G",
    "COL Size": "172g"
  },
  {
    "Brand_Product_Size": "Keep It Cleaner Bliss Balls Acai Berry 40g",
    "COL Price": 2.5,
    "COL ppu": "$6.25 per 100G",
    "COL Size": "40g"
  },
  {
    "Brand_Product_Size": "Coles Micro Greens Celery each",
    "COL Price": 3,
    "COL ppu": "$3.00 per 1Ea",
    "COL Size": "each"
  },
  {
    "Brand_Product_Size": "Lotus Biscoff Crunchy Spread 380g",
    "COL Price": 5.5,
    "COL ppu": "$1.45 per 100G",
    "COL Size": "380g"
  },
  {
    "Brand_Product_Size": "Aerogard Tropical Aerosol Repellent 150g",
    "COL Price": 8.5,
    "COL ppu": "$5.67 per 100G",
    "COL Size": "150g"
  },
  {
    "Brand_Product_Size": "Schweppes Infused Raspberry Mineral Water 1.1L",
    "COL Price": 2.15,
    "COL ppu": "$1.95 per 1L",
    "COL Size": "1.1L"
  },
  {
    "Brand_Product_Size": "Air Wick Lavender Fragrance Infused With Natural Essential Oils Freshmatic Refill 174g",
    "COL Price": 8,
    "COL ppu": "$4.60 per 100G",
    "COL Size": "174g"
  },
  {
    "Brand_Product_Size": "Colgate Smile For Good Whitening Toothpaste 95g",
    "COL Price": 8,
    "COL ppu": "$8.42 per 100G",
    "COL Size": "95g"
  },
  {
    "Brand_Product_Size": "Coles Irresistible Salted Caramel Ice Cream Tub 1L",
    "COL Price": 5,
    "COL ppu": "$0.50 per 100mL",
    "COL Size": "1L"
  },
  {
    "Brand_Product_Size": "Jarrah Choc O'Lait Drinking Chocolate 285g",
    "COL Price": 5.9,
    "COL ppu": "$2.07 per 100G",
    "COL Size": "285g"
  },
  {
    "Brand_Product_Size": "Bref Floral Apple & Water Lily Scent Switch Toilet Cleaner 50g",
    "COL Price": 3,
    "COL ppu": "$6.00 per 100G",
    "COL Size": "50g"
  },
  {
    "Brand_Product_Size": "Mattel Hot Wheels Basic Car Assorted 1 pack",
    "COL Price": 3,
    "COL ppu": "",
    "COL Size": "1 pack"
  },
  {
    "Brand_Product_Size": "Sabco Latex Free Gloves Latex Free Gloves Small 1 pair",
    "COL Price": 3.9,
    "COL ppu": "$3.90 per 1Ea",
    "COL Size": "1 pair"
  },
  {
    "Brand_Product_Size": "Coles Gel Nail Polish Remover 125mL",
    "COL Price": 8,
    "COL ppu": "$0.64 per 10mL",
    "COL Size": "125mL"
  },
  {
    "Brand_Product_Size": "Coles Vanilla Cake Baking Mix With Icing 440g",
    "COL Price": 1.8,
    "COL ppu": "$0.41 per 100G",
    "COL Size": "440g"
  },
  {
    "Brand_Product_Size": "Coles Beef & Vegetable Soup Pouch 430g",
    "COL Price": 2.7,
    "COL ppu": "$0.63 per 100mL",
    "COL Size": "430g"
  },
  {
    "Brand_Product_Size": "Leabrook Farms Sliced Dill Cucumbers 275g",
    "COL Price": 4.8,
    "COL ppu": "$17.45 per 1Kg",
    "COL Size": "275g"
  },
  {
    "Brand_Product_Size": "Munchme Roasted Almond Cashew 120g",
    "COL Price": 4.4,
    "COL ppu": "$3.67 per 100G",
    "COL Size": "120g"
  },
  {
    "Brand_Product_Size": "Wag Kangaroo Rib Bites Dog Treat 100g",
    "COL Price": 7.5,
    "COL ppu": "$7.50 per 100G",
    "COL Size": "100g"
  },
  {
    "Brand_Product_Size": "S26 Gold Alula Delicateeze Formula 850g",
    "COL Price": 21,
    "COL ppu": "$2.47 per 100G",
    "COL Size": "850g"
  },
  {
    "Brand_Product_Size": "Nestle Peppermint Crisp Chocolate 49g",
    "COL Price": 2,
    "COL ppu": "$4.08 per 100G",
    "COL Size": "49g"
  },
  {
    "Brand_Product_Size": "Belvita Soft Bake Bites Apple Cinnamon Biscuits",
    "COL Price": 3,
    "COL ppu": "",
    "COL Size": ""
  },
  {
    "Brand_Product_Size": "Swisse Ultiboost Relax & Sleep 60 Tablets 1 pack",
    "COL Price": 32,
    "COL ppu": "$32.00 per 1Ea",
    "COL Size": "1 pack"
  },
  {
    "Brand_Product_Size": "Coles Belgian Chocolate Lava Cake 200g",
    "COL Price": 5,
    "COL ppu": "$2.50 per 100G",
    "COL Size": "200g"
  },
  {
    "Brand_Product_Size": "Coles Bake & Create Piping Kit Bag 5 pack",
    "COL Price": 3.5,
    "COL ppu": "$0.70 per 1Ea",
    "COL Size": "5 pack"
  },
  {
    "Brand_Product_Size": "McCain Rosemary Sea Salt Delish Chips 600g",
    "COL Price": 4.3,
    "COL ppu": "$7.17 per 1Kg",
    "COL Size": "600g"
  },
  {
    "Brand_Product_Size": "Coles Southern Style Chicken Pops 400g",
    "COL Price": 6,
    "COL ppu": "$15.00 per 1Kg",
    "COL Size": "400g"
  },
  {
    "Brand_Product_Size": "Old El Paso Taco Sauce Mild 200mL",
    "COL Price": 2.4,
    "COL ppu": "$1.20 per 100G",
    "COL Size": "200mL"
  },
  {
    "Brand_Product_Size": "Peters Gluten Free Original Vanilla Ice Cream Tub 4L",
    "COL Price": 7.5,
    "COL ppu": "$1.88 per 1L",
    "COL Size": "4L"
  },
  {
    "Brand_Product_Size": "Cottee's Lemon Cordial 1L",
    "COL Price": 4.2,
    "COL ppu": "$4.20 per 1L",
    "COL Size": "1L"
  },
  {
    "Brand_Product_Size": "Latina Fresh Creamy Carbonara Pasta Sauce 425g",
    "COL Price": 6,
    "COL ppu": "$1.41 per 100G",
    "COL Size": "425g"
  },
  {
    "Brand_Product_Size": "Fancy Feast Classic Savoury Salmon Cat Food 85g",
    "COL Price": 1.45,
    "COL ppu": "$1.71 per 100G",
    "COL Size": "85g"
  },
  {
    "Brand_Product_Size": "Palmer's Coconut Indulging Body Wash 400mL",
    "COL Price": 3,
    "COL ppu": "$0.75 per 100mL",
    "COL Size": "400mL"
  },
  {
    "Brand_Product_Size": "Rexona Men Aerosol Advanced Workout Antiperspirant Deodorant 220mL",
    "COL Price": 7.5,
    "COL ppu": "$3.41 per 100mL",
    "COL Size": "220mL"
  },
  {
    "Brand_Product_Size": "Heinz Classic Hearty Vegetable Soup Can 535g",
    "COL Price": 2.5,
    "COL ppu": "$0.47 per 100G",
    "COL Size": "535g"
  },
  {
    "Brand_Product_Size": "Hakubaku Organic Soba Noodles 270g",
    "COL Price": 2.95,
    "COL ppu": "$1.09 per 100G",
    "COL Size": "270g"
  },
  {
    "Brand_Product_Size": "Nicabate Extra Fresh 2mg Gum 100 pack",
    "COL Price": 28,
    "COL ppu": "$0.28 per 1Ea",
    "COL Size": "100 pack"
  },
  {
    "Brand_Product_Size": "McKenzie's Dried Shaved Coconut 150g",
    "COL Price": 3.3,
    "COL ppu": "$2.20 per 100G",
    "COL Size": "150g"
  },
  {
    "Brand_Product_Size": "McCain Frozen Healthy Choice Lemon Chicken 350g",
    "COL Price": 4,
    "COL ppu": "$1.14 per 100G",
    "COL Size": "350g"
  },
  {
    "Brand_Product_Size": "On The Menu Frozen Beef Lasagne 1kg",
    "COL Price": 6,
    "COL ppu": "$6.00 per 1Kg",
    "COL Size": "1kg"
  },
  {
    "Brand_Product_Size": "Nestle KitKat Milk Chocolate 11 Pieces 185g",
    "COL Price": 3,
    "COL ppu": "$1.62 per 100G",
    "COL Size": "185g"
  },
  {
    "Brand_Product_Size": "SPC Little Tubs of Apple & Strawberry Puree 120g 4 pack",
    "COL Price": 3,
    "COL ppu": "$6.25 per 1Kg",
    "COL Size": "4 pack"
  },
  {
    "Brand_Product_Size": "Continental Alfredo Garlic & Herb Pasta & Sauce Serves 3 85g",
    "COL Price": 2.2,
    "COL ppu": "$2.59 per 100G",
    "COL Size": "85g"
  },
  {
    "Brand_Product_Size": "Cook & Dine White Lunch Serviettes 50 pack",
    "COL Price": 1.29,
    "COL ppu": "$2.58 per 100Ea",
    "COL Size": "50 pack"
  },
  {
    "Brand_Product_Size": "Arnott's Mint Slice Chocolate Biscuits 200g",
    "COL Price": 4,
    "COL ppu": "$2.00 per 100G",
    "COL Size": "200g"
  },
  {
    "Brand_Product_Size": "Coles Assure Pads Extra 12 pack",
    "COL Price": 3.25,
    "COL ppu": "$0.27 per 1Ea",
    "COL Size": "12 pack"
  },
  {
    "Brand_Product_Size": "Coles Finest Angus Beef Blended With Coarse Ground Brisket Burger 600g",
    "COL Price": 9,
    "COL ppu": "$1.50 per 100G",
    "COL Size": "600g"
  },
  {
    "Brand_Product_Size": "Mission Wholegrain Wraps 8 pack 567g",
    "COL Price": 5,
    "COL ppu": "$0.88 per 100G",
    "COL Size": "567g"
  },
  {
    "Brand_Product_Size": "Coles Kitchen Coleslaw Salad 800g",
    "COL Price": 5.9,
    "COL ppu": "$7.38 per 1Kg",
    "COL Size": "800g"
  },
  {
    "Brand_Product_Size": "Coles Finest French Aged Goats Cheese approx. 100g",
    "COL Price": 5.6,
    "COL ppu": "$56.00 per 1Kg",
    "COL Size": "approx. 100g"
  },
  {
    "Brand_Product_Size": "Coles Square Paddle Brush 1 pack",
    "COL Price": 6.8,
    "COL ppu": "$6.80 per 1Ea",
    "COL Size": "1 pack"
  },
  {
    "Brand_Product_Size": "Herbert Adams Chunky Beef & Vegetable Ragu Pie 700g",
    "COL Price": 15.5,
    "COL ppu": "$2.21 per 100G",
    "COL Size": "700g"
  },
  {
    "Brand_Product_Size": "Arnott's Vita-Weat Original Crispbread 250g",
    "COL Price": 3.3,
    "COL ppu": "$1.32 per 100G",
    "COL Size": "250g"
  },
  {
    "Brand_Product_Size": "Coles Salted Microwave Popcorn 80g",
    "COL Price": 0.95,
    "COL ppu": "$1.19 per 100G",
    "COL Size": "80g"
  },
  {
    "Brand_Product_Size": "Golden Circle Orange Fruit Drink Multipack 250mL 6 pack",
    "COL Price": 4.5,
    "COL ppu": "$0.75 per 1Ea",
    "COL Size": "6 pack"
  },
  {
    "Brand_Product_Size": "Sukin Colour Care Lustre Masque 200mL",
    "COL Price": 20,
    "COL ppu": "$10.00 per 100mL",
    "COL Size": "200mL"
  },
  {
    "Brand_Product_Size": "Colgate Optic White Renewal Vibrant Clean 85g",
    "COL Price": 15,
    "COL ppu": "$17.65 per 100G",
    "COL Size": "85g"
  },
  {
    "Brand_Product_Size": "Oak Strawberry Flavoured Milk 600mL",
    "COL Price": 3.1,
    "COL ppu": "$5.17 per 1L",
    "COL Size": "600mL"
  },
  {
    "Brand_Product_Size": "Coles 4 Leaf Salad Mix Prepacked 120g",
    "COL Price": 2,
    "COL ppu": "$16.67 per 1Kg",
    "COL Size": "120g"
  },
  {
    "Brand_Product_Size": "Vittoria Espresso Coffee Beans 500g",
    "COL Price": 15,
    "COL ppu": "$3.00 per 100G",
    "COL Size": "500g"
  },
  {
    "Brand_Product_Size": "Bega Peanut Butter Crunchy 200g",
    "COL Price": 3.2,
    "COL ppu": "$1.60 per 100G",
    "COL Size": "200g"
  },
  {
    "Brand_Product_Size": "Coles Sour Cream & Onion Stacked Chips 160g",
    "COL Price": 1.75,
    "COL ppu": "$1.09 per 100G",
    "COL Size": "160g"
  },
  {
    "Brand_Product_Size": "Captain's Table Rosemary & Thyme Water Crackers 125g",
    "COL Price": 1.8,
    "COL ppu": "$1.44 per 100G",
    "COL Size": "125g"
  },
  {
    "Brand_Product_Size": "Sukin Rosehip Facial Scrub 125mL",
    "COL Price": 16,
    "COL ppu": "$1.28 per 10mL",
    "COL Size": "125mL"
  },
  {
    "Brand_Product_Size": "Coles Cereal Frooty Rings 300g",
    "COL Price": 2.5,
    "COL ppu": "$0.83 per 100G",
    "COL Size": "300g"
  },
  {
    "Brand_Product_Size": "Cadbury Milk Chocolate Baking Chips 200g",
    "COL Price": 3,
    "COL ppu": "$1.50 per 100G",
    "COL Size": "200g"
  },
  {
    "Brand_Product_Size": "Glen 20 Disinfectant Air Freshener Spray Country Scent 300g",
    "COL Price": 8,
    "COL ppu": "$2.67 per 100G",
    "COL Size": "300g"
  },
  {
    "Brand_Product_Size": "Coles Bakery Berry Choc Decorated Pavlova 410g",
    "COL Price": 12,
    "COL ppu": "$2.93 per 100G",
    "COL Size": "410g"
  },
  {
    "Brand_Product_Size": "Dandy Knob Devon Ham 1kg",
    "COL Price": 3.15,
    "COL ppu": "$3.15 per 1Kg",
    "COL Size": "1kg"
  },
  {
    "Brand_Product_Size": "Coles Long Grain White Microwave Rice 250g",
    "COL Price": 1.5,
    "COL ppu": "$0.60 per 100G",
    "COL Size": "250g"
  },
  {
    "Brand_Product_Size": "Casalingo Truffle Salami approx. 500g",
    "COL Price": 17,
    "COL ppu": "$34.00 per 1Kg",
    "COL Size": "approx. 500g"
  },
  {
    "Brand_Product_Size": "Primo Gluten Free Thinly Sliced Champagne Leg Ham 100g",
    "COL Price": 3.25,
    "COL ppu": "$3.25 per 100G",
    "COL Size": "100g"
  },
  {
    "Brand_Product_Size": "Coles Lemon Juice 250mL",
    "COL Price": 1,
    "COL ppu": "$0.40 per 100mL",
    "COL Size": "250mL"
  },
  {
    "Brand_Product_Size": "Splenda Sweetener Sachets 100 pack",
    "COL Price": 6.1,
    "COL ppu": "$0.06 per 1Ea",
    "COL Size": "100 pack"
  },
  {
    "Brand_Product_Size": "Go Ahead Sultana & Apple Crispy Slice 218g",
    "COL Price": 1.97,
    "COL ppu": "$0.90 per 100G",
    "COL Size": "218g"
  },
  {
    "Brand_Product_Size": "Brita Aluna Water Filter Jug 2.4L each",
    "COL Price": 27,
    "COL ppu": "$27.00 per 1Ea",
    "COL Size": "each"
  },
  {
    "Brand_Product_Size": "Coles Dollop Cream 300mL",
    "COL Price": 4.1,
    "COL ppu": "$1.37 per 100mL",
    "COL Size": "300mL"
  },
  {
    "Brand_Product_Size": "Edgell Green Beans Picked & Sliced 215g",
    "COL Price": 1.3,
    "COL ppu": "$6.05 per 1Kg",
    "COL Size": "215g"
  },
  {
    "Brand_Product_Size": "Coles Thick Multi Ponytailers Snagless 28 pack",
    "COL Price": 6.8,
    "COL ppu": "$0.24 per 1Ea",
    "COL Size": "28 pack"
  },
  {
    "Brand_Product_Size": "Neutrogena Helioplex Ultra Sheer Dry-Touch Sunscreen Lotion SPF 50+ 85mL",
    "COL Price": 15,
    "COL ppu": "$17.65 per 100mL",
    "COL Size": "85mL"
  },
  {
    "Brand_Product_Size": "Paul Newman's Own Ranch Salad Dressing 250mL",
    "COL Price": 4,
    "COL ppu": "$1.60 per 100mL",
    "COL Size": "250mL"
  },
  {
    "Brand_Product_Size": "Pukka Tea Peppermint & Licorice 20 pack",
    "COL Price": 7.5,
    "COL ppu": "$0.38 per 1Ea",
    "COL Size": "20 pack"
  },
  {
    "Brand_Product_Size": "Koi Gifting Soothing Hand Set 1 pack",
    "COL Price": 12,
    "COL ppu": "$12.00 per 1Ea",
    "COL Size": "1 pack"
  },
  {
    "Brand_Product_Size": "Madura Green Tea Bags 50 pack 75g",
    "COL Price": 4.55,
    "COL ppu": "$6.07 per 100G",
    "COL Size": "75g"
  },
  {
    "Brand_Product_Size": "Oral-B Cross Action Brush Head Refills 4 pack",
    "COL Price": 22.75,
    "COL ppu": "$5.69 per 1Ea",
    "COL Size": "4 pack"
  },
  {
    "Brand_Product_Size": "Shelbys Cashew & Blueberry Bar 40g",
    "COL Price": 3,
    "COL ppu": "$7.50 per 100G",
    "COL Size": "40g"
  },
  {
    "Brand_Product_Size": "Oreo Creme Biscuits Red Velvet 133g",
    "COL Price": 1.5,
    "COL ppu": "$1.13 per 100G",
    "COL Size": "133g"
  },
  {
    "Brand_Product_Size": "King Island Dairy Black Label Blue Triple Cream approx. 100g",
    "COL Price": 6.5,
    "COL ppu": "$65.00 per 1Kg",
    "COL Size": "approx. 100g"
  },
  {
    "Brand_Product_Size": "Coles So Soft & Strong Facial Tissues Aloe Vera 95 pack",
    "COL Price": 2,
    "COL ppu": "$0.02 per 1Ea",
    "COL Size": "95 pack"
  },
  {
    "Brand_Product_Size": "San Remo Fibre Fest Penne Pasta 250g",
    "COL Price": 4.2,
    "COL ppu": "$1.68 per 100G",
    "COL Size": "250g"
  },
  {
    "Brand_Product_Size": "180 Degrees Almond Oat Crackers 150g",
    "COL Price": 5.5,
    "COL ppu": "$3.67 per 100G",
    "COL Size": "150g"
  },
  {
    "Brand_Product_Size": "Kellogg's LCMs Choc Chip Puffed Rice Breakfast Cereal Bars 15 pack 330g",
    "COL Price": 7,
    "COL ppu": "$2.12 per 100G",
    "COL Size": "330g"
  },
  {
    "Brand_Product_Size": "Ricci's Bikkies Herbed Turkish Bread 120g",
    "COL Price": 6.9,
    "COL ppu": "$5.75 per 100G",
    "COL Size": "120g"
  },
  {
    "Brand_Product_Size": "Coles Tasmanian Salmon Boneless & Skin Off 2 Pack 280g",
    "COL Price": 12,
    "COL ppu": "$4.29 per 100G",
    "COL Size": "280g"
  },
  {
    "Brand_Product_Size": "Colgate Plax Peppermint Dental Mouthwash 500mL",
    "COL Price": 6,
    "COL ppu": "$1.20 per 100mL",
    "COL Size": "500mL"
  },
  {
    "Brand_Product_Size": "Cook & Dine White Plastic Teaspoons 20 pack",
    "COL Price": 1,
    "COL ppu": "$0.05 per 1Ea",
    "COL Size": "20 pack"
  },
  {
    "Brand_Product_Size": "Paesanella Cheese Fdl Mozzarella 500g",
    "COL Price": 11,
    "COL ppu": "$22.00 per 1Kg",
    "COL Size": "500g"
  },
  {
    "Brand_Product_Size": "Maharajah's Choice Large Plain Pappadams 100g",
    "COL Price": 2.5,
    "COL ppu": "$2.50 per 100G",
    "COL Size": "100g"
  },
  {
    "Brand_Product_Size": "Grillman BBQ Medium Aluminium Trays 3 pack",
    "COL Price": 4,
    "COL ppu": "$1.33 per 1Ea",
    "COL Size": "3 pack"
  },
  {
    "Brand_Product_Size": "Mars M&M's Mix Ups Large Bag 335g",
    "COL Price": 6,
    "COL ppu": "$1.79 per 100G",
    "COL Size": "335g"
  },
  {
    "Brand_Product_Size": "Perfect Honey Company Honey Jar 500g",
    "COL Price": 7.5,
    "COL ppu": "$1.50 per 100G",
    "COL Size": "500g"
  },
  {
    "Brand_Product_Size": "Smith's Crinkle Cut Original Potato Chips 170g",
    "COL Price": 3.5,
    "COL ppu": "$2.06 per 100G",
    "COL Size": "170g"
  },
  {
    "Brand_Product_Size": "Coles Blueberry Muffin Single Serve each",
    "COL Price": 1,
    "COL ppu": "$1.00 per 1Ea",
    "COL Size": "each"
  },
  {
    "Brand_Product_Size": "Tp Brioche Swirls With Choc Chips 300g",
    "COL Price": 5,
    "COL ppu": "$1.67 per 100G",
    "COL Size": "300g"
  },
  {
    "Brand_Product_Size": "Pic's Really Good Crunchy Peanut Butter 380g",
    "COL Price": 6,
    "COL ppu": "$1.58 per 100G",
    "COL Size": "380g"
  },
  {
    "Brand_Product_Size": "Cadbury Dairy Milk With Oreo Chocolate Block 162g",
    "COL Price": 5,
    "COL ppu": "$3.09 per 100G",
    "COL Size": "162g"
  },
  {
    "Brand_Product_Size": "Snowdonia Red Storm 150g",
    "COL Price": 8.5,
    "COL ppu": "$56.67 per 1Kg",
    "COL Size": "150g"
  },
  {
    "Brand_Product_Size": "Nudie Carrot Apple Orange & Ginger Juice Chilled 2L",
    "COL Price": 8,
    "COL ppu": "$4.00 per 1L",
    "COL Size": "2L"
  },
  {
    "Brand_Product_Size": "Belvita Dark Chocolate Baked Bar 180g",
    "COL Price": 5.8,
    "COL ppu": "$3.22 per 100G",
    "COL Size": "180g"
  },
  {
    "Brand_Product_Size": "McCain Frozen Superfries Shoestring Potato Chips 900g",
    "COL Price": 3,
    "COL ppu": "$3.33 per 1Kg",
    "COL Size": "900g"
  },
  {
    "Brand_Product_Size": "Vanish Preen Pre-Wash Ultra Degreaser Stain Remover 375mL",
    "COL Price": 5,
    "COL ppu": "$13.33 per 1L",
    "COL Size": "375mL"
  },
  {
    "Brand_Product_Size": "Magazine Inside Out each",
    "COL Price": 8.8,
    "COL ppu": "$8.80 per 1Ea",
    "COL Size": "each"
  },
  {
    "Brand_Product_Size": "Olina's Bakehouse Gluten Free Fig & Sunflower Seed Artisan Crackers 100g",
    "COL Price": 5,
    "COL ppu": "$5.00 per 100G",
    "COL Size": "100g"
  },
  {
    "Brand_Product_Size": "Coles Smitten Apples 1kg each",
    "COL Price": 5.5,
    "COL ppu": "$5.50 per 1Ea",
    "COL Size": "each"
  },
  {
    "Brand_Product_Size": "Tampax Tampons Super With Applicator 20 pack",
    "COL Price": 4.72,
    "COL ppu": "$0.24 per 1Ea",
    "COL Size": "20 pack"
  },
  {
    "Brand_Product_Size": "Calbee Harvest Snaps Baked Pea Crisps Chilli 93g",
    "COL Price": 2.5,
    "COL ppu": "$2.69 per 100G",
    "COL Size": "93g"
  },
  {
    "Brand_Product_Size": "Coles Kitchen Chicken Biryani 350g",
    "COL Price": 6.5,
    "COL ppu": "$1.86 per 100G",
    "COL Size": "350g"
  },
  {
    "Brand_Product_Size": "Madame Flavour Luscious Licorice Tisane Tea Bags 18 Pack 36g",
    "COL Price": 5.96,
    "COL ppu": "$16.56 per 100G",
    "COL Size": "36g"
  },
  {
    "Brand_Product_Size": "Coles Laundry Liquid Gold Top & Front 2L",
    "COL Price": 5.5,
    "COL ppu": "$2.75 per 1L",
    "COL Size": "2L"
  },
  {
    "Brand_Product_Size": "L'Oreal Paris Age Perfect Eye Cream 15mL",
    "COL Price": 23.1,
    "COL ppu": "$15.40 per 10mL",
    "COL Size": "15mL"
  },
  {
    "Brand_Product_Size": "Denada Vanilla Ice Cream Tub 475mL",
    "COL Price": 11.5,
    "COL ppu": "$2.42 per 100mL",
    "COL Size": "475mL"
  },
  {
    "Brand_Product_Size": "Coles Turpentine 1L",
    "COL Price": 6.7,
    "COL ppu": "$0.67 per 100mL",
    "COL Size": "1L"
  },
  {
    "Brand_Product_Size": "Purina Felix As Good As It Looks Meat Menu Cat Food 12 pack",
    "COL Price": 11.5,
    "COL ppu": "$1.13 per 100G",
    "COL Size": "12 pack"
  },
  {
    "Brand_Product_Size": "Bonds Women's Logo Low Cut L7292U Size 8-11 3 pack",
    "COL Price": 15,
    "COL ppu": "",
    "COL Size": "3 pack"
  },
  {
    "Brand_Product_Size": "Haagen-Dazs Signature Collection Mini Tubs 380mL",
    "COL Price": 7.5,
    "COL ppu": "$1.97 per 100mL",
    "COL Size": "380mL"
  },
  {
    "Brand_Product_Size": "Pepsi Mountain Dew Soft Drink 2L",
    "COL Price": 2.15,
    "COL ppu": "$1.08 per 1L",
    "COL Size": "2L"
  },
  {
    "Brand_Product_Size": "Campbell's V8 Purple Power Juice 1.25L",
    "COL Price": 5,
    "COL ppu": "$4.00 per 1L",
    "COL Size": "1.25L"
  },
  {
    "Brand_Product_Size": "McCain Pub Style Extra Crispy Fries 750g",
    "COL Price": 4.5,
    "COL ppu": "$6.00 per 1Kg",
    "COL Size": "750g"
  },
  {
    "Brand_Product_Size": "Garnier Fructis Hydrating Aloevera Hair Food 390mL",
    "COL Price": 6,
    "COL ppu": "$1.54 per 100mL",
    "COL Size": "390mL"
  },
  {
    "Brand_Product_Size": "Coles Deli Primo Continental Platter 200g",
    "COL Price": 13.5,
    "COL ppu": "$6.75 per 100G",
    "COL Size": "200g"
  },
  {
    "Brand_Product_Size": "Mr Fishi Cold Smoked Lakerda 350g",
    "COL Price": 15.5,
    "COL ppu": "$44.29 per 1Kg",
    "COL Size": "350g"
  },
  {
    "Brand_Product_Size": "Meb Foods Greek Pita 375g",
    "COL Price": 3,
    "COL ppu": "$0.80 per 100G",
    "COL Size": "375g"
  },
  {
    "Brand_Product_Size": "Gillette Venus Satin Care Sensitive Skin Shaving Gel 195g",
    "COL Price": 7.2,
    "COL ppu": "$3.69 per 100G",
    "COL Size": "195g"
  },
  {
    "Brand_Product_Size": "Peters Drumstick Classic Vanilla Ice Cream Cones 4 pack 475mL",
    "COL Price": 5,
    "COL ppu": "$1.05 per 100mL",
    "COL Size": "475mL"
  },
  {
    "Brand_Product_Size": "Perfect Italiano Shaved Parmesan Cheese 125g",
    "COL Price": 3.25,
    "COL ppu": "$26.00 per 1Kg",
    "COL Size": "125g"
  },
  {
    "Brand_Product_Size": "Slim Secrets Choc Love Bites Mint Crisps 36g",
    "COL Price": 3,
    "COL ppu": "$8.33 per 100G",
    "COL Size": "36g"
  },
  {
    "Brand_Product_Size": "Uncle Tobys Oats Quick Sachets Berry Variety 350g",
    "COL Price": 5,
    "COL ppu": "$1.43 per 100G",
    "COL Size": "350g"
  },
  {
    "Brand_Product_Size": "Go Natural Protein Double Choc Snap 40g",
    "COL Price": 3,
    "COL ppu": "$7.50 per 100G",
    "COL Size": "40g"
  },
  {
    "Brand_Product_Size": "Mainland On The Go Lunch Pack Cheese & Chilli Jam 110g",
    "COL Price": 5,
    "COL ppu": "",
    "COL Size": "110g"
  },
  {
    "Brand_Product_Size": "On The Menu Cottage Pie 400g",
    "COL Price": 4.5,
    "COL ppu": "$1.13 per 100G",
    "COL Size": "400g"
  },
  {
    "Brand_Product_Size": "Tetley Decaffeinated Black Tea Bags 100 pack 185g",
    "COL Price": 6,
    "COL ppu": "$3.24 per 100G",
    "COL Size": "185g"
  },
  {
    "Brand_Product_Size": "Uncle Tobys Chewy Choc Faves 12 Bars 375g",
    "COL Price": 5,
    "COL ppu": "$1.33 per 100G",
    "COL Size": "375g"
  },
  {
    "Brand_Product_Size": "Ion Laundry Liquid Concentrate Colours 2L",
    "COL Price": 9,
    "COL ppu": "$4.50 per 1L",
    "COL Size": "2L"
  },
  {
    "Brand_Product_Size": "Sunraysia Pear And Cranberry Flavour Juice Bottle 1L",
    "COL Price": 4.5,
    "COL ppu": "$4.50 per 1L",
    "COL Size": "1L"
  },
  {
    "Brand_Product_Size": "Morning Fresh Ultimate Orginal Dishwashing Liquid 350mL",
    "COL Price": 4.3,
    "COL ppu": "$1.23 per 100mL",
    "COL Size": "350mL"
  },
  {
    "Brand_Product_Size": "Coles Deli St Agur Blue approx. 100g",
    "COL Price": 10.6,
    "COL ppu": "$106.00 per 1Kg",
    "COL Size": "approx. 100g"
  },
  {
    "Brand_Product_Size": "Sanitarium UP&GO Liquid Breakfast Vanilla Ice 250mL 3 pack",
    "COL Price": 4.95,
    "COL ppu": "$0.66 per 100mL",
    "COL Size": "3 pack"
  },
  {
    "Brand_Product_Size": "Scentilla Plum & Cassis Fragrance Diffuser 120mL",
    "COL Price": 13,
    "COL ppu": "$10.83 per 100mL",
    "COL Size": "120mL"
  },
  {
    "Brand_Product_Size": "Just Juice Orange Juice 1L",
    "COL Price": 2.3,
    "COL ppu": "$2.30 per 1L",
    "COL Size": "1L"
  },
  {
    "Brand_Product_Size": "Duracell Coppertop Alkaline AA Batteries 10 pack",
    "COL Price": 9.9,
    "COL ppu": "$0.99 per 1Ea",
    "COL Size": "10 pack"
  },
  {
    "Brand_Product_Size": "Optimum Adult Toy / Small Breed With Chicken Vegetables & Rice Dry Dog Food 3kg",
    "COL Price": 19,
    "COL ppu": "$0.63 per 100G",
    "COL Size": "3kg"
  },
  {
    "Brand_Product_Size": "Kellogg's K-Time Baked Twists Strawberry & Blueberry Flavour Filled Snack Bars 9 pack 333g",
    "COL Price": 5.8,
    "COL ppu": "$1.74 per 100G",
    "COL Size": "333g"
  },
  {
    "Brand_Product_Size": "Nivea Deo Roll On Men Espresso 50mL",
    "COL Price": 3.5,
    "COL ppu": "$7.00 per 100mL",
    "COL Size": "50mL"
  },
  {
    "Brand_Product_Size": "Tip Top White Bread Hot Dog Rolls 6 pack",
    "COL Price": 4,
    "COL ppu": "$0.67 per 1Ea",
    "COL Size": "6 pack"
  },
  {
    "Brand_Product_Size": "Swisse High Strength Organic Spirulina Tablets 200 pack",
    "COL Price": 48,
    "COL ppu": "$24.00 per 100Ea",
    "COL Size": "200 pack"
  },
  {
    "Brand_Product_Size": "Schwarzkopf Taft Full On Instant Freeze Jelly 200mL",
    "COL Price": 8,
    "COL ppu": "$4.00 per 100mL",
    "COL Size": "200mL"
  },
  {
    "Brand_Product_Size": "Coles Gluten Free White Loaf 500g",
    "COL Price": 4.5,
    "COL ppu": "$0.90 per 100G",
    "COL Size": "500g"
  },
  {
    "Brand_Product_Size": "Sandhurst Sun Dried Tomatoes Fat Free 125g",
    "COL Price": 3.7,
    "COL ppu": "$29.60 per 1Kg",
    "COL Size": "125g"
  },
  {
    "Brand_Product_Size": "Coles Cloudy Ammonia 1L",
    "COL Price": 1.4,
    "COL ppu": "$0.14 per 100mL",
    "COL Size": "1L"
  },
  {
    "Brand_Product_Size": "Fitness Outcomes Portuguese Chicken 350g",
    "COL Price": 9.95,
    "COL ppu": "$2.84 per 100G",
    "COL Size": "350g"
  },
  {
    "Brand_Product_Size": "Super Nature Frozen Wholegrain Butter Chicken With Freekeh Ancient Grain Mix Wellness Bowl 350g",
    "COL Price": 6.3,
    "COL ppu": "$1.80 per 100G",
    "COL Size": "350g"
  },
  {
    "Brand_Product_Size": "Coles Gluten Free Organic Brown Rice Crackers With Chia 100g",
    "COL Price": 2,
    "COL ppu": "$2.00 per 100G",
    "COL Size": "100g"
  },
  {
    "Brand_Product_Size": "Cove By Earth Choice Glass Cleaner 475mL",
    "COL Price": 10,
    "COL ppu": "$2.11 per 100mL",
    "COL Size": "475mL"
  },
  {
    "Brand_Product_Size": "Coles Brazil Nuts 150g",
    "COL Price": 5,
    "COL ppu": "$3.33 per 100G",
    "COL Size": "150g"
  },
  {
    "Brand_Product_Size": "Neutrogena Bright Boost Resurfacing Micro Polish 76mL",
    "COL Price": 20,
    "COL ppu": "$26.32 per 100mL",
    "COL Size": "76mL"
  },
  {
    "Brand_Product_Size": "Be Natural Flakes and Clusters Breakfast Cereal With Cashew Almond Hazelnut & Coconut 415g",
    "COL Price": 4.12,
    "COL ppu": "$0.99 per 100G",
    "COL Size": "415g"
  },
  {
    "Brand_Product_Size": "Essano Collagen Boost Facial Oil 20mL",
    "COL Price": 20,
    "COL ppu": "$100.00 per 100mL",
    "COL Size": "20mL"
  },
  {
    "Brand_Product_Size": "Bostik Super Glue 3mL each",
    "COL Price": 2.65,
    "COL ppu": "$2.65 per 1Ea",
    "COL Size": "each"
  },
  {
    "Brand_Product_Size": "Coles Organic Cauliflower Prepacked each",
    "COL Price": 9.5,
    "COL ppu": "$9.50 per 1Ea",
    "COL Size": "each"
  },
  {
    "Brand_Product_Size": "Bonds Logo Low Cut Size 6-10 3 pack",
    "COL Price": 15,
    "COL ppu": "$5.00 per 1Ea",
    "COL Size": "3 pack"
  },
  {
    "Brand_Product_Size": "Maybelline Super Stay Matte Ink Pink Pathfinder 5mL",
    "COL Price": 11,
    "COL ppu": "$22.00 per 10mL",
    "COL Size": "5mL"
  },
  {
    "Brand_Product_Size": "MasterFoods Thai Green Curry Recipe Base 175g",
    "COL Price": 2.2,
    "COL ppu": "$1.26 per 100G",
    "COL Size": "175g"
  },
  {
    "Brand_Product_Size": "Mayver's Smunchy Dark Roasted Unsalted Peanut Butter 375g",
    "COL Price": 5,
    "COL ppu": "$1.33 per 100G",
    "COL Size": "375g"
  },
  {
    "Brand_Product_Size": "Califia Farms Mocha Noir Cold Brew Coffee With Almond Milk 310mL",
    "COL Price": 3.3,
    "COL ppu": "$10.65 per 1L",
    "COL Size": "310mL"
  },
  {
    "Brand_Product_Size": "L'Oreal Casting Creme Gloss Light Brown Hair Colour each",
    "COL Price": 12.8,
    "COL ppu": "$12.80 per 1Ea",
    "COL Size": "each"
  },
  {
    "Brand_Product_Size": "Murray River Organics Berry Banana Muesli 400g",
    "COL Price": 7.5,
    "COL ppu": "$1.88 per 100G",
    "COL Size": "400g"
  },
  {
    "Brand_Product_Size": "Nissin Xo Sauce Seafood Flavour Instant Noodles 138g",
    "COL Price": 1.95,
    "COL ppu": "$1.41 per 100G",
    "COL Size": "138g"
  },
  {
    "Brand_Product_Size": "Decor Delish Oblong Container 1.9L each",
    "COL Price": 12,
    "COL ppu": "$12.00 per 1Ea",
    "COL Size": "each"
  },
  {
    "Brand_Product_Size": "Chang's Shelf Fresh Noodles Hokkien Style 4 pack 800g",
    "COL Price": 3.15,
    "COL ppu": "$0.39 per 100G",
    "COL Size": "800g"
  },
  {
    "Brand_Product_Size": "White Glo Pure & Natural Toothpaste 120g",
    "COL Price": 7,
    "COL ppu": "$5.83 per 100G",
    "COL Size": "120g"
  },
  {
    "Brand_Product_Size": "Flora ProActiv Margarine Spread Light 500g",
    "COL Price": 8,
    "COL ppu": "$1.60 per 100G",
    "COL Size": "500g"
  },
  {
    "Brand_Product_Size": "Healthy Baker Flour Self Raising 1kg",
    "COL Price": 3,
    "COL ppu": "$3.00 per 1Kg",
    "COL Size": "1kg"
  },
  {
    "Brand_Product_Size": "Lavazza Cafe Italiano Classico Ground 250g",
    "COL Price": 7.5,
    "COL ppu": "$3.00 per 100G",
    "COL Size": "250g"
  },
  {
    "Brand_Product_Size": "Royal Hollandia Edam approx. 100g",
    "COL Price": 3,
    "COL ppu": "$30.00 per 1Kg",
    "COL Size": "approx. 100g"
  },
  {
    "Brand_Product_Size": "Atkins Low Carb Creamy Vanilla Flavoured Protein Shake 330mL",
    "COL Price": 3.65,
    "COL ppu": "$1.11 per 100G",
    "COL Size": "330mL"
  },
  {
    "Brand_Product_Size": "L'oreal Paris Infallible Permanent Blush Lipcolour 2.5g",
    "COL Price": 21,
    "COL ppu": "$84.00 per 10G",
    "COL Size": "2.5g"
  },
  {
    "Brand_Product_Size": "Vaalia Low Fat French Vanilla Yoghurt 4x150g 4 pack",
    "COL Price": 4.3,
    "COL ppu": "$1.08 per 1Ea",
    "COL Size": "4 pack"
  },
  {
    "Brand_Product_Size": "CUB Fragrance Free 80 Baby Wipes 1 pack",
    "COL Price": 2,
    "COL ppu": "$2.00 per 1Ea",
    "COL Size": "1 pack"
  },
  {
    "Brand_Product_Size": "Cook & Dine Coloured Plastic Dinner Plates 20 pack",
    "COL Price": 4.5,
    "COL ppu": "$0.23 per 1Ea",
    "COL Size": "20 pack"
  },
  {
    "Brand_Product_Size": "Coles Brown Sugar 1kg",
    "COL Price": 2.65,
    "COL ppu": "$0.27 per 100G",
    "COL Size": "1kg"
  },
  {
    "Brand_Product_Size": "Flora Margarine Spread Light 500g",
    "COL Price": 2.8,
    "COL ppu": "$0.56 per 100G",
    "COL Size": "500g"
  },
  {
    "Brand_Product_Size": "Republica Organic Capsules Paris 20 pack",
    "COL Price": 9.5,
    "COL ppu": "$0.48 per 1Ea",
    "COL Size": "20 pack"
  },
  {
    "Brand_Product_Size": "Kettle Honey Soy Chicken Potato Chips 175g",
    "COL Price": 4.65,
    "COL ppu": "$2.66 per 100G",
    "COL Size": "175g"
  },
  {
    "Brand_Product_Size": "Maui Moisture Awapuwhi Shampoo 385mL",
    "COL Price": 22,
    "COL ppu": "$5.71 per 100mL",
    "COL Size": "385mL"
  },
  {
    "Brand_Product_Size": "Danone The Ultimate Golden Honey Yoghurt 4x115g 4 pack",
    "COL Price": 4.5,
    "COL ppu": "$0.98 per 100G",
    "COL Size": "4 pack"
  },
  {
    "Brand_Product_Size": "Lucky Oven Roasted Almonds with Cranberries Snack 6 Pack 180g",
    "COL Price": 5,
    "COL ppu": "$27.78 per 1Kg",
    "COL Size": "180g"
  },
  {
    "Brand_Product_Size": "Band Aid XL Fabric Tough Strips 10 pack",
    "COL Price": 3,
    "COL ppu": "$0.30 per 1Ea",
    "COL Size": "10 pack"
  },
  {
    "Brand_Product_Size": "MasterFoods Chicken Salt Seasoning 65g",
    "COL Price": 2.5,
    "COL ppu": "$0.38 per 10G",
    "COL Size": "65g"
  },
  {
    "Brand_Product_Size": "Rexona Clinical Protection Shower Clean Antiperspirant Deodorant 180mL",
    "COL Price": 10,
    "COL ppu": "$5.56 per 100mL",
    "COL Size": "180mL"
  },
  {
    "Brand_Product_Size": "Minor Figures Oat Milk 1L",
    "COL Price": 3.8,
    "COL ppu": "$3.80 per 1L",
    "COL Size": "1L"
  },
  {
    "Brand_Product_Size": "Nurofen Quickzorb Ibuprofen Lysine 342mg Caplets 24 pack",
    "COL Price": 8,
    "COL ppu": "$0.33 per 1Ea",
    "COL Size": "24 pack"
  },
  {
    "Brand_Product_Size": "Ocean Blue Sliced Smoked Salmon 100g",
    "COL Price": 6,
    "COL ppu": "$60.00 per 1Kg",
    "COL Size": "100g"
  },
  {
    "Brand_Product_Size": "Willow Cooler Blue 25L",
    "COL Price": 42,
    "COL ppu": "",
    "COL Size": "25L"
  },
  {
    "Brand_Product_Size": "Korbond Plastic Tipped Berry Pins 1 pack",
    "COL Price": 3.15,
    "COL ppu": "$3.15 per 1ea",
    "COL Size": "1 pack"
  },
  {
    "Brand_Product_Size": "Rexona Women Antiperspirant Roll On Deodorant Sexy Bouquet 50mL",
    "COL Price": 4,
    "COL ppu": "$8.00 per 100mL",
    "COL Size": "50mL"
  },
  {
    "Brand_Product_Size": "Sirena Chilli & Oil Tuna Slices 125g",
    "COL Price": 3.5,
    "COL ppu": "$28.00 per 1Kg",
    "COL Size": "125g"
  },
  {
    "Brand_Product_Size": "Coles Lily & Orchid Ironing Water 1L",
    "COL Price": 2.8,
    "COL ppu": "$2.80 per 1L",
    "COL Size": "1L"
  },
  {
    "Brand_Product_Size": "Bisto Chip Shop Sauce Mix 190g",
    "COL Price": 6.65,
    "COL ppu": "$3.50 per 100G",
    "COL Size": "190g"
  },
  {
    "Brand_Product_Size": "Nivea Daily Essentials Wash And Scrub 2 In 1 150mL",
    "COL Price": 11,
    "COL ppu": "$7.33 per 100mL",
    "COL Size": "150mL"
  },
  {
    "Brand_Product_Size": "Royal Fields Lentils Red Split 1kg",
    "COL Price": 4,
    "COL ppu": "$4.00 per 1Kg",
    "COL Size": "1kg"
  },
  {
    "Brand_Product_Size": "Plantry Meal Frozen Butter Curry 350g",
    "COL Price": 6,
    "COL ppu": "$1.71 per 100G",
    "COL Size": "350g"
  },
  {
    "Brand_Product_Size": "Omo Sensitive Dilute At Home Laundry Liquid 665mL",
    "COL Price": 17.5,
    "COL ppu": "$26.32 per 1L",
    "COL Size": "665mL"
  },
  {
    "Brand_Product_Size": "Coles Two Fruits In Strawberry Flavoured Jelly 4 Pack 500g",
    "COL Price": 2.2,
    "COL ppu": "$4.40 per 1Kg",
    "COL Size": "500g"
  },
  {
    "Brand_Product_Size": "Heinz Spaghetti & Meatballs 420g",
    "COL Price": 2.2,
    "COL ppu": "$5.24 per 1Kg",
    "COL Size": "420g"
  },
  {
    "Brand_Product_Size": "Tommee Tippee Closer To Nature Fun Time Orthodontic Soothers 6-18 Months 2 pack",
    "COL Price": 11,
    "COL ppu": "$5.50 per 1Ea",
    "COL Size": "2 pack"
  },
  {
    "Brand_Product_Size": "Tasti Peanut Butter & Salted Caramel Bars 175g",
    "COL Price": 5.5,
    "COL ppu": "$3.14 per 100G",
    "COL Size": "175g"
  },
  {
    "Brand_Product_Size": "Higher Living Organic Peppermint & Licorice Tea Bags 15 pack 22g",
    "COL Price": 2.95,
    "COL ppu": "$0.20 per 1Ea",
    "COL Size": "22g"
  },
  {
    "Brand_Product_Size": "Coles Blister Plastics 44x69mm 5 pack",
    "COL Price": 9,
    "COL ppu": "$1.80 per 1Ea",
    "COL Size": "5 pack"
  },
  {
    "Brand_Product_Size": "Coles Ultra Citrus Fresh Toilet Cleaner Gel 700mL",
    "COL Price": 2.3,
    "COL ppu": "$0.33 per 100mL",
    "COL Size": "700mL"
  },
  {
    "Brand_Product_Size": "Quorn Frozen Vegan Nuggets 280g",
    "COL Price": 7,
    "COL ppu": "$2.50 per 100G",
    "COL Size": "280g"
  },
  {
    "Brand_Product_Size": "Coles Finest Mirror Glaze Chocolate & Hazelnut Mousse 2 pack",
    "COL Price": 8,
    "COL ppu": "$3.81 per 100G",
    "COL Size": "2 pack"
  },
  {
    "Brand_Product_Size": "Coles Soda Water Sparkling Mixers Multipack Bottles 300mL 4 pack",
    "COL Price": 3.44,
    "COL ppu": "$2.87 per 1L",
    "COL Size": "4 pack"
  },
  {
    "Brand_Product_Size": "Swisse High Strength Magnesium Powder Berry 180g",
    "COL Price": 30,
    "COL ppu": "$16.67 per 100G",
    "COL Size": "180g"
  },
  {
    "Brand_Product_Size": "Cadbury Crunchie Honeycomb Flavour Ice Cream Bar 4 Pack 300mL",
    "COL Price": 8.5,
    "COL ppu": "$2.83 per 100mL",
    "COL Size": "300mL"
  },
  {
    "Brand_Product_Size": "Anticol Medicated Throat Lozenges Original Menthol 50g",
    "COL Price": 2.2,
    "COL ppu": "$4.40 per 100G",
    "COL Size": "50g"
  },
  {
    "Brand_Product_Size": "Coles Beef Thyme And Parsley Burgers 500g",
    "COL Price": 7.5,
    "COL ppu": "$15.00 per 1Kg",
    "COL Size": "500g"
  },
  {
    "Brand_Product_Size": "Happy Snack Company Favva Beans Sea Salt & Vinegar 6 Pack 150g",
    "COL Price": 4.2,
    "COL ppu": "$2.80 per 100G",
    "COL Size": "150g"
  },
  {
    "Brand_Product_Size": "Lavazza Qualita Oro Medium Roast Smooth Ground Coffee 500g",
    "COL Price": 8,
    "COL ppu": "$1.60 per 100G",
    "COL Size": "500g"
  },
  {
    "Brand_Product_Size": "Bickford's Lemon Cordial 750mL",
    "COL Price": 3.2,
    "COL ppu": "$4.27 per 1L",
    "COL Size": "750mL"
  },
  {
    "Brand_Product_Size": "Coles Parsley Sleeved 1 bunch",
    "COL Price": 2.98,
    "COL ppu": "$2.98 per 1Ea",
    "COL Size": "1 bunch"
  },
  {
    "Brand_Product_Size": "Cadbury Baking 70% Cocoa Dark Chocolate Block 180g",
    "COL Price": 3,
    "COL ppu": "$1.67 per 100G",
    "COL Size": "180g"
  },
  {
    "Brand_Product_Size": "Artline 0.4mm Fineline Black Pen each",
    "COL Price": 3,
    "COL ppu": "$3.00 per 1Ea",
    "COL Size": "each"
  },
  {
    "Brand_Product_Size": "Neutrogena Cleansing Make Up Removal Towlettes 25 pack",
    "COL Price": 8.2,
    "COL ppu": "$0.33 per 1Ea",
    "COL Size": "25 pack"
  },
  {
    "Brand_Product_Size": "Razzamatazz Luxe Anklet Pantyhose Black Size 1 1 pack",
    "COL Price": 5,
    "COL ppu": "",
    "COL Size": "1 pack"
  },
  {
    "Brand_Product_Size": "Carman's Cookies & Cream Protein Bars 5 Pack 200g",
    "COL Price": 6.3,
    "COL ppu": "$3.15 per 100G",
    "COL Size": "200g"
  },
  {
    "Brand_Product_Size": "Ziploc Sandwich Bags 100 pack",
    "COL Price": 6,
    "COL ppu": "$0.06 per 1Ea",
    "COL Size": "100 pack"
  },
  {
    "Brand_Product_Size": "Lotus Peak White Tea Bags 25 pack 50g",
    "COL Price": 3.5,
    "COL ppu": "$7.00 per 100G",
    "COL Size": "50g"
  },
  {
    "Brand_Product_Size": "Air Wick Air Freshner Aerosol Vanilla 237g",
    "COL Price": 2.8,
    "COL ppu": "$1.18 per 100G",
    "COL Size": "237g"
  },
  {
    "Brand_Product_Size": "Mirabella LED Globe Fancy Round Edison Screw 5.5 watt Pearl each",
    "COL Price": 6.5,
    "COL ppu": "$6.50 per 1Ea",
    "COL Size": "each"
  },
  {
    "Brand_Product_Size": "Coles Avocado Dip 200g",
    "COL Price": 1.9,
    "COL ppu": "$0.95 per 100G",
    "COL Size": "200g"
  },
  {
    "Brand_Product_Size": "Pilpel Gluten Free Hummous Dip 350g",
    "COL Price": 5.5,
    "COL ppu": "$1.57 per 100G",
    "COL Size": "350g"
  },
  {
    "Brand_Product_Size": "Lewis & Son Marinated Olives 400g",
    "COL Price": 11,
    "COL ppu": "$2.75 per 100G",
    "COL Size": "400g"
  },
  {
    "Brand_Product_Size": "Cucina Matese Orecchiette No.119 Italian Pasta 500g",
    "COL Price": 2.8,
    "COL ppu": "$0.56 per 100G",
    "COL Size": "500g"
  },
  {
    "Brand_Product_Size": "Coles Deli Thawed Cooked Medium Black Tiger Prawns approx. 250g",
    "COL Price": 5.5,
    "COL ppu": "$22.00 per 1Kg",
    "COL Size": "approx. 250g"
  },
  {
    "Brand_Product_Size": "Tandaco Tomato Lasagne Casserole Sauce Mix One Pan Dinner 200g",
    "COL Price": 4,
    "COL ppu": "$2.00 per 100G",
    "COL Size": "200g"
  },
  {
    "Brand_Product_Size": "Coles Ultra Sunscreen SPF50+ Finger Spray 200mL",
    "COL Price": 7,
    "COL ppu": "$3.50 per 100mL",
    "COL Size": "200mL"
  },
  {
    "Brand_Product_Size": "Energizer Lightning Cable 1.2M Pink 1 pack",
    "COL Price": 20,
    "COL ppu": "$20.00 per 1Ea",
    "COL Size": "1 pack"
  },
  {
    "Brand_Product_Size": "Coles White Onions Loose approx. 160g each",
    "COL Price": 0.88,
    "COL ppu": "$5.50 per 1Kg",
    "COL Size": "approx. 160g each"
  },
  {
    "Brand_Product_Size": "Sanitarium Up&go Dairy Free Choc 3x250mL 750mL",
    "COL Price": 4.95,
    "COL ppu": "$6.60 per 1L",
    "COL Size": "750mL"
  },
  {
    "Brand_Product_Size": "Nicorette Cooldrops Regular Strength Icy Mint Lozenges 80 pack",
    "COL Price": 36,
    "COL ppu": "$0.45 per 1Ea",
    "COL Size": "80 pack"
  },
  {
    "Brand_Product_Size": "Lingham's Chilli Sauce 280mL",
    "COL Price": 3.4,
    "COL ppu": "$1.21 per 100mL",
    "COL Size": "280mL"
  },
  {
    "Brand_Product_Size": "Tommee Tippee Narrow Neck Bottles 250ml 3 pack",
    "COL Price": 10,
    "COL ppu": "$3.33 per 1Ea",
    "COL Size": "3 pack"
  },
  {
    "Brand_Product_Size": "Edens Sesame Bar 45g",
    "COL Price": 0.88,
    "COL ppu": "$1.96 per 100G",
    "COL Size": "45g"
  },
  {
    "Brand_Product_Size": "Monini Classico Italian Extra Virgin Olive Oil 750mL",
    "COL Price": 12,
    "COL ppu": "$1.60 per 100mL",
    "COL Size": "750mL"
  },
  {
    "Brand_Product_Size": "Harvest Box Almond Latte 135g",
    "COL Price": 4.95,
    "COL ppu": "$3.67 per 100G",
    "COL Size": "135g"
  },
  {
    "Brand_Product_Size": "The Natural Cracker Co. Honey Soy Chicken Crispy Crackers 160g",
    "COL Price": 1.75,
    "COL ppu": "$1.09 per 100G",
    "COL Size": "160g"
  },
  {
    "Brand_Product_Size": "Coles Tuna In Springwater 185g",
    "COL Price": 1.3,
    "COL ppu": "$0.70 per 100G",
    "COL Size": "185g"
  },
  {
    "Brand_Product_Size": "Our Pure Planet Hand Sanitiser 50mL",
    "COL Price": 2.5,
    "COL ppu": "$5.00 per 100mL",
    "COL Size": "50mL"
  },
  {
    "Brand_Product_Size": "Marathon Frozen Spring Rolls 4 pack 640g",
    "COL Price": 6.5,
    "COL ppu": "$1.02 per 100G",
    "COL Size": "640g"
  },
  {
    "Brand_Product_Size": "Dove Men Antiperspirant Deodorant Extra Fresh 254mL",
    "COL Price": 7,
    "COL ppu": "$2.76 per 100mL",
    "COL Size": "254mL"
  },
  {
    "Brand_Product_Size": "Covergirl Simply Ageless 220 Creamy Natural Foundation 12g",
    "COL Price": 25.5,
    "COL ppu": "$21.25 per 10G",
    "COL Size": "12g"
  },
  {
    "Brand_Product_Size": "Coles Rhubarb Bunch each",
    "COL Price": 5.5,
    "COL ppu": "$5.50 per 1Ea",
    "COL Size": "each"
  },
  {
    "Brand_Product_Size": "Coles Bakery Cream Filled Dusted Sponge Cake 380g",
    "COL Price": 5.5,
    "COL ppu": "$1.45 per 100G",
    "COL Size": "380g"
  },
  {
    "Brand_Product_Size": "McCain Superfries Shoestring 1.5kg",
    "COL Price": 5,
    "COL ppu": "$3.33 per 1Kg",
    "COL Size": "1.5kg"
  },
  {
    "Brand_Product_Size": "Sukin Hydration Rehydrating Gel Day Cream 60ml each",
    "COL Price": 23,
    "COL ppu": "$38.33 per 100mL",
    "COL Size": "each"
  },
  {
    "Brand_Product_Size": "Primo Gluten Free Classic Kransky 250g",
    "COL Price": 4.7,
    "COL ppu": "$18.80 per 1Kg",
    "COL Size": "250g"
  },
  {
    "Brand_Product_Size": "Deli Express Wagyu 80g",
    "COL Price": 9,
    "COL ppu": "$112.50 per 1Kg",
    "COL Size": "80g"
  },
  {
    "Brand_Product_Size": "Rascal & Friends Nappy Pants Junior Jumbo 46 pack",
    "COL Price": 27,
    "COL ppu": "$0.59 per 1Ea",
    "COL Size": "46 pack"
  },
  {
    "Brand_Product_Size": "Lurpak Softest Slightly Salted Spreadable Butter 250g",
    "COL Price": 5,
    "COL ppu": "$2.00 per 100G",
    "COL Size": "250g"
  },
  {
    "Brand_Product_Size": "Grandma's Golden Wok Vegetable Gyoza 800g",
    "COL Price": 18.5,
    "COL ppu": "$2.31 per 100G",
    "COL Size": "800g"
  },
  {
    "Brand_Product_Size": "Gold Sunset Vegetable Oil 4L",
    "COL Price": 19,
    "COL ppu": "$0.48 per 100mL",
    "COL Size": "4L"
  },
  {
    "Brand_Product_Size": "Cenovis Vitamin D3 1000IU Tablets 200 pack",
    "COL Price": 14,
    "COL ppu": "$0.07 per 1Ea",
    "COL Size": "200 pack"
  },
  {
    "Brand_Product_Size": "Wattle Valley Chunky Roasted Capsicum With Cashews & Fetta Dip 150g",
    "COL Price": 4.6,
    "COL ppu": "$3.07 per 100G",
    "COL Size": "150g"
  },
  {
    "Brand_Product_Size": "Wiltshire Perforated Rectangle Quiche Tart Pan each",
    "COL Price": 16,
    "COL ppu": "$16.00 per 1Ea",
    "COL Size": "each"
  },
  {
    "Brand_Product_Size": "Golden Circle Sliced Beetroot 450g",
    "COL Price": 1.8,
    "COL ppu": "$4.00 per 1Kg",
    "COL Size": "450g"
  },
  {
    "Brand_Product_Size": "Weet Bix Vanilla Coconut Bites 500g",
    "COL Price": 4,
    "COL ppu": "$0.80 per 100G",
    "COL Size": "500g"
  },
  {
    "Brand_Product_Size": "Fantastic Delites Rice Snacks Flame Grilled BBQ 100g",
    "COL Price": 2,
    "COL ppu": "$2.00 per 100G",
    "COL Size": "100g"
  },
  {
    "Brand_Product_Size": "Coles Natures Kitchen Lentil Spag Bolognese 350g",
    "COL Price": 7,
    "COL ppu": "$2.00 per 100G",
    "COL Size": "350g"
  },
  {
    "Brand_Product_Size": "Birds Eye Snap Frozen Garden Peas 1kg",
    "COL Price": 3.7,
    "COL ppu": "$3.70 per 1Kg",
    "COL Size": "1kg"
  },
  {
    "Brand_Product_Size": "Coles Bakery Mini Hawaiian Pizza Rolls 6 pack",
    "COL Price": 3.5,
    "COL ppu": "$0.58 per 1Ea",
    "COL Size": "6 pack"
  },
  {
    "Brand_Product_Size": "Arnott's Sesame Wheat Crackers 250g",
    "COL Price": 4,
    "COL ppu": "$1.60 per 100G",
    "COL Size": "250g"
  },
  {
    "Brand_Product_Size": "Gravox Lamb & Rosemary Gravy 165g",
    "COL Price": 2,
    "COL ppu": "$0.12 per 10G",
    "COL Size": "165g"
  },
  {
    "Brand_Product_Size": "Coles Deli Large BBQ Pasta Salad each",
    "COL Price": 7,
    "COL ppu": "$7.00 per 1Ea",
    "COL Size": "each"
  },
  {
    "Brand_Product_Size": "Coles Jalapeno Chillies loose approx. 50g",
    "COL Price": 1,
    "COL ppu": "$20.00 per 1Kg",
    "COL Size": "approx. 50g"
  },
  {
    "Brand_Product_Size": "Smith's Sticky BBQ Ribs Thinly Cut Potato Chips 175g",
    "COL Price": 2,
    "COL ppu": "$1.14 per 100G",
    "COL Size": "175g"
  },
  {
    "Brand_Product_Size": "Food For Health Gluten Free Fruit Free With Sea Salt & Caramel 6 Bars 150g",
    "COL Price": 7,
    "COL ppu": "$4.67 per 100G",
    "COL Size": "150g"
  },
  {
    "Brand_Product_Size": "Dineamic Meal Chicken & Chorizo Paella 360g",
    "COL Price": 9.95,
    "COL ppu": "$2.76 per 100G",
    "COL Size": "360g"
  },
  {
    "Brand_Product_Size": "Dove Men+Care Shampoo Daily Deep Clean 2 in 1 300mL",
    "COL Price": 6.5,
    "COL ppu": "$2.17 per 100mL",
    "COL Size": "300mL"
  },
  {
    "Brand_Product_Size": "Vanish Stain Remover Fabric Powder 900g",
    "COL Price": 12,
    "COL ppu": "$13.33 per 1Kg",
    "COL Size": "900g"
  },
  {
    "Brand_Product_Size": "Coles Deli Delre Mini Chol approx. 100g",
    "COL Price": 3.6,
    "COL ppu": "$36.00 per 1Kg",
    "COL Size": "approx. 100g"
  },
  {
    "Brand_Product_Size": "Coles Thawed Seafood MSC Raw Banana Prawns 5kg",
    "COL Price": 110,
    "COL ppu": "$22.00 per 1Kg",
    "COL Size": "5kg"
  },
  {
    "Brand_Product_Size": "Nature's Gift Casserole Gravy Style Lamb Vegetable And Barley Dog Food 100g",
    "COL Price": 1.2,
    "COL ppu": "$1.20 per 100G",
    "COL Size": "100g"
  },
  {
    "Brand_Product_Size": "Golden Light & Buttery Waffles 8 pack 220g",
    "COL Price": 5,
    "COL ppu": "$2.27 per 100G",
    "COL Size": "220g"
  },
  {
    "Brand_Product_Size": "Arnott's Tiny Teddy Spotty Dog Biscuits 8 Pack 184g",
    "COL Price": 3,
    "COL ppu": "$1.63 per 100G",
    "COL Size": "184g"
  },
  {
    "Brand_Product_Size": "Coles Brownies 5 pack 250g",
    "COL Price": 3.5,
    "COL ppu": "$1.40 per 100G",
    "COL Size": "250g"
  },
  {
    "Brand_Product_Size": "Wrigley's Extra White Sugar Free Bubblemint Chewing Gum4 x 10 Piece Pack 56g",
    "COL Price": 2.8,
    "COL ppu": "$5.00 per 100G",
    "COL Size": "56g"
  },
  {
    "Brand_Product_Size": "Fremantle Marinated Octopus 250g",
    "COL Price": 10,
    "COL ppu": "$40.00 per 1Kg",
    "COL Size": "250g"
  },
  {
    "Brand_Product_Size": "Continental Sensation Sweet Potato Pumpkin & Caramelised Onion Soup Serves 2 63g",
    "COL Price": 2,
    "COL ppu": "$3.17 per 100G",
    "COL Size": "63g"
  },
  {
    "Brand_Product_Size": "Maille Hollandaise Sauce 200mL",
    "COL Price": 4.2,
    "COL ppu": "$2.10 per 100mL",
    "COL Size": "200mL"
  },
  {
    "Brand_Product_Size": "I Dolci Di Montagna Sfogliatine Glassate Wafers 135g",
    "COL Price": 3.4,
    "COL ppu": "$2.52 per 100G",
    "COL Size": "135g"
  },
  {
    "Brand_Product_Size": "Keep It Cleaner Fermented Vegetable Vegan Kimchi 400g",
    "COL Price": 10,
    "COL ppu": "$2.50 per 100G",
    "COL Size": "400g"
  },
  {
    "Brand_Product_Size": "Nice N' Tasty Seasoning Chicken Salt 400g",
    "COL Price": 4.95,
    "COL ppu": "$0.12 per 10G",
    "COL Size": "400g"
  },
  {
    "Brand_Product_Size": "Uncle Ben's Microwave Brown Rice 250g",
    "COL Price": 2.7,
    "COL ppu": "$1.08 per 100G",
    "COL Size": "250g"
  },
  {
    "Brand_Product_Size": "Coles Ham Steaks 375g",
    "COL Price": 6,
    "COL ppu": "$16.00 per 1Kg",
    "COL Size": "375g"
  },
  {
    "Brand_Product_Size": "Dine Cuts In Gravy With Lamb Wet Cat Food Tray 85g",
    "COL Price": 1.15,
    "COL ppu": "$1.35 per 100G",
    "COL Size": "85g"
  },
  {
    "Brand_Product_Size": "Coles Deli Express Hommus Dip 150g",
    "COL Price": 3.5,
    "COL ppu": "$2.33 per 100G",
    "COL Size": "150g"
  },
  {
    "Brand_Product_Size": "Coca-Cola No Sugar Coke Multipack Cans 375mL 30 pack",
    "COL Price": 38.9,
    "COL ppu": "$3.46 per 1L",
    "COL Size": "30 pack"
  },
  {
    "Brand_Product_Size": "Garnier Micellar Cleansing Water 50mL",
    "COL Price": 2.25,
    "COL ppu": "$4.50 per 100mL",
    "COL Size": "50mL"
  },
  {
    "Brand_Product_Size": "Well Naturally Chocolate Almond Bar Sugar Free 45g",
    "COL Price": 2.85,
    "COL ppu": "$6.33 per 100G",
    "COL Size": "45g"
  },
  {
    "Brand_Product_Size": "Honest Sea Seaweed Sea Salt 5g",
    "COL Price": 1.5,
    "COL ppu": "$30.00 per 100G",
    "COL Size": "5g"
  },
  {
    "Brand_Product_Size": "Olay Regenerist Retinol24 Night Moisturiser 50g",
    "COL Price": 59,
    "COL ppu": "$118.00 per 100G",
    "COL Size": "50g"
  },
  {
    "Brand_Product_Size": "Eatrite Tamari Brown Seaweed Rice Crackers 100g",
    "COL Price": 1.85,
    "COL ppu": "$1.85 per 100G",
    "COL Size": "100g"
  },
  {
    "Brand_Product_Size": "Allen's Black Cats 170g",
    "COL Price": 3,
    "COL ppu": "$1.76 per 100G",
    "COL Size": "170g"
  },
  {
    "Brand_Product_Size": "Only Organic Minted Peas Blackcurrant & Lamb Baby Food Pouch 8+ Months 120g",
    "COL Price": 2,
    "COL ppu": "$1.67 per 100G",
    "COL Size": "120g"
  },
  {
    "Brand_Product_Size": "Head & Shoulders Apple Fresh Conditioner 400mL",
    "COL Price": 6.75,
    "COL ppu": "$1.69 per 100mL",
    "COL Size": "400mL"
  },
  {
    "Brand_Product_Size": "Hong Kong Dim Sim Kitchen Frozen Pork & Chive Dumplings 10 Pieces 200g",
    "COL Price": 2.5,
    "COL ppu": "$1.25 per 100G",
    "COL Size": "200g"
  },
  {
    "Brand_Product_Size": "L'Oreal Preference 04 Balayage Brown To Light Brown Hair Colour 1 pack",
    "COL Price": 9.5,
    "COL ppu": "$9.50 per 1Ea",
    "COL Size": "1 pack"
  },
  {
    "Brand_Product_Size": "Heinz Garlic Aioli Mayonnaise 295mL",
    "COL Price": 4,
    "COL ppu": "$1.36 per 100mL",
    "COL Size": "295mL"
  },
  {
    "Brand_Product_Size": "Coles Fat Free Instant Skim Milk Powder 1kg",
    "COL Price": 5.7,
    "COL ppu": "$0.57 per 100G",
    "COL Size": "1kg"
  },
  {
    "Brand_Product_Size": "Monster Energy Can Mule 500mL",
    "COL Price": 3.6,
    "COL ppu": "$7.20 per 1L",
    "COL Size": "500mL"
  },
  {
    "Brand_Product_Size": "Moro Balsamic Vinegar of Modena 500mL",
    "COL Price": 5,
    "COL ppu": "$1.00 per 100mL",
    "COL Size": "500mL"
  },
  {
    "Brand_Product_Size": "Whiskas Chicken & Turkey Adult Dry Cat Food 1.8kg",
    "COL Price": 9,
    "COL ppu": "$0.50 per 100G",
    "COL Size": "1.8kg"
  },
  {
    "Brand_Product_Size": "Sukin Hydrating Body Lotion 500mL",
    "COL Price": 15,
    "COL ppu": "$3.00 per 100mL",
    "COL Size": "500mL"
  },
  {
    "Brand_Product_Size": "COYO Organic Probiotic Coconut Milk Yoghurt Vanilla Bean 500g",
    "COL Price": 8,
    "COL ppu": "$1.60 per 100G",
    "COL Size": "500g"
  },
  {
    "Brand_Product_Size": "Coles Pork Chipolatas 550g",
    "COL Price": 5.5,
    "COL ppu": "$10.00 per 1Kg",
    "COL Size": "550g"
  },
  {
    "Brand_Product_Size": "Mrs Mac's Frozen Microwave Giant Sausage Roll 175g",
    "COL Price": 2.5,
    "COL ppu": "$1.43 per 100G",
    "COL Size": "175g"
  },
  {
    "Brand_Product_Size": "Golden Days Gluten Free Yoghurt Sesame Snaps 40g",
    "COL Price": 1.15,
    "COL ppu": "$2.88 per 100G",
    "COL Size": "40g"
  },
  {
    "Brand_Product_Size": "Coles Kids Animal Safari Medistrips Print Plaster 20 pack",
    "COL Price": 2.5,
    "COL ppu": "$0.13 per 1Ea",
    "COL Size": "20 pack"
  },
  {
    "Brand_Product_Size": "Bic Atlantis Black Pens 4 pack",
    "COL Price": 3.67,
    "COL ppu": "$0.92 per 1Ea",
    "COL Size": "4 pack"
  },
  {
    "Brand_Product_Size": "Peters Drumstick Classic Vanilla Ice Cream Cones 4 pack 475mL",
    "COL Price": 5,
    "COL ppu": "$1.05 per 100mL",
    "COL Size": "475mL"
  },
  {
    "Brand_Product_Size": "Coles Frozen Spaghetti Bolognese With Beef Mince 375g",
    "COL Price": 3,
    "COL ppu": "$0.80 per 100G",
    "COL Size": "375g"
  },
  {
    "Brand_Product_Size": "Sunrice Low Gi White Clever Rice 750g",
    "COL Price": 3.5,
    "COL ppu": "$0.47 per 100G",
    "COL Size": "750g"
  },
  {
    "Brand_Product_Size": "Coles Pomlife Fresh Pomegranate Arils 75g",
    "COL Price": 4.9,
    "COL ppu": "$65.34 per 1Kg",
    "COL Size": "75g"
  },
  {
    "Brand_Product_Size": "Continental Kosher Butcher Moroccan Lamb Roast approx. 1.375kg",
    "COL Price": 72.1875,
    "COL ppu": "$52.50 per 1Kg",
    "COL Size": "approx. 1.375kg"
  },
  {
    "Brand_Product_Size": "Coles Butternut Pumpkin Whole approx. 2kg each",
    "COL Price": 7,
    "COL ppu": "$3.50 per 1Kg",
    "COL Size": "approx. 2kg each"
  },
  {
    "Brand_Product_Size": "Divella Spaghetti Ristorante No 8 Pasta 500g",
    "COL Price": 2,
    "COL ppu": "$0.40 per 100G",
    "COL Size": "500g"
  },
  {
    "Brand_Product_Size": "Coles Orange Juice 2L",
    "COL Price": 2,
    "COL ppu": "$1.00 per 1L",
    "COL Size": "2L"
  },
  {
    "Brand_Product_Size": "Skippy Raspberry Cheesecake Protein Bar 40g",
    "COL Price": 3,
    "COL ppu": "$7.50 per 100G",
    "COL Size": "40g"
  },
  {
    "Brand_Product_Size": "KB Tempura Prawns 300g",
    "COL Price": 9.5,
    "COL ppu": "$31.67 per 1Kg",
    "COL Size": "300g"
  },
  {
    "Brand_Product_Size": "Borg's Triangles Spinach Cheese 360g",
    "COL Price": 2.4,
    "COL ppu": "$0.67 per 100G",
    "COL Size": "360g"
  },
  {
    "Brand_Product_Size": "Pukka Herbal Collection Tea Bags 20 pack 34.4g",
    "COL Price": 7.5,
    "COL ppu": "$0.38 per 1Ea",
    "COL Size": "34.4g"
  },
  {
    "Brand_Product_Size": "Peters Drumstick Salted Caramel & White Chocolate Ice Cream Cones 4 Pack 475mL",
    "COL Price": 5,
    "COL ppu": "$1.05 per 100mL",
    "COL Size": "475mL"
  },
  {
    "Brand_Product_Size": "Birds Eye Frozen Seasoned Sides Mediterranean Mix 600g",
    "COL Price": 5,
    "COL ppu": "$8.33 per 1Kg",
    "COL Size": "600g"
  },
  {
    "Brand_Product_Size": "Oak Strawberry Flavoured Milk 600mL",
    "COL Price": 3.1,
    "COL ppu": "$5.17 per 1L",
    "COL Size": "600mL"
  },
  {
    "Brand_Product_Size": "Edgell Sliced Beetroot 225g",
    "COL Price": 1.2,
    "COL ppu": "$5.33 per 1Kg",
    "COL Size": "225g"
  },
  {
    "Brand_Product_Size": "BSC White Choc Honeycomb High Protein Balls 70g",
    "COL Price": 4.5,
    "COL ppu": "$6.43 per 100G",
    "COL Size": "70g"
  },
  {
    "Brand_Product_Size": "Lee Kum Kee Cantonese Chicken Stir Fry Sauce Pouch 120g",
    "COL Price": 2.2,
    "COL ppu": "$1.83 per 100G",
    "COL Size": "120g"
  },
  {
    "Brand_Product_Size": "Barilla Arrabbiata Chilli Pepper Pasta Sauce 400g",
    "COL Price": 3.75,
    "COL ppu": "$0.94 per 100G",
    "COL Size": "400g"
  },
  {
    "Brand_Product_Size": "Old El Paso Stand N Stuff Taco Shell 10 Pack 140g",
    "COL Price": 3.95,
    "COL ppu": "$2.82 per 100G",
    "COL Size": "140g"
  },
  {
    "Brand_Product_Size": "Darikay Lentil Soup 550g",
    "COL Price": 6.5,
    "COL ppu": "$1.18 per 100G",
    "COL Size": "550g"
  },
  {
    "Brand_Product_Size": "Pups In The Pantry Mutt-Ello Choc Biscuits O's Dog Treat 140g",
    "COL Price": 2.8,
    "COL ppu": "$2.00 per 100G",
    "COL Size": "140g"
  },
  {
    "Brand_Product_Size": "Garnier Fructis Sleek & Shine Flat Iron Spray 177mL",
    "COL Price": 4.97,
    "COL ppu": "$2.81 per 100mL",
    "COL Size": "177mL"
  },
  {
    "Brand_Product_Size": "Philadelphia Light Spreadable Cream Cheese Tub 250g",
    "COL Price": 4.7,
    "COL ppu": "$18.80 per 1Kg",
    "COL Size": "250g"
  },
  {
    "Brand_Product_Size": "Nongshim Shrimp Flavoured Crackers 75g",
    "COL Price": 1.75,
    "COL ppu": "$2.33 per 100G",
    "COL Size": "75g"
  },
  {
    "Brand_Product_Size": "Jila Sugar Free Peppermint Mints 34g",
    "COL Price": 2,
    "COL ppu": "$5.88 per 100G",
    "COL Size": "34g"
  },
  {
    "Brand_Product_Size": "Super Nature Frozen Wholegrain Butter Chicken With Freekeh Ancient Grain Mix Wellness Bowl 350g",
    "COL Price": 6.3,
    "COL ppu": "$1.80 per 100G",
    "COL Size": "350g"
  },
  {
    "Brand_Product_Size": "Mother Energy Drink Can 500mL",
    "COL Price": 2.85,
    "COL ppu": "$5.70 per 1L",
    "COL Size": "500mL"
  },
  {
    "Brand_Product_Size": "South Cape Reduced Fat Greek Style Fetta 200g",
    "COL Price": 5,
    "COL ppu": "$25.00 per 1Kg",
    "COL Size": "200g"
  },
  {
    "Brand_Product_Size": "Lindt Milk Cornet 333g",
    "COL Price": 20,
    "COL ppu": "$6.01 per 100G",
    "COL Size": "333g"
  },
  {
    "Brand_Product_Size": "Kikkoman Tamari Soy Sauce 250mL",
    "COL Price": 5.2,
    "COL ppu": "$2.08 per 100mL",
    "COL Size": "250mL"
  },
  {
    "Brand_Product_Size": "Madura Premium Blend Black Leaf Tea 200g",
    "COL Price": 5.35,
    "COL ppu": "$2.68 per 100G",
    "COL Size": "200g"
  },
  {
    "Brand_Product_Size": "Sunbeam 2 Slice Snackmaker each",
    "COL Price": 39.2,
    "COL ppu": "$39.20 per 1Ea",
    "COL Size": "each"
  },
  {
    "Brand_Product_Size": "Bulla Murray St Caramel Maple Macadamia Ice Cream Sticks 4 pack 400mL",
    "COL Price": 6,
    "COL ppu": "$1.50 per 100mL",
    "COL Size": "400mL"
  },
  {
    "Brand_Product_Size": "Coles Deli Salads Tub Medium Classic Coleslaw medium",
    "COL Price": 5,
    "COL ppu": "$5.00 per 1Ea",
    "COL Size": "medium"
  },
  {
    "Brand_Product_Size": "Libra Original Regular Tampons 16 pack",
    "COL Price": 2.52,
    "COL ppu": "$0.16 per 1Ea",
    "COL Size": "16 pack"
  },
  {
    "Brand_Product_Size": "Sharpie Gel Pen Black 2 pack",
    "COL Price": 7,
    "COL ppu": "$3.50 per 1Ea",
    "COL Size": "2 pack"
  },
  {
    "Brand_Product_Size": "Tamar Valley Greek Nas Strawberry 700g",
    "COL Price": 6.4,
    "COL ppu": "$0.91 per 100G",
    "COL Size": "700g"
  },
  {
    "Brand_Product_Size": "Coles Onion And Savoury Sauce Tuna 95g",
    "COL Price": 0.9,
    "COL ppu": "$9.47 per 1Kg",
    "COL Size": "95g"
  },
  {
    "Brand_Product_Size": "Herbal Essences Bio Renew Sulfate-Free Birch Bark Conditioner 400mL",
    "COL Price": 14,
    "COL ppu": "$3.50 per 100mL",
    "COL Size": "400mL"
  },
  {
    "Brand_Product_Size": "Air Wick Essential Mist Refill Cinnamon & Crisp A 20mL",
    "COL Price": 8,
    "COL ppu": "$4.00 per 10mL",
    "COL Size": "20mL"
  },
  {
    "Brand_Product_Size": "Herbal Essences Bio Renew Hydrate Coconut Milk Shampoo 400mL",
    "COL Price": 12,
    "COL ppu": "$3.00 per 100mL",
    "COL Size": "400mL"
  },
  {
    "Brand_Product_Size": "Coles Topless Pineapple each",
    "COL Price": 4.9,
    "COL ppu": "$4.90 per 1Ea",
    "COL Size": "each"
  },
  {
    "Brand_Product_Size": "Coles Frozen Chopped Onions 500g",
    "COL Price": 1.8,
    "COL ppu": "$3.60 per 1Kg",
    "COL Size": "500g"
  },
  {
    "Brand_Product_Size": "Nivea Men Active Energy Face Wash Gel Cleanser 100mL",
    "COL Price": 9,
    "COL ppu": "$9.00 per 100mL",
    "COL Size": "100mL"
  },
  {
    "Brand_Product_Size": "Wrigley's Hubba Bubba Variety Bubble Gum 4 pack",
    "COL Price": 3.2,
    "COL ppu": "$2.29 per 100G",
    "COL Size": "4 pack"
  },
  {
    "Brand_Product_Size": "The Cheesecake Shop Strawberry Cheesecake Cup 100g",
    "COL Price": 3,
    "COL ppu": "$3.00 per 100G",
    "COL Size": "100g"
  },
  {
    "Brand_Product_Size": "L'OR Espresso Colombia Intensity 8 Coffee Capsules 10 Pack 52g",
    "COL Price": 4.5,
    "COL ppu": "$0.87 per 10G",
    "COL Size": "52g"
  },
  {
    "Brand_Product_Size": "Herbal Essences Argan Oil Mask 50mL",
    "COL Price": 5,
    "COL ppu": "$10.00 per 100mL",
    "COL Size": "50mL"
  },
  {
    "Brand_Product_Size": "Vittoria Special Italian Blend Coffee Beans 1kg",
    "COL Price": 19,
    "COL ppu": "$1.90 per 100G",
    "COL Size": "1kg"
  },
  {
    "Brand_Product_Size": "Coon Aussie Jack Cheese Slices 250g",
    "COL Price": 6,
    "COL ppu": "$24.00 per 1Kg",
    "COL Size": "250g"
  },
  {
    "Brand_Product_Size": "Patties Jalapeno Cheese Corn Bites 300g",
    "COL Price": 6,
    "COL ppu": "$2.00 per 100G",
    "COL Size": "300g"
  },
  {
    "Brand_Product_Size": "Coles Cotton Make-up Pads Round 80 pack",
    "COL Price": 1.5,
    "COL ppu": "$0.02 per 1Ea",
    "COL Size": "80 pack"
  },
  {
    "Brand_Product_Size": "Allen's Bites White Choc Mini Raspberries 120g",
    "COL Price": 3.5,
    "COL ppu": "$2.92 per 100G",
    "COL Size": "120g"
  },
  {
    "Brand_Product_Size": "Coles Correction Tape 2 pack",
    "COL Price": 3,
    "COL ppu": "$1.50 per 1Ea",
    "COL Size": "2 pack"
  },
  {
    "Brand_Product_Size": "Mckenzie's White Beans 375g",
    "COL Price": 3,
    "COL ppu": "$0.80 per 100G",
    "COL Size": "375g"
  },
  {
    "Brand_Product_Size": "Artline Permanent Black Marker each",
    "COL Price": 4,
    "COL ppu": "$4.00 per 1Ea",
    "COL Size": "each"
  },
  {
    "Brand_Product_Size": "Betty Crocker Creamy Deluxe Milk Chocolate Frosting 400g",
    "COL Price": 4,
    "COL ppu": "$10.00 per 1Kg",
    "COL Size": "400g"
  },
  {
    "Brand_Product_Size": "Tip Top Cafe Raisin Bread Loaf 650g",
    "COL Price": 3,
    "COL ppu": "$0.46 per 100G",
    "COL Size": "650g"
  },
  {
    "Brand_Product_Size": "Schick Hydro 5 Sense Hydrate Kit 1 pack",
    "COL Price": 8,
    "COL ppu": "$8.00 per 1Ea",
    "COL Size": "1 pack"
  },
  {
    "Brand_Product_Size": "Thursday Plantation Sleep Support & Calming Lavender Oil Roll-On 9mL",
    "COL Price": 20,
    "COL ppu": "$222.25 per 100mL",
    "COL Size": "9mL"
  },
  {
    "Brand_Product_Size": "Hydralyte Apple Blackcurrant 10 Effervescent Electrolyte Tablets 1 pack",
    "COL Price": 8,
    "COL ppu": "$0.80 per 1Ea",
    "COL Size": "1 pack"
  },
  {
    "Brand_Product_Size": "Coles Finest Italian Grissini With Black Olive 200g",
    "COL Price": 8,
    "COL ppu": "$4.00 per 100G",
    "COL Size": "200g"
  },
  {
    "Brand_Product_Size": "Sanitarium Weet-Bix Gluten Free Breakfast Cereal 375g",
    "COL Price": 4.5,
    "COL ppu": "$1.20 per 100G",
    "COL Size": "375g"
  },
  {
    "Brand_Product_Size": "Sorbent Double Length Toilet Tissue 12 pack",
    "COL Price": 12,
    "COL ppu": "$1.00 per 1Ea",
    "COL Size": "12 pack"
  },
  {
    "Brand_Product_Size": "Cucina Matese Fusilli No.114 Italian Pasta 500g",
    "COL Price": 2.8,
    "COL ppu": "$0.56 per 100G",
    "COL Size": "500g"
  },
  {
    "Brand_Product_Size": "Keep It Cleaner Corn And Sweet Potato Spaghetti 250g",
    "COL Price": 4,
    "COL ppu": "$1.60 per 100G",
    "COL Size": "250g"
  },
  {
    "Brand_Product_Size": "Indomie Special Chicken Flavour Instant Noodles 75g",
    "COL Price": 0.65,
    "COL ppu": "$0.87 per 100G",
    "COL Size": "75g"
  },
  {
    "Brand_Product_Size": "Only Good Balance Body Wash 445mL",
    "COL Price": 9,
    "COL ppu": "$2.02 per 100mL",
    "COL Size": "445mL"
  },
  {
    "Brand_Product_Size": "Golden Circle Sliced Beetroot 850g",
    "COL Price": 2,
    "COL ppu": "$2.35 per 1Kg",
    "COL Size": "850g"
  },
  {
    "Brand_Product_Size": "Pikmi Pops Cheeki Boutique Single Pack 1 pack",
    "COL Price": 10,
    "COL ppu": "$10.00 per 1Ea",
    "COL Size": "1 pack"
  },
  {
    "Brand_Product_Size": "Blue Label Molasses 550g",
    "COL Price": 4,
    "COL ppu": "$0.73 per 100G",
    "COL Size": "550g"
  },
  {
    "Brand_Product_Size": "Seacrown Crab Meat In Brine 170g",
    "COL Price": 3.45,
    "COL ppu": "$20.29 per 1Kg",
    "COL Size": "170g"
  },
  {
    "Brand_Product_Size": "L'Oreal Loc Brow Artist Plumper Transparent 4.6g",
    "COL Price": 14,
    "COL ppu": "$30.43 per 10G",
    "COL Size": "4.6g"
  },
  {
    "Brand_Product_Size": "Hunt & Brew Colombia Flavoured Coffee 400mL",
    "COL Price": 3.4,
    "COL ppu": "$8.50 per 1L",
    "COL Size": "400mL"
  },
  {
    "Brand_Product_Size": "Coles Himalayan Pink Salt Refill Bag 500g",
    "COL Price": 3.5,
    "COL ppu": "$0.07 per 10G",
    "COL Size": "500g"
  },
  {
    "Brand_Product_Size": "Huggies Ultra Dry Nappy For Boys 13-18 Kg Size 5 64 pack",
    "COL Price": 30,
    "COL ppu": "$0.47 per 1Ea",
    "COL Size": "64 pack"
  },
  {
    "Brand_Product_Size": "Quest Chocolate Chip Cookie Dough Protein Bar 60g",
    "COL Price": 3,
    "COL ppu": "$5.00 per 100G",
    "COL Size": "60g"
  },
  {
    "Brand_Product_Size": "Coles Bakery Pumpkin Seed & Purple wheat Paninis 3 pack",
    "COL Price": 3,
    "COL ppu": "$1.00 per 1Ea",
    "COL Size": "3 pack"
  },
  {
    "Brand_Product_Size": "Mildura Orange & Mango Fruit Drink Chilled 3L",
    "COL Price": 4.91,
    "COL ppu": "$1.64 per 1L",
    "COL Size": "3L"
  },
  {
    "Brand_Product_Size": "Coles Brown Onions approx. 180g each",
    "COL Price": 0.54,
    "COL ppu": "$3.00 per 1Kg",
    "COL Size": "approx. 180g each"
  },
  {
    "Brand_Product_Size": "S & B Japanese Instant Tofu Miso Soup 30g",
    "COL Price": 3.75,
    "COL ppu": "$12.50 per 100G",
    "COL Size": "30g"
  },
  {
    "Brand_Product_Size": "Tresemme Keratin Smooth Marula Oil Shampoo 350mL",
    "COL Price": 6.3,
    "COL ppu": "$1.80 per 100mL",
    "COL Size": "350mL"
  },
  {
    "Brand_Product_Size": "Dove Nutritive Solutions Conditioner Intensive Repair 320mL",
    "COL Price": 6.9,
    "COL ppu": "$2.16 per 100mL",
    "COL Size": "320mL"
  },
  {
    "Brand_Product_Size": "Cook & Dine Slotted Serving Spoon each",
    "COL Price": 2.5,
    "COL ppu": "$2.50 per 1Ea",
    "COL Size": "each"
  },
  {
    "Brand_Product_Size": "Darikay Beef And Barley Soup 550g",
    "COL Price": 6.5,
    "COL ppu": "$1.18 per 100G",
    "COL Size": "550g"
  },
  {
    "Brand_Product_Size": "Drumstick Choc Tip Honey Macadamia 4 pack 476mL",
    "COL Price": 5,
    "COL ppu": "$1.05 per 100mL",
    "COL Size": "476mL"
  },
  {
    "Brand_Product_Size": "Tamar Valley No Added Sugar Low Fat Passionfruit Greek Style Yoghurt 700g",
    "COL Price": 6.4,
    "COL ppu": "$0.91 per 100G",
    "COL Size": "700g"
  },
  {
    "Brand_Product_Size": "Tip Top Spicy Fruit English Muffins 6 pack",
    "COL Price": 2.5,
    "COL ppu": "$0.42 per 1Ea",
    "COL Size": "6 pack"
  },
  {
    "Brand_Product_Size": "Coles Finest Traditional Lavosh With Sea Salt 100g",
    "COL Price": 5,
    "COL ppu": "$5.00 per 100G",
    "COL Size": "100g"
  },
  {
    "Brand_Product_Size": "Coles Milk Chocolate Coated Caramelised Popcorn Bites 120g",
    "COL Price": 3.5,
    "COL ppu": "$2.92 per 100G",
    "COL Size": "120g"
  },
  {
    "Brand_Product_Size": "Kellogg's Special K Mango Smoothie Blend Protein Drink With Real Fruit 140g",
    "COL Price": 2,
    "COL ppu": "$1.43 per 100G",
    "COL Size": "140g"
  },
  {
    "Brand_Product_Size": "Pantene 3mm Conditioner Repair & Protect 180mL",
    "COL Price": 8,
    "COL ppu": "$4.44 per 100mL",
    "COL Size": "180mL"
  },
  {
    "Brand_Product_Size": "Only Organic Banana Vanilla & Greek Yoghurt Brekkie 100g",
    "COL Price": 2.7,
    "COL ppu": "$2.70 per 100G",
    "COL Size": "100g"
  },
  {
    "Brand_Product_Size": "Cottee's Breakfast Marmalade 500g",
    "COL Price": 2.8,
    "COL ppu": "$0.56 per 100G",
    "COL Size": "500g"
  },
  {
    "Brand_Product_Size": "Scunci No Slip Grip Octopus Clips 2 pack",
    "COL Price": 9,
    "COL ppu": "$4.50 per 1Ea",
    "COL Size": "2 pack"
  },
  {
    "Brand_Product_Size": "Berocca Original Berry Flavour Energy Vitamin 75 Effervescent Tablets 1 pack",
    "COL Price": 34,
    "COL ppu": "$34.00 per 1Ea",
    "COL Size": "1 pack"
  },
  {
    "Brand_Product_Size": "Coles Seafood Salmon Lemon & Herb approx. 250g",
    "COL Price": 8.25,
    "COL ppu": "$33.00 per 1Kg",
    "COL Size": "approx. 250g"
  },
  {
    "Brand_Product_Size": "Telstra Oppo A53s each",
    "COL Price": 229,
    "COL ppu": "$229.00 per 1Ea",
    "COL Size": "each"
  },
  {
    "Brand_Product_Size": "Maggi 2 Minute Noodles Beef Cup 4 Pack 232g",
    "COL Price": 5,
    "COL ppu": "$2.16 per 100G",
    "COL Size": "232g"
  },
  {
    "Brand_Product_Size": "Haribo Goldbears 150g",
    "COL Price": 2.4,
    "COL ppu": "$1.60 per 100G",
    "COL Size": "150g"
  },
  {
    "Brand_Product_Size": "V.I.P. Natures Goodness Grain Free Chicken & Duck With Garden Vegetables Dog Food 700g",
    "COL Price": 2.25,
    "COL ppu": "$0.32 per 100G",
    "COL Size": "700g"
  },
  {
    "Brand_Product_Size": "Hoyts Giardiniera Pickled 750g",
    "COL Price": 3,
    "COL ppu": "$4.00 per 1Kg",
    "COL Size": "750g"
  },
  {
    "Brand_Product_Size": "Oc Naturals Dry Moisture Conditioner 400mL",
    "COL Price": 3.5,
    "COL ppu": "$0.88 per 100mL",
    "COL Size": "400mL"
  },
  {
    "Brand_Product_Size": "Sheese Creamy Spring Onion & Cracked Pepper 255g",
    "COL Price": 6,
    "COL ppu": "$23.53 per 1Kg",
    "COL Size": "255g"
  },
  {
    "Brand_Product_Size": "Quit Nits Treat Once To Kill Lice & Eggs 200mL",
    "COL Price": 20,
    "COL ppu": "$10.00 per 100mL",
    "COL Size": "200mL"
  },
  {
    "Brand_Product_Size": "Betty Crocker Triple Chocolate Muffin Mix 500g",
    "COL Price": 5.2,
    "COL ppu": "$1.04 per 100G",
    "COL Size": "500g"
  },
  {
    "Brand_Product_Size": "Fever-Tree Lemon Tonic WaterMultipack 4x200mL 4 pack",
    "COL Price": 6,
    "COL ppu": "",
    "COL Size": "4 pack"
  },
  {
    "Brand_Product_Size": "Bulla Crunch Multi Flavoured Ice Cream Sticks 8 pack 631mL",
    "COL Price": 7,
    "COL ppu": "$1.11 per 100mL",
    "COL Size": "631mL"
  },
  {
    "Brand_Product_Size": "Mckenzie's Gluten Free Baking Powder 300g",
    "COL Price": 5,
    "COL ppu": "$1.67 per 100G",
    "COL Size": "300g"
  },
  {
    "Brand_Product_Size": "Cook & Dine White Paper Cups 400mL 20 pack",
    "COL Price": 3.15,
    "COL ppu": "$0.16 per 1Ea",
    "COL Size": "20 pack"
  },
  {
    "Brand_Product_Size": "Lee Kum Kee Cantonese Beef Stir Fry Sauce Pouch 100g",
    "COL Price": 2.2,
    "COL ppu": "$2.20 per 100G",
    "COL Size": "100g"
  },
  {
    "Brand_Product_Size": "Mildura Orange Fruit Juice Chilled 3L",
    "COL Price": 4.91,
    "COL ppu": "$1.64 per 1L",
    "COL Size": "3L"
  },
  {
    "Brand_Product_Size": "Loacker Gardena Fingers Chocolate 125g",
    "COL Price": 2.5,
    "COL ppu": "$2.00 per 100G",
    "COL Size": "125g"
  },
  {
    "Brand_Product_Size": "Vegemite Spread 150g",
    "COL Price": 3.5,
    "COL ppu": "$2.33 per 100G",
    "COL Size": "150g"
  },
  {
    "Brand_Product_Size": "Revlon Colorstay Pressed Powder Medium 8.4g",
    "COL Price": 35,
    "COL ppu": "$41.67 per 10G",
    "COL Size": "8.4g"
  },
  {
    "Brand_Product_Size": "Coles Deli Tarago Shadows Of Blue Cheese approx. 100g",
    "COL Price": 7.1,
    "COL ppu": "$71.00 per 1Kg",
    "COL Size": "approx. 100g"
  },
  {
    "Brand_Product_Size": "Moccona Classic Medium Roast Instant Coffee 400g",
    "COL Price": 16,
    "COL ppu": "$4.00 per 100G",
    "COL Size": "400g"
  },
  {
    "Brand_Product_Size": "Elmer's Glassy Clear Premade Slime 147mL",
    "COL Price": 5.6,
    "COL ppu": "$3.81 per 100G",
    "COL Size": "147mL"
  },
  {
    "Brand_Product_Size": "Ben & Jerry's Half Baked Ice Cream Tub 458mL",
    "COL Price": 8,
    "COL ppu": "$1.75 per 100mL",
    "COL Size": "458mL"
  },
  {
    "Brand_Product_Size": "Energizer Cable USB-C 2.0 2M Black 1 pack",
    "COL Price": 25,
    "COL ppu": "$25.00 per 1Ea",
    "COL Size": "1 pack"
  },
  {
    "Brand_Product_Size": "Cleaver's Beef Scotch Steak Free Range Organic 1 Piece approx. 400g pack",
    "COL Price": 19.6,
    "COL ppu": "$49.00 per 1Kg",
    "COL Size": "approx. 400g pack"
  },
  {
    "Brand_Product_Size": "Air Wick Vanilla & Soft Cashmere Essential Oils 21mL",
    "COL Price": 11,
    "COL ppu": "$5.24 per 10mL",
    "COL Size": "21mL"
  },
  {
    "Brand_Product_Size": "Garofalo Penne Ziti Rigate Pasta 500g",
    "COL Price": 2.2,
    "COL ppu": "$0.44 per 100G",
    "COL Size": "500g"
  },
  {
    "Brand_Product_Size": "Coles Pork Slow Cook Scotch Roast approx. 1kg each",
    "COL Price": 12,
    "COL ppu": "$12.00 per 1Kg",
    "COL Size": "approx. 1kg each"
  },
  {
    "Brand_Product_Size": "Yakult Fermented Probiotic Milk 5 pack 65mL",
    "COL Price": 4,
    "COL ppu": "$12.31 per 1L",
    "COL Size": "65mL"
  },
  {
    "Brand_Product_Size": "Coles Kitchen Rich Beef Pie 360g",
    "COL Price": 8.5,
    "COL ppu": "$2.36 per 100G",
    "COL Size": "360g"
  },
  {
    "Brand_Product_Size": "Korbond White Poly Thread 160m each",
    "COL Price": 2.4,
    "COL ppu": "$2.40 per 1ea",
    "COL Size": "each"
  },
  {
    "Brand_Product_Size": "Organic Choice Dish + Hand Tangerine Chamomile 1L",
    "COL Price": 9.5,
    "COL ppu": "$9.50 per 1L",
    "COL Size": "1L"
  },
  {
    "Brand_Product_Size": "Heinz Soup Of The Day Pea & Ham Soup Pouch 430g",
    "COL Price": 3,
    "COL ppu": "$0.70 per 100G",
    "COL Size": "430g"
  },
  {
    "Brand_Product_Size": "Uncle Tobys Oats Quick Sachets Breakfast Cereal Banana Honey Big Bowl 368g",
    "COL Price": 2.5,
    "COL ppu": "$0.68 per 100G",
    "COL Size": "368g"
  },
  {
    "Brand_Product_Size": "Purina Dentalife Dog Treat Chews Large 18 pack",
    "COL Price": 9,
    "COL ppu": "$0.50 per 1Ea",
    "COL Size": "18 pack"
  },
  {
    "Brand_Product_Size": "Arnott's Original Cruskits 125g",
    "COL Price": 3.5,
    "COL ppu": "$2.80 per 100G",
    "COL Size": "125g"
  },
  {
    "Brand_Product_Size": "Colgate Triple Action Anti Cavity Toothpaste 110g",
    "COL Price": 2.5,
    "COL ppu": "$2.27 per 100G",
    "COL Size": "110g"
  },
  {
    "Brand_Product_Size": "Coles Radish 1 bunch",
    "COL Price": 3.5,
    "COL ppu": "$3.50 per 1Ea",
    "COL Size": "1 bunch"
  },
  {
    "Brand_Product_Size": "Casalingo Heritage Ham approx. 125g",
    "COL Price": 4.375,
    "COL ppu": "$35.00 per 1Kg",
    "COL Size": "approx. 125g"
  },
  {
    "Brand_Product_Size": "McVities Penguins Multipack Orange Chocolate Biscuits 147g",
    "COL Price": 2.8,
    "COL ppu": "$1.90 per 100G",
    "COL Size": "147g"
  },
  {
    "Brand_Product_Size": "Tutto Pasta Gluten Free Lasagna Bolognese 350g",
    "COL Price": 4,
    "COL ppu": "$1.14 per 100G",
    "COL Size": "350g"
  },
  {
    "Brand_Product_Size": "Heat Beads Original BBQ Briquettes 4kg",
    "COL Price": 9.95,
    "COL ppu": "$2.49 per 1Kg",
    "COL Size": "4kg"
  },
  {
    "Brand_Product_Size": "Fry's Frozen Mediterranean Wood Fired Pizza 405g",
    "COL Price": 4.5,
    "COL ppu": "$1.11 per 100G",
    "COL Size": "405g"
  },
  {
    "Brand_Product_Size": "Queen Natural Vanilla Concentrated Extract 50mL",
    "COL Price": 7.4,
    "COL ppu": "$1.48 per 10mL",
    "COL Size": "50mL"
  },
  {
    "Brand_Product_Size": "Barilla Bolognese Pasta Sauce 400g",
    "COL Price": 3.75,
    "COL ppu": "$0.94 per 100G",
    "COL Size": "400g"
  },
  {
    "Brand_Product_Size": "Coles Ground Paprika 39g",
    "COL Price": 2.05,
    "COL ppu": "$0.53 per 10G",
    "COL Size": "39g"
  },
  {
    "Brand_Product_Size": "Coles Peach in Mango Flavoured Jelly 500g",
    "COL Price": 2.2,
    "COL ppu": "$4.40 per 1Kg",
    "COL Size": "500g"
  },
  {
    "Brand_Product_Size": "Listerine Smart Rinse Berry Shield Mouthwash 500mL",
    "COL Price": 7,
    "COL ppu": "$1.40 per 100mL",
    "COL Size": "500mL"
  },
  {
    "Brand_Product_Size": "Primo DX Cocktail Frankfurt 1 kg",
    "COL Price": 6.5,
    "COL ppu": "$6.50 per 1Kg",
    "COL Size": "1 kg"
  },
  {
    "Brand_Product_Size": "Twinings Herbal Infusions Live Well Glow 18 pack",
    "COL Price": 6.5,
    "COL ppu": "$0.36 per 1Ea",
    "COL Size": "18 pack"
  },
  {
    "Brand_Product_Size": "Wild Tides Lemon And Pepper Tuna 95g",
    "COL Price": 1,
    "COL ppu": "$10.53 per 1Kg",
    "COL Size": "95g"
  },
  {
    "Brand_Product_Size": "Garnier Fructis Protecting Goji Hair Food 390mL",
    "COL Price": 6,
    "COL ppu": "$1.54 per 100mL",
    "COL Size": "390mL"
  },
  {
    "Brand_Product_Size": "Serious Organic Frozen Mango 250g",
    "COL Price": 6,
    "COL ppu": "$2.40 per 100G",
    "COL Size": "250g"
  },
  {
    "Brand_Product_Size": "Purr Cat Treat Cat Treat Tuna Loin 30g",
    "COL Price": 2,
    "COL ppu": "$6.67 per 100G",
    "COL Size": "30g"
  },
  {
    "Brand_Product_Size": "Primo Smoked Sliced Turkey 80g",
    "COL Price": 3.25,
    "COL ppu": "$40.63 per 1Kg",
    "COL Size": "80g"
  },
  {
    "Brand_Product_Size": "Coles Mixed Dried Fruit 375g",
    "COL Price": 2.3,
    "COL ppu": "$6.13 per 1Kg",
    "COL Size": "375g"
  },
  {
    "Brand_Product_Size": "Microprotect Hand Sanitiser Gel 1L",
    "COL Price": 15,
    "COL ppu": "$15.00 per 1L",
    "COL Size": "1L"
  },
  {
    "Brand_Product_Size": "Banana Boat After Sun Aloe Vera Spray 250mL",
    "COL Price": 8.2,
    "COL ppu": "$3.28 per 100mL",
    "COL Size": "250mL"
  },
  {
    "Brand_Product_Size": "Coles Lamb Shanks With Red Wine Sauce Made Easy Slow Cooked 900g",
    "COL Price": 15,
    "COL ppu": "$16.67 per 1Kg",
    "COL Size": "900g"
  },
  {
    "Brand_Product_Size": "Chickadees Chicken 190g",
    "COL Price": 3,
    "COL ppu": "$3.00 per 100G",
    "COL Size": "190g"
  },
  {
    "Brand_Product_Size": "Tayto Cheese & Onion Crisps 45 gram",
    "COL Price": 2.25,
    "COL ppu": "",
    "COL Size": "45 gram"
  },
  {
    "Brand_Product_Size": "Akta Vite Chocolate Drink 375g",
    "COL Price": 5.95,
    "COL ppu": "$1.59 per 100G",
    "COL Size": "375g"
  },
  {
    "Brand_Product_Size": "Liddells Lactose Free Vanilla Bean Yoghurt Pouch 140g",
    "COL Price": 1.5,
    "COL ppu": "$1.07 per 100G",
    "COL Size": "140g"
  },
  {
    "Brand_Product_Size": "La Espanola Olive Oil Light & Mild 4L",
    "COL Price": 27,
    "COL ppu": "$0.68 per 100mL",
    "COL Size": "4L"
  },
  {
    "Brand_Product_Size": "Katzy's Kosher Frozen Sausage Roll 425g",
    "COL Price": 10.39,
    "COL ppu": "$2.44 per 100G",
    "COL Size": "425g"
  },
  {
    "Brand_Product_Size": "Crazy Dragon Frozen Prawn Dumplings 1kg",
    "COL Price": 15,
    "COL ppu": "$1.50 per 100G",
    "COL Size": "1kg"
  },
  {
    "Brand_Product_Size": "Caredent Biobrush 1 pack",
    "COL Price": 5,
    "COL ppu": "$5.00 per 1Ea",
    "COL Size": "1 pack"
  },
  {
    "Brand_Product_Size": "Coles Tasty Shredded Cheddar Cheese 700g",
    "COL Price": 6.6,
    "COL ppu": "$9.43 per 1Kg",
    "COL Size": "700g"
  },
  {
    "Brand_Product_Size": "Abes Bagels Multigrain 4 Pack 360g",
    "COL Price": 5,
    "COL ppu": "$1.39 per 100G",
    "COL Size": "360g"
  },
  {
    "Brand_Product_Size": "Only Organic Carrots Red Lentils & Cheddar Baby Food Pouch 8+ Months 120g",
    "COL Price": 2,
    "COL ppu": "$1.67 per 100G",
    "COL Size": "120g"
  },
  {
    "Brand_Product_Size": "Neutrogena Ultra Sheer Clear Face Sunscreen 50+ 88mL",
    "COL Price": 16,
    "COL ppu": "$18.18 per 100mL",
    "COL Size": "88mL"
  },
  {
    "Brand_Product_Size": "Mother's Day Scented Candle each",
    "COL Price": 8,
    "COL ppu": "$8.00 per 1Ea",
    "COL Size": "each"
  },
  {
    "Brand_Product_Size": "Coles Deli Bulk Coleslaw each",
    "COL Price": 12,
    "COL ppu": "$12.00 per 1Ea",
    "COL Size": "each"
  },
  {
    "Brand_Product_Size": "Coles Compost Pet Tidy Bags 40 pack",
    "COL Price": 2,
    "COL ppu": "$0.05 per 1Ea",
    "COL Size": "40 pack"
  },
  {
    "Brand_Product_Size": "L'OR Espresso Origins Variety Pack Capsules 40 pack",
    "COL Price": 18,
    "COL ppu": "$0.45 per 1Ea",
    "COL Size": "40 pack"
  },
  {
    "Brand_Product_Size": "Pace Farm Eco Organic Free Range Large Eggs 6 pack 300g",
    "COL Price": 5.65,
    "COL ppu": "$1.88 per 100G",
    "COL Size": "300g"
  },
  {
    "Brand_Product_Size": "Louisiana Gumbo Rice Mix 100g",
    "COL Price": 7,
    "COL ppu": "$0.07 per 1G",
    "COL Size": "100g"
  },
  {
    "Brand_Product_Size": "Unicorn Classic Camembert 125g",
    "COL Price": 3.5,
    "COL ppu": "$28.00 per 1Kg",
    "COL Size": "125g"
  },
  {
    "Brand_Product_Size": "Covergirl Trueblend Concealer Classic Ivory 10mL",
    "COL Price": 16,
    "COL ppu": "$16.00 per 10mL",
    "COL Size": "10mL"
  },
  {
    "Brand_Product_Size": "5 Gum Blueberry Chewing Gum Stick 32g",
    "COL Price": 1.85,
    "COL ppu": "$5.78 per 100G",
    "COL Size": "32g"
  },
  {
    "Brand_Product_Size": "India Gate Exotic Basmati Rice 5kg",
    "COL Price": 20,
    "COL ppu": "$4.00 per 1Kg",
    "COL Size": "5kg"
  },
  {
    "Brand_Product_Size": "Vaalia French Vanilla Low Fat Yoghurt 900g",
    "COL Price": 5.8,
    "COL ppu": "$0.64 per 100G",
    "COL Size": "900g"
  },
  {
    "Brand_Product_Size": "John West Smoked Oysters In Oil 85g",
    "COL Price": 2.75,
    "COL ppu": "$32.35 per 1Kg",
    "COL Size": "85g"
  },
  {
    "Brand_Product_Size": "Streets Paddle Pop Icy Blast Minions Pineapple 520mL",
    "COL Price": 7,
    "COL ppu": "$1.35 per 100mL",
    "COL Size": "520mL"
  },
  {
    "Brand_Product_Size": "Munchme Pumpkin Seed 120g",
    "COL Price": 4.4,
    "COL ppu": "$3.67 per 100G",
    "COL Size": "120g"
  },
  {
    "Brand_Product_Size": "Coles Chest Rub Ointment 100g",
    "COL Price": 2.3,
    "COL ppu": "$2.30 per 100G",
    "COL Size": "100g"
  },
  {
    "Brand_Product_Size": "Ferrero Raffaello Gift Box 15 pack 150g",
    "COL Price": 6,
    "COL ppu": "$4.00 per 100G",
    "COL Size": "150g"
  },
  {
    "Brand_Product_Size": "King Oscar Skinless & Boneless Mackerel Fillets Mediterranean Style 115g",
    "COL Price": 3.3,
    "COL ppu": "$28.70 per 1Kg",
    "COL Size": "115g"
  },
  {
    "Brand_Product_Size": "Coles Butcher Lamb Loin Chops approx. 402g",
    "COL Price": 10.854,
    "COL ppu": "$27.00 per 1Kg",
    "COL Size": "approx. 402g"
  },
  {
    "Brand_Product_Size": "Fab Natural Elements Laundry Powder 1.8kg",
    "COL Price": 7,
    "COL ppu": "$3.89 per 1Kg",
    "COL Size": "1.8kg"
  },
  {
    "Brand_Product_Size": "Schwarzkopf Black Hair Mascara 1 pack",
    "COL Price": 22,
    "COL ppu": "$22.00 per 1Ea",
    "COL Size": "1 pack"
  },
  {
    "Brand_Product_Size": "Cool Pak Original Popcorn 16 Pack 208g",
    "COL Price": 4,
    "COL ppu": "$1.92 per 100G",
    "COL Size": "208g"
  },
  {
    "Brand_Product_Size": "Coles Asparagus Spears 425g",
    "COL Price": 2.5,
    "COL ppu": "$5.88 per 1Kg",
    "COL Size": "425g"
  },
  {
    "Brand_Product_Size": "Nice & Natural Probiotic Cranberry & Coconut Oat Bars 175g",
    "COL Price": 6,
    "COL ppu": "$3.43 per 100G",
    "COL Size": "175g"
  },
  {
    "Brand_Product_Size": "White King Lemon Bleach Tablets 40 Pack 160g",
    "COL Price": 5.4,
    "COL ppu": "$33.75 per 1Kg",
    "COL Size": "160g"
  },
  {
    "Brand_Product_Size": "Sharwood's Green Label Mango & Ginger Chutney 354g",
    "COL Price": 5.65,
    "COL ppu": "$1.60 per 100G",
    "COL Size": "354g"
  },
  {
    "Brand_Product_Size": "Health Lab Choc Mint Miracle Dessert Ball 30g",
    "COL Price": 3,
    "COL ppu": "$10.00 per 100G",
    "COL Size": "30g"
  },
  {
    "Brand_Product_Size": "Tempo Shredded Mozzarella Cheese 250g",
    "COL Price": 6.6,
    "COL ppu": "$26.40 per 1Kg",
    "COL Size": "250g"
  },
  {
    "Brand_Product_Size": "Coles Fresh Seafood Blue Mussels 1kg",
    "COL Price": 9,
    "COL ppu": "$9.00 per 1Kg",
    "COL Size": "1kg"
  },
  {
    "Brand_Product_Size": "Coles Nature's Kitchen Curried Pumpkin & Corn Burger 250g",
    "COL Price": 3.5,
    "COL ppu": "$1.40 per 100G",
    "COL Size": "250g"
  },
  {
    "Brand_Product_Size": "Lindt Excellence Chocolate Raspberry Intense 100g",
    "COL Price": 4.5,
    "COL ppu": "$4.50 per 100G",
    "COL Size": "100g"
  },
  {
    "Brand_Product_Size": "Pepsi Caffeine Free Diet Cola 1.25L",
    "COL Price": 1.3,
    "COL ppu": "$1.04 per 1L",
    "COL Size": "1.25L"
  },
  {
    "Brand_Product_Size": "Thankyou Collaboration Hand Wash 500mL",
    "COL Price": 5.95,
    "COL ppu": "$1.19 per 100mL",
    "COL Size": "500mL"
  },
  {
    "Brand_Product_Size": "Delicias Quince Paste 240g",
    "COL Price": 10,
    "COL ppu": "$4.17 per 100G",
    "COL Size": "240g"
  },
  {
    "Brand_Product_Size": "Duru Koftelik Fine Yellow Bulgar 1kg",
    "COL Price": 2.4,
    "COL ppu": "$2.40 per 1Kg",
    "COL Size": "1kg"
  },
  {
    "Brand_Product_Size": "Earth Choice All in One Original Dishwasher Tablets 42 pack",
    "COL Price": 16.2,
    "COL ppu": "$0.39 per 1Ea",
    "COL Size": "42 pack"
  },
  {
    "Brand_Product_Size": "Thursday Plantation Tea Tree Deodorant 60mL",
    "COL Price": 5.4,
    "COL ppu": "$9.00 per 100mL",
    "COL Size": "60mL"
  },
  {
    "Brand_Product_Size": "Pro:Voke Touch Of Silver Brightening Shampoo 500mL",
    "COL Price": 20,
    "COL ppu": "$4.00 per 100mL",
    "COL Size": "500mL"
  },
  {
    "Brand_Product_Size": "Coles Brown Rice 1kg",
    "COL Price": 2.5,
    "COL ppu": "$0.25 per 100G",
    "COL Size": "1kg"
  },
  {
    "Brand_Product_Size": "Helga's Gluten Free White Bread Slices 470g",
    "COL Price": 7,
    "COL ppu": "$1.49 per 100G",
    "COL Size": "470g"
  },
  {
    "Brand_Product_Size": "Coles Apple Juice Multipack 250mL 6 pack",
    "COL Price": 2.9,
    "COL ppu": "$1.93 per 1L",
    "COL Size": "6 pack"
  },
  {
    "Brand_Product_Size": "Oak Vanilla Malt Flavoured Milk 300mL",
    "COL Price": 2.1,
    "COL ppu": "$7.00 per 1L",
    "COL Size": "300mL"
  },
  {
    "Brand_Product_Size": "Higher Living Organic Sweet Dreams Tea Bags 15 pack 26g",
    "COL Price": 2.95,
    "COL ppu": "$0.20 per 1Ea",
    "COL Size": "26g"
  },
  {
    "Brand_Product_Size": "Tofutti American Flavoured Dairy Cheese Slices 227g",
    "COL Price": 4.5,
    "COL ppu": "$19.82 per 1Kg",
    "COL Size": "227g"
  },
  {
    "Brand_Product_Size": "Cadbury Dairy Milk Indulge With Crispy Mint Creme Family Block 175g",
    "COL Price": 5,
    "COL ppu": "$2.86 per 100G",
    "COL Size": "175g"
  },
  {
    "Brand_Product_Size": "Steradent Active Plus Denture Cleaner Tablets 48 pack",
    "COL Price": 8.5,
    "COL ppu": "$0.18 per 1Ea",
    "COL Size": "48 pack"
  },
  {
    "Brand_Product_Size": "Coles Bake & Create White Patty Pans 100 pack",
    "COL Price": 3.5,
    "COL ppu": "$0.04 per 1Ea",
    "COL Size": "100 pack"
  },
  {
    "Brand_Product_Size": "OC Naturals Normal Balance Shampoo 400mL",
    "COL Price": 3.5,
    "COL ppu": "$0.88 per 100mL",
    "COL Size": "400mL"
  },
  {
    "Brand_Product_Size": "Toolworx Paint Brush 2 pack",
    "COL Price": 8.25,
    "COL ppu": "$4.13 per 1Ea",
    "COL Size": "2 pack"
  },
  {
    "Brand_Product_Size": "Coles Natural Cashews 350g",
    "COL Price": 7.5,
    "COL ppu": "$2.14 per 100G",
    "COL Size": "350g"
  },
  {
    "Brand_Product_Size": "Poise Extra Plus Value Pack Pads 20 pack",
    "COL Price": 10,
    "COL ppu": "$0.50 per 1Ea",
    "COL Size": "20 pack"
  },
  {
    "Brand_Product_Size": "Coles Gold  Party Candles 16 pack",
    "COL Price": 3,
    "COL ppu": "$0.19 per 1Ea",
    "COL Size": "16 pack"
  },
  {
    "Brand_Product_Size": "Razzamatazz Value Anklet Socks Tan 2 pack",
    "COL Price": 3,
    "COL ppu": "",
    "COL Size": "2 pack"
  },
  {
    "Brand_Product_Size": "Just For Men Shampoo-In Hair Colour Rich Black 100g",
    "COL Price": 13.5,
    "COL ppu": "$13.50 per 100G",
    "COL Size": "100g"
  },
  {
    "Brand_Product_Size": "Red Bull Energy Drink Multipack 473mL 4 pack",
    "COL Price": 16.3,
    "COL ppu": "$8.62 per 1L",
    "COL Size": "4 pack"
  },
  {
    "Brand_Product_Size": "Easiyo Black Yoghurt Maker each",
    "COL Price": 25,
    "COL ppu": "$25.00 per 1Ea",
    "COL Size": "each"
  },
  {
    "Brand_Product_Size": "Golden Days Bites Apricot Multi 200g",
    "COL Price": 4.5,
    "COL ppu": "$2.25 per 100G",
    "COL Size": "200g"
  },
  {
    "Brand_Product_Size": "Streets Magnum Classic Ice Cream Tub 440mL",
    "COL Price": 9,
    "COL ppu": "$2.05 per 100mL",
    "COL Size": "440mL"
  },
  {
    "Brand_Product_Size": "McCain Frozen Sweet Potato Chips 750g",
    "COL Price": 5.5,
    "COL ppu": "$7.33 per 1Kg",
    "COL Size": "750g"
  },
  {
    "Brand_Product_Size": "Tu Bao Zi Flaky Scallion Pancake 480g",
    "COL Price": 4.8,
    "COL ppu": "$1.00 per 100G",
    "COL Size": "480g"
  },
  {
    "Brand_Product_Size": "Coles Dip Corn Relish 200g",
    "COL Price": 1.9,
    "COL ppu": "$0.95 per 100G",
    "COL Size": "200g"
  },
  {
    "Brand_Product_Size": "Dr. Oetker Frozen Ristorante Hawaii Pizza 355g",
    "COL Price": 7.9,
    "COL ppu": "$2.23 per 100G",
    "COL Size": "355g"
  },
  {
    "Brand_Product_Size": "Rafferty's Garden Summer Fruits & Quinoa 6M+ 120g",
    "COL Price": 1.9,
    "COL ppu": "$1.58 per 100G",
    "COL Size": "120g"
  },
  {
    "Brand_Product_Size": "Coles Hot Smoked Salmon Natural 150g",
    "COL Price": 7,
    "COL ppu": "$46.67 per 1Kg",
    "COL Size": "150g"
  },
  {
    "Brand_Product_Size": "Kellogg's K-Time Baked Twists Raspberry & Apple Flavour Filled Snack Bars 5 pack 185g",
    "COL Price": 4,
    "COL ppu": "$2.16 per 100G",
    "COL Size": "185g"
  },
  {
    "Brand_Product_Size": "Coles Macaroni Cheese 350g",
    "COL Price": 3.8,
    "COL ppu": "$1.09 per 100G",
    "COL Size": "350g"
  },
  {
    "Brand_Product_Size": "Rexona Women Clinical Protection Antiperspirant Deodorant Summer Strength 45mL",
    "COL Price": 13,
    "COL ppu": "$28.89 per 100mL",
    "COL Size": "45mL"
  },
  {
    "Brand_Product_Size": "Anusol Suppositories 12 pack",
    "COL Price": 8,
    "COL ppu": "$0.67 per 1Ea",
    "COL Size": "12 pack"
  },
  {
    "Brand_Product_Size": "Hydro Sense Sensitive Shave Gel 198g",
    "COL Price": 3,
    "COL ppu": "$1.52 per 100G",
    "COL Size": "198g"
  },
  {
    "Brand_Product_Size": "Arnott's Classic Assorted Biscuits 500g",
    "COL Price": 4.5,
    "COL ppu": "$0.90 per 100G",
    "COL Size": "500g"
  },
  {
    "Brand_Product_Size": "Riverina Haloumi 180g",
    "COL Price": 6,
    "COL ppu": "$33.34 per 1Kg",
    "COL Size": "180g"
  },
  {
    "Brand_Product_Size": "Coles Hot Smoked Salmon Pepper 150g",
    "COL Price": 7,
    "COL ppu": "$46.67 per 1Kg",
    "COL Size": "150g"
  },
  {
    "Brand_Product_Size": "Luca Cypress & Patchouli Hand Wash 500mL",
    "COL Price": 5,
    "COL ppu": "$1.00 per 100mL",
    "COL Size": "500mL"
  },
  {
    "Brand_Product_Size": "Fowlers Vacola Jamsetta with Pectin 50g",
    "COL Price": 1.85,
    "COL ppu": "$3.70 per 100G",
    "COL Size": "50g"
  },
  {
    "Brand_Product_Size": "D'Orsogna Traditional Pepperoni Sticks 150g",
    "COL Price": 6.6,
    "COL ppu": "$44.00 per 1Kg",
    "COL Size": "150g"
  },
  {
    "Brand_Product_Size": "Steradent Denture Cleaner Extra Tablets 30 pack",
    "COL Price": 6.4,
    "COL ppu": "$0.21 per 1Ea",
    "COL Size": "30 pack"
  },
  {
    "Brand_Product_Size": "Sour Patch Kids Mega Duo's Lollies 220g",
    "COL Price": 4,
    "COL ppu": "$1.82 per 100G",
    "COL Size": "220g"
  },
  {
    "Brand_Product_Size": "Coles Choc Coated Ice Creams 10 Pack 865mL",
    "COL Price": 3,
    "COL ppu": "$0.35 per 100mL",
    "COL Size": "865mL"
  },
  {
    "Brand_Product_Size": "Philadelphia Light Cream Cheese Block 250g",
    "COL Price": 4.7,
    "COL ppu": "$18.80 per 1Kg",
    "COL Size": "250g"
  },
  {
    "Brand_Product_Size": "Health Lab Kids Bliss Bites Choc Chip 150g",
    "COL Price": 6.5,
    "COL ppu": "$4.33 per 100G",
    "COL Size": "150g"
  },
  {
    "Brand_Product_Size": "Sunrice Japanese Style Sushi Rice 750g",
    "COL Price": 3.5,
    "COL ppu": "$0.47 per 100G",
    "COL Size": "750g"
  },
  {
    "Brand_Product_Size": "Dolmio Slow Cooker Sauce Chicken Cacciatore 500g",
    "COL Price": 3.7,
    "COL ppu": "$0.74 per 100G",
    "COL Size": "500g"
  },
  {
    "Brand_Product_Size": "Coles Natures Kitchen Butter Tofu Vegetable Curry 350g",
    "COL Price": 7,
    "COL ppu": "$2.00 per 100G",
    "COL Size": "350g"
  },
  {
    "Brand_Product_Size": "Cancer Council Active Dry Touch Sunscreen Spray 200mL",
    "COL Price": 16.5,
    "COL ppu": "$8.25 per 100mL",
    "COL Size": "200mL"
  },
  {
    "Brand_Product_Size": "Hanabi Roasted Eel 178g",
    "COL Price": 11.5,
    "COL ppu": "$6.46 per 100G",
    "COL Size": "178g"
  },
  {
    "Brand_Product_Size": "Mount Franklin Pure Spring Water 500mL 20 pack",
    "COL Price": 9.2,
    "COL ppu": "$0.92 per 1L",
    "COL Size": "20 pack"
  },
  {
    "Brand_Product_Size": "Coles Nature's Kitchen Vegetable Spring Rolls 216g",
    "COL Price": 6,
    "COL ppu": "$2.78 per 100G",
    "COL Size": "216g"
  },
  {
    "Brand_Product_Size": "Coles Tomato Basil & Mozzerella Aranchini 160g",
    "COL Price": 5,
    "COL ppu": "$3.13 per 100G",
    "COL Size": "160g"
  },
  {
    "Brand_Product_Size": "Bref Power Active Ocean Breeze 2 Pack 100g",
    "COL Price": 7,
    "COL ppu": "$7.00 per 100G",
    "COL Size": "100g"
  },
  {
    "Brand_Product_Size": "Unger's Kishke 454g",
    "COL Price": 7.7,
    "COL ppu": "$1.70 per 100G",
    "COL Size": "454g"
  },
  {
    "Brand_Product_Size": "Haddar Tirosh Sandwich Biscuits 175g",
    "COL Price": 3.25,
    "COL ppu": "$1.86 per 100G",
    "COL Size": "175g"
  },
  {
    "Brand_Product_Size": "McCain Frozen BBQ Chicken & Pineapple Family Pizza 500g",
    "COL Price": 5.5,
    "COL ppu": "$1.10 per 100G",
    "COL Size": "500g"
  },
  {
    "Brand_Product_Size": "Naturopathica Fat Blaster 30% Less Sugar Raspberry Ripple Shake 430g",
    "COL Price": 20,
    "COL ppu": "$4.65 per 100G",
    "COL Size": "430g"
  },
  {
    "Brand_Product_Size": "Streets Paddle Pop Cyclone Ice Cream Sticks 8 pack 688mL",
    "COL Price": 7,
    "COL ppu": "$1.02 per 100mL",
    "COL Size": "688mL"
  },
  {
    "Brand_Product_Size": "L'Oreal Re-Densifying Anti-Wrinkle Expert Cream Night 55+ 50mL",
    "COL Price": 15,
    "COL ppu": "$30.00 per 100mL",
    "COL Size": "50mL"
  },
  {
    "Brand_Product_Size": "Yo Pro Frozen Dessert Chocolate Mint 4 pack 540mL",
    "COL Price": 12,
    "COL ppu": "$2.22 per 100mL",
    "COL Size": "540mL"
  },
  {
    "Brand_Product_Size": "Just Juice Orange Juice Multipack 200mL 6 pack",
    "COL Price": 5.3,
    "COL ppu": "$0.88 per 1Ea",
    "COL Size": "6 pack"
  },
  {
    "Brand_Product_Size": "Rexona Women Antiperspirant Aerosol Deodorant Cotton Dry 250mL",
    "COL Price": 5,
    "COL ppu": "$2.00 per 100mL",
    "COL Size": "250mL"
  },
  {
    "Brand_Product_Size": "Brut Long Lasting Original Deodorant Body Spray 150g",
    "COL Price": 3.15,
    "COL ppu": "$1.29 per 100mL",
    "COL Size": "150g"
  },
  {
    "Brand_Product_Size": "Coles Pot Nail Polish Remover 75mL",
    "COL Price": 7,
    "COL ppu": "$0.93 per 10mL",
    "COL Size": "75mL"
  },
  {
    "Brand_Product_Size": "Coles English Ham Sliced 100g",
    "COL Price": 2,
    "COL ppu": "$20.00 per 1Kg",
    "COL Size": "100g"
  },
  {
    "Brand_Product_Size": "Mars Chocolate Bar 53g",
    "COL Price": 2,
    "COL ppu": "$3.77 per 100G",
    "COL Size": "53g"
  },
  {
    "Brand_Product_Size": "T2 Lemongrass & Ginger Herbal Tea Bags 25 Pack 50g",
    "COL Price": 14,
    "COL ppu": "$28.00 per 100G",
    "COL Size": "50g"
  },
  {
    "Brand_Product_Size": "Coles Organic Sweet Corn 3 pack",
    "COL Price": 7.5,
    "COL ppu": "$2.50 per 1Ea",
    "COL Size": "3 pack"
  },
  {
    "Brand_Product_Size": "Ben & Jerry's Netflix & Chill'd Pint Ice Cream 458mL",
    "COL Price": 8,
    "COL ppu": "$1.75 per 100mL",
    "COL Size": "458mL"
  },
  {
    "Brand_Product_Size": "No Vac Instant Spot & Stain Remover 290g",
    "COL Price": 6.5,
    "COL ppu": "$2.24 per 100G",
    "COL Size": "290g"
  },
  {
    "Brand_Product_Size": "Coles Kitchen Wrap Chicken Caesar 160g",
    "COL Price": 7,
    "COL ppu": "$4.38 per 100G",
    "COL Size": "160g"
  },
  {
    "Brand_Product_Size": "Purr Cat Food Meaty Selection 6 pack",
    "COL Price": 5,
    "COL ppu": "$0.83 per 1Ea",
    "COL Size": "6 pack"
  },
  {
    "Brand_Product_Size": "Coles Royal Gala Apples Loose approx. 160g each",
    "COL Price": 0.56,
    "COL ppu": "$3.50 per 1Kg",
    "COL Size": "approx. 160g each"
  },
  {
    "Brand_Product_Size": "Korbond Gilt Safety Pins Assorted Sizes 1 pack",
    "COL Price": 3.3,
    "COL ppu": "$3.30 per 1ea",
    "COL Size": "1 pack"
  },
  {
    "Brand_Product_Size": "Coles Valencia Oranges Prepacked 3kg",
    "COL Price": 8.5,
    "COL ppu": "$2.83 per 1Kg",
    "COL Size": "3kg"
  },
  {
    "Brand_Product_Size": "Nongshim Neoguri Seafood & Spicy Udon Noodle Soup 120g",
    "COL Price": 1.8,
    "COL ppu": "$1.50 per 100G",
    "COL Size": "120g"
  },
  {
    "Brand_Product_Size": "Coles Cooked & Peeled Prawns Tail Off 750g",
    "COL Price": 20,
    "COL ppu": "$26.67 per 1Kg",
    "COL Size": "750g"
  },
  {
    "Brand_Product_Size": "Queen Organic Vanilla Bean Paste 140g",
    "COL Price": 16.5,
    "COL ppu": "$11.79 per 100G",
    "COL Size": "140g"
  },
  {
    "Brand_Product_Size": "Monster Green Energy Drink Cans 500mL 4 pack",
    "COL Price": 12.5,
    "COL ppu": "$6.25 per 1L",
    "COL Size": "4 pack"
  },
  {
    "Brand_Product_Size": "Mainland Blue Vein Cheese Portions 100g",
    "COL Price": 4,
    "COL ppu": "$40.00 per 1Kg",
    "COL Size": "100g"
  },
  {
    "Brand_Product_Size": "Hanabi Frozen Prawn & Pork Shao Mai 12 Pieces 300g",
    "COL Price": 7.2,
    "COL ppu": "$2.40 per 100G",
    "COL Size": "300g"
  },
  {
    "Brand_Product_Size": "Coles Oyster Mushrooms Prepacked 150g",
    "COL Price": 5,
    "COL ppu": "$33.34 per 1Kg",
    "COL Size": "150g"
  },
  {
    "Brand_Product_Size": "Latina Fresh Veal Tortellini 375g",
    "COL Price": 4,
    "COL ppu": "$1.07 per 100G",
    "COL Size": "375g"
  },
  {
    "Brand_Product_Size": "Schwarzkopf Colour Specialist Imperial Brown 3.0 Hair Colour 1 pack",
    "COL Price": 19,
    "COL ppu": "$19.00 per 1Ea",
    "COL Size": "1 pack"
  },
  {
    "Brand_Product_Size": "Coles Made Easy Lamb Strips In Souvlaki Seasoning 500g",
    "COL Price": 13,
    "COL ppu": "$26.00 per 1Kg",
    "COL Size": "500g"
  },
  {
    "Brand_Product_Size": "Coles Multi-Purpose Domestic Cleaning Wipes 10 pack",
    "COL Price": 1,
    "COL ppu": "$0.10 per 1Ea",
    "COL Size": "10 pack"
  },
  {
    "Brand_Product_Size": "Qiushi Hot Pot Fungus Noodles 300g",
    "COL Price": 2.5,
    "COL ppu": "$0.83 per 100G",
    "COL Size": "300g"
  },
  {
    "Brand_Product_Size": "Cook & Dine Rectangle Placemats 2 pack",
    "COL Price": 4.8,
    "COL ppu": "$2.40 per 1Ea",
    "COL Size": "2 pack"
  },
  {
    "Brand_Product_Size": "Cadbury White Chocolate Baking Chips 200g",
    "COL Price": 3,
    "COL ppu": "$1.50 per 100G",
    "COL Size": "200g"
  },
  {
    "Brand_Product_Size": "Arnott's Monte Chocolate Biscuits 200g",
    "COL Price": 4,
    "COL ppu": "$2.00 per 100G",
    "COL Size": "200g"
  },
  {
    "Brand_Product_Size": "Air Wick Lavender Electric Diffuser Air Freshener Twin Refill Pack 42mL",
    "COL Price": 10,
    "COL ppu": "$2.38 per 10mL",
    "COL Size": "42mL"
  },
  {
    "Brand_Product_Size": "Abundant Earth Puffed Rice Cereal 170g",
    "COL Price": 3.5,
    "COL ppu": "$2.06 per 100G",
    "COL Size": "170g"
  },
  {
    "Brand_Product_Size": "Finish Dishwashing Tablets 60 pack",
    "COL Price": 38,
    "COL ppu": "$0.63 per 1Ea",
    "COL Size": "60 pack"
  },
  {
    "Brand_Product_Size": "MEB Foods Pockets Wholemeal Pita 250g",
    "COL Price": 2.25,
    "COL ppu": "$0.90 per 100G",
    "COL Size": "250g"
  },
  {
    "Brand_Product_Size": "Expo Fine Whiteboard Markers Assorted 8 pack",
    "COL Price": 16,
    "COL ppu": "$2.00 per 1Ea",
    "COL Size": "8 pack"
  },
  {
    "Brand_Product_Size": "Yaru Still Mineral Water 1L",
    "COL Price": 1.47,
    "COL ppu": "$1.47 per 1L",
    "COL Size": "1L"
  },
  {
    "Brand_Product_Size": "Coles Kitchen Chicken & Bacon Pasta Bake 350g",
    "COL Price": 7.5,
    "COL ppu": "$2.14 per 100G",
    "COL Size": "350g"
  },
  {
    "Brand_Product_Size": "Coles Vol Au Vent 4 Pack 108g",
    "COL Price": 4.5,
    "COL ppu": "$4.17 per 100G",
    "COL Size": "108g"
  },
  {
    "Brand_Product_Size": "Coles Frozen Mi Goreng Noodles 375g",
    "COL Price": 3,
    "COL ppu": "$0.80 per 100G",
    "COL Size": "375g"
  },
  {
    "Brand_Product_Size": "Dragon Glutinous Rice 1kg",
    "COL Price": 5,
    "COL ppu": "$5.00 per 1Kg",
    "COL Size": "1kg"
  },
  {
    "Brand_Product_Size": "Jordans Low Sugar Granola Cherry And Almond 500g",
    "COL Price": 3.5,
    "COL ppu": "$0.70 per 100G",
    "COL Size": "500g"
  },
  {
    "Brand_Product_Size": "Antonio Tomas Spanish Paella Rice 1kg",
    "COL Price": 6.35,
    "COL ppu": "$0.64 per 100G",
    "COL Size": "1kg"
  },
  {
    "Brand_Product_Size": "Gippsland Dairy Mango & Blood Orange Twist Yoghurt 160g",
    "COL Price": 2.5,
    "COL ppu": "$1.56 per 100G",
    "COL Size": "160g"
  },
  {
    "Brand_Product_Size": "Old El Paso Refried Beans Mild 435g",
    "COL Price": 3,
    "COL ppu": "$0.69 per 100G",
    "COL Size": "435g"
  },
  {
    "Brand_Product_Size": "Dine Saucy Morsels With Ocean Fish Wet Cat Food 85g Tray 7 pack",
    "COL Price": 7.5,
    "COL ppu": "$1.26 per 100G",
    "COL Size": "7 pack"
  },
  {
    "Brand_Product_Size": "Nongshim Hot Shrimp Crackers 75g",
    "COL Price": 1.75,
    "COL ppu": "$2.33 per 100G",
    "COL Size": "75g"
  },
  {
    "Brand_Product_Size": "Coles Coconut Cream 400mL",
    "COL Price": 1,
    "COL ppu": "$0.25 per 100mL",
    "COL Size": "400mL"
  },
  {
    "Brand_Product_Size": "Coles Finest By Laurent White Sourdough Rolls 3 pack",
    "COL Price": 4,
    "COL ppu": "$1.33 per 1Ea",
    "COL Size": "3 pack"
  },
  {
    "Brand_Product_Size": "Stagg Chili Southwest Style Chicken With Beans 425g",
    "COL Price": 3.2,
    "COL ppu": "$0.75 per 100G",
    "COL Size": "425g"
  },
  {
    "Brand_Product_Size": "Ben & Jerry's Topped Salted Caramel Brownie 438mL",
    "COL Price": 8,
    "COL ppu": "$1.83 per 100mL",
    "COL Size": "438mL"
  },
  {
    "Brand_Product_Size": "Anchor Brown Vinegar 1L",
    "COL Price": 1.05,
    "COL ppu": "$0.11 per 100mL",
    "COL Size": "1L"
  },
  {
    "Brand_Product_Size": "48 Hour Memorial SP Candle In Glass each",
    "COL Price": 3.35,
    "COL ppu": "$3.35 per 1Ea",
    "COL Size": "each"
  },
  {
    "Brand_Product_Size": "Coles Asian Laksa Soup Serves 2 65g",
    "COL Price": 1,
    "COL ppu": "$1.54 per 100G",
    "COL Size": "65g"
  },
  {
    "Brand_Product_Size": "Golden Circle Pine Mango Passion Cordial 2L",
    "COL Price": 3,
    "COL ppu": "$1.50 per 1L",
    "COL Size": "2L"
  },
  {
    "Brand_Product_Size": "Slow Hills RSPCA Approved Chicken Breast Fillets 550g",
    "COL Price": 13,
    "COL ppu": "$23.64 per 1Kg",
    "COL Size": "550g"
  },
  {
    "Brand_Product_Size": "Nestle Milo Chocolate Malt Powder Drink 1.32kg",
    "COL Price": 13,
    "COL ppu": "$0.98 per 100G",
    "COL Size": "1.32kg"
  },
  {
    "Brand_Product_Size": "Coles Kitchen Broccoslaw Kit 350g",
    "COL Price": 5,
    "COL ppu": "$1.43 per 100G",
    "COL Size": "350g"
  },
  {
    "Brand_Product_Size": "L'oreal Elvive Treatment Dream Lengths No Hair Cut Leave In Cream 200mL",
    "COL Price": 6,
    "COL ppu": "$3.00 per 100mL",
    "COL Size": "200mL"
  },
  {
    "Brand_Product_Size": "Bulla Murray St Vanilla Bean & Chocolate Almonds Ice cream Sticks 4 Pack 400mL",
    "COL Price": 6,
    "COL ppu": "$1.50 per 100mL",
    "COL Size": "400mL"
  },
  {
    "Brand_Product_Size": "Red Bull Sugar Free Energy Drink 250mL 8 pack",
    "COL Price": 15,
    "COL ppu": "$7.50 per 1L",
    "COL Size": "8 pack"
  },
  {
    "Brand_Product_Size": "Coles Rice Cream Vanilla 420g",
    "COL Price": 1,
    "COL ppu": "$0.24 per 100G",
    "COL Size": "420g"
  },
  {
    "Brand_Product_Size": "Mazzetti Balsamic Vinegar 1 Leaf 250mL",
    "COL Price": 3.45,
    "COL ppu": "$1.38 per 100mL",
    "COL Size": "250mL"
  },
  {
    "Brand_Product_Size": "Nongshim Kimchi Flavour Bowl Noodle Soup 86g",
    "COL Price": 2,
    "COL ppu": "$2.33 per 100G",
    "COL Size": "86g"
  },
  {
    "Brand_Product_Size": "Maggie Beer Quince Paste 100g",
    "COL Price": 6,
    "COL ppu": "$60.00 per 1Kg",
    "COL Size": "100g"
  },
  {
    "Brand_Product_Size": "Moose Head Gritty Styling Clay 100g",
    "COL Price": 9,
    "COL ppu": "$9.00 per 100G",
    "COL Size": "100g"
  },
  {
    "Brand_Product_Size": "2XP SPF 50+ Hydrate Body Sunscreen Lotion 125mL",
    "COL Price": 15,
    "COL ppu": "$12.00 per 100mL",
    "COL Size": "125mL"
  },
  {
    "Brand_Product_Size": "Lifestyles Zero Uber Thin Condoms 20 pack",
    "COL Price": 15,
    "COL ppu": "$0.75 per 1Ea",
    "COL Size": "20 pack"
  },
  {
    "Brand_Product_Size": "Coles Multipack Yoghurt 900g",
    "COL Price": 1.95,
    "COL ppu": "$0.22 per 100G",
    "COL Size": "900g"
  },
  {
    "Brand_Product_Size": "Coles Australian Apricot Halves in Juice 825g",
    "COL Price": 2.8,
    "COL ppu": "$3.39 per 1Kg",
    "COL Size": "825g"
  },
  {
    "Brand_Product_Size": "Oral B Pro 800 Cross Action Electric Toothbrush 1 pack",
    "COL Price": 50,
    "COL ppu": "$50.00 per 1Ea",
    "COL Size": "1 pack"
  },
  {
    "Brand_Product_Size": "Eskal Pickled American Style Herring 500g",
    "COL Price": 6.7,
    "COL ppu": "$13.40 per 1Kg",
    "COL Size": "500g"
  },
  {
    "Brand_Product_Size": "Coles Beef Thyme And Parsley Burgers 500g",
    "COL Price": 7.5,
    "COL ppu": "$15.00 per 1Kg",
    "COL Size": "500g"
  },
  {
    "Brand_Product_Size": "Fancy Feast Savory Centers Mixed Selection Cat Food 12 pack",
    "COL Price": 19,
    "COL ppu": "$1.86 per 100G",
    "COL Size": "12 pack"
  },
  {
    "Brand_Product_Size": "Calbee Honey Butter Potato Chips 55g",
    "COL Price": 3,
    "COL ppu": "$5.45 per 100G",
    "COL Size": "55g"
  },
  {
    "Brand_Product_Size": "Avent Air Mix Deco Soothers 0-6 Months 2 pack",
    "COL Price": 12.5,
    "COL ppu": "$6.25 per 1Ea",
    "COL Size": "2 pack"
  },
  {
    "Brand_Product_Size": "Cenovis Hello Boost Tablets 30 pack",
    "COL Price": 10,
    "COL ppu": "$0.33 per 1Ea",
    "COL Size": "30 pack"
  },
  {
    "Brand_Product_Size": "Red Rock Deli Gourmet Crackers Salt Black Pepper 130g",
    "COL Price": 4,
    "COL ppu": "$3.08 per 100G",
    "COL Size": "130g"
  },
  {
    "Brand_Product_Size": "Coles Lamb Leg Butterflied With Rosemary & Garlic Marinade approx. 1.12kg",
    "COL Price": 24,
    "COL ppu": "$20.00 per 1Kg",
    "COL Size": "approx. 1.12kg"
  },
  {
    "Brand_Product_Size": "Tom Organic Overnight Pads With Organic Cotton 8 pack",
    "COL Price": 5.4,
    "COL ppu": "$0.68 per 1Ea",
    "COL Size": "8 pack"
  },
  {
    "Brand_Product_Size": "Coles Baked Beans In BBQ Sauce 425g",
    "COL Price": 0.9,
    "COL ppu": "$0.21 per 100G",
    "COL Size": "425g"
  },
  {
    "Brand_Product_Size": "Kellogg's Sustain Breakfast Cereal with Whole Grain Flakes 480g",
    "COL Price": 5.7,
    "COL ppu": "$1.19 per 100G",
    "COL Size": "480g"
  },
  {
    "Brand_Product_Size": "Palmolive Honeysuckle & Lime Hand Sanitiser 500mL",
    "COL Price": 15.95,
    "COL ppu": "$3.19 per 100mL",
    "COL Size": "500mL"
  },
  {
    "Brand_Product_Size": "Nexba Mixed Berry Kombucha 330mL",
    "COL Price": 4,
    "COL ppu": "$12.12 per 1L",
    "COL Size": "330mL"
  },
  {
    "Brand_Product_Size": "Coles I'm Perfect Onions Prepacked 1.5kg",
    "COL Price": 2.5,
    "COL ppu": "$1.67 per 1Kg",
    "COL Size": "1.5kg"
  },
  {
    "Brand_Product_Size": "Jumpy's Chicken Snacks Multipack 5 pack 90g",
    "COL Price": 3.35,
    "COL ppu": "$3.72 per 100G",
    "COL Size": "90g"
  },
  {
    "Brand_Product_Size": "Tommee Tippee Bath Squirts 3 pack",
    "COL Price": 5.5,
    "COL ppu": "$1.83 per 1Ea",
    "COL Size": "3 pack"
  },
  {
    "Brand_Product_Size": "Whole Kids Organic Sweetcorn & Carrot Wholegrain Turtle Puffs 24g",
    "COL Price": 5.15,
    "COL ppu": "$21.46 per 100G",
    "COL Size": "24g"
  },
  {
    "Brand_Product_Size": "Maybelline Lash Sensational Sky High Waterproof Mascara Very Black 6mL",
    "COL Price": 17.5,
    "COL ppu": "$29.17 per 10mL",
    "COL Size": "6mL"
  },
  {
    "Brand_Product_Size": "Carman's Choc Caramel Aussie Oat Bar 180g",
    "COL Price": 5,
    "COL ppu": "$2.78 per 100G",
    "COL Size": "180g"
  },
  {
    "Brand_Product_Size": "Pukka Night Time Tea Sachets 20 pack 20g",
    "COL Price": 7.5,
    "COL ppu": "$0.38 per 1Ea",
    "COL Size": "20g"
  },
  {
    "Brand_Product_Size": "Elevate Dry Adult Cat Food Seafood & Rice With Sweet Potato 800g",
    "COL Price": 14,
    "COL ppu": "$1.75 per 100G",
    "COL Size": "800g"
  },
  {
    "Brand_Product_Size": "Continental Kosher Butchers Pepperoni approx. 300g",
    "COL Price": 8.25,
    "COL ppu": "$27.50 per 1Kg",
    "COL Size": "approx. 300g"
  },
  {
    "Brand_Product_Size": "Cadbury Bitesize Old Gold Almond & Orange 120g",
    "COL Price": 4,
    "COL ppu": "$3.33 per 100G",
    "COL Size": "120g"
  },
  {
    "Brand_Product_Size": "Edgell Snack Time Corn Black Beans Lime Herb 70g",
    "COL Price": 0.9,
    "COL ppu": "$12.86 per 1Kg",
    "COL Size": "70g"
  },
  {
    "Brand_Product_Size": "OsteoEze Triple Action Glucosamine Sulfate + Chondroitin + MSM Tablets 120 pack",
    "COL Price": 39,
    "COL ppu": "$32.50 per 100Ea",
    "COL Size": "120 pack"
  },
  {
    "Brand_Product_Size": "Wild Tides Fried Rice With Tuna 190g",
    "COL Price": 3.8,
    "COL ppu": "$20.00 per 1Kg",
    "COL Size": "190g"
  },
  {
    "Brand_Product_Size": "A2 Dairy Full Cream Milk 2L",
    "COL Price": 5.3,
    "COL ppu": "$2.65 per 1L",
    "COL Size": "2L"
  },
  {
    "Brand_Product_Size": "Coles French Style Cheesecak 450g",
    "COL Price": 3.3,
    "COL ppu": "$0.73 per 100G",
    "COL Size": "450g"
  },
  {
    "Brand_Product_Size": "Harpic Lime Fresh White & Shine Toilet Cleaner Bleach 39g",
    "COL Price": 5,
    "COL ppu": "$12.82 per 100G",
    "COL Size": "39g"
  },
  {
    "Brand_Product_Size": "OB Finest Quince Fruit Paste 100g",
    "COL Price": 5,
    "COL ppu": "$5.00 per 100G",
    "COL Size": "100g"
  },
  {
    "Brand_Product_Size": "Oak Iced Coffee Flavoured Milk 2L",
    "COL Price": 4.5,
    "COL ppu": "$2.25 per 1L",
    "COL Size": "2L"
  },
  {
    "Brand_Product_Size": "Rhodes South African Pear Halves In Syrup 825g",
    "COL Price": 2,
    "COL ppu": "$2.42 per 1Kg",
    "COL Size": "825g"
  },
  {
    "Brand_Product_Size": "Cornwell's Brown Malt Vinegar 750mL",
    "COL Price": 2.4,
    "COL ppu": "$0.32 per 100mL",
    "COL Size": "750mL"
  },
  {
    "Brand_Product_Size": "Romanella Dipping Crackers Basil & Garlic 100g",
    "COL Price": 3.3,
    "COL ppu": "$3.30 per 100G",
    "COL Size": "100g"
  },
  {
    "Brand_Product_Size": "Edgell Baby Peas & Super Sweet Corn 420g",
    "COL Price": 2,
    "COL ppu": "$4.76 per 1Kg",
    "COL Size": "420g"
  },
  {
    "Brand_Product_Size": "Pana Organic Peanut Caramel Spread 200g",
    "COL Price": 9,
    "COL ppu": "$4.50 per 100G",
    "COL Size": "200g"
  },
  {
    "Brand_Product_Size": "Eskal Mint Thin Wafers Gift Box 150g",
    "COL Price": 7.5,
    "COL ppu": "$5.00 per 100G",
    "COL Size": "150g"
  },
  {
    "Brand_Product_Size": "Ashley Mill Silver Cleaning Cloth 2 pack",
    "COL Price": 6,
    "COL ppu": "$3.00 per 1Ea",
    "COL Size": "2 pack"
  },
  {
    "Brand_Product_Size": "Britannia Bourbon Chocolate Flavoured Cream Biscuits 400g",
    "COL Price": 3,
    "COL ppu": "$0.75 per 100G",
    "COL Size": "400g"
  },
  {
    "Brand_Product_Size": "Grillman BBQ Medium Aluminium Trays 3 pack",
    "COL Price": 4,
    "COL ppu": "$1.33 per 1Ea",
    "COL Size": "3 pack"
  },
  {
    "Brand_Product_Size": "Movietime Multi Coloured Popcorn 150g",
    "COL Price": 2.6,
    "COL ppu": "$1.73 per 100G",
    "COL Size": "150g"
  },
  {
    "Brand_Product_Size": "Rexona Women Antiperspirant Aerosol Deodorant Sexy Bouquet 250mL",
    "COL Price": 5,
    "COL ppu": "$2.00 per 100mL",
    "COL Size": "250mL"
  },
  {
    "Brand_Product_Size": "Batiste Floral & Flirty Blush Dry Shampoo 200mL",
    "COL Price": 10,
    "COL ppu": "$5.00 per 100mL",
    "COL Size": "200mL"
  },
  {
    "Brand_Product_Size": "Bounce Cacao Nut Butter Protein Ball 40g",
    "COL Price": 2,
    "COL ppu": "$5.00 per 100G",
    "COL Size": "40g"
  },
  {
    "Brand_Product_Size": "Coles Diet Lime Soft Drink 1.25L",
    "COL Price": 1,
    "COL ppu": "$0.80 per 1L",
    "COL Size": "1.25L"
  },
  {
    "Brand_Product_Size": "Kellogg's LCMs Kaleidos Puffed Rice Snack Bars 6 pack 132g",
    "COL Price": 4,
    "COL ppu": "$3.03 per 100G",
    "COL Size": "132g"
  },
  {
    "Brand_Product_Size": "Kettle Sea Salt Potato Chips 175g",
    "COL Price": 4.65,
    "COL ppu": "$2.66 per 100G",
    "COL Size": "175g"
  },
  {
    "Brand_Product_Size": "Coles Frozen Bake At Home Butter Croissants 6 pack 360g",
    "COL Price": 6,
    "COL ppu": "$1.67 per 100G",
    "COL Size": "360g"
  },
  {
    "Brand_Product_Size": "Coles Kent Pumpkin Cut approx. 900g each",
    "COL Price": 1.35,
    "COL ppu": "$1.50 per 1Kg",
    "COL Size": "approx. 900g each"
  },
  {
    "Brand_Product_Size": "Naturopathica Gastro Health Probiotic Dairy Free Capsules 30 pack",
    "COL Price": 28,
    "COL ppu": "$93.34 per 100Ea",
    "COL Size": "30 pack"
  },
  {
    "Brand_Product_Size": "Coles Salted Microwave Popcorn 80g",
    "COL Price": 0.95,
    "COL ppu": "$1.19 per 100G",
    "COL Size": "80g"
  },
  {
    "Brand_Product_Size": "Sunrice Thin Sea Salt & Balsamic Vinegar Gluten Free Rice Cakes 195g",
    "COL Price": 2.7,
    "COL ppu": "$1.38 per 100G",
    "COL Size": "195g"
  },
  {
    "Brand_Product_Size": "Clairol Nice 'N Easy 106A Natural Dark Blonde Hair Colour 1 pack",
    "COL Price": 9,
    "COL ppu": "$9.00 per 1Ea",
    "COL Size": "1 pack"
  },
  {
    "Brand_Product_Size": "Mainland Munchables Tasty Cheese & Rice Crackers 4 Pack 96g",
    "COL Price": 6,
    "COL ppu": "",
    "COL Size": "96g"
  },
  {
    "Brand_Product_Size": "Jinmailang Emperor Spicy Chicken Noodles 114g",
    "COL Price": 0.9,
    "COL ppu": "$0.79 per 100G",
    "COL Size": "114g"
  },
  {
    "Brand_Product_Size": "Nood Cage Free Chicken Recipe With Probiotics Cat Food 1.5kg",
    "COL Price": 14,
    "COL ppu": "$9.33 per 1Kg",
    "COL Size": "1.5kg"
  },
  {
    "Brand_Product_Size": "Huon Wood Roasted Blackened Spice Salmon 150g",
    "COL Price": 10,
    "COL ppu": "$6.67 per 100G",
    "COL Size": "150g"
  },
  {
    "Brand_Product_Size": "Coles Salad Medium Tubs Potato Egg & Bacon Salad Salad medium",
    "COL Price": 6,
    "COL ppu": "$6.00 per 1Ea",
    "COL Size": "medium"
  },
  {
    "Brand_Product_Size": "Fit Lato Malt Choc Teaser 473mL",
    "COL Price": 11.95,
    "COL ppu": "$2.53 per 100mL",
    "COL Size": "473mL"
  },
  {
    "Brand_Product_Size": "Coles Frozen Whole Baby Beans 500g",
    "COL Price": 2.35,
    "COL ppu": "$4.70 per 1Kg",
    "COL Size": "500g"
  },
  {
    "Brand_Product_Size": "We Love Cake Fruit Cake Slices 4 Pack 152g",
    "COL Price": 2,
    "COL ppu": "$1.32 per 100G",
    "COL Size": "152g"
  },
  {
    "Brand_Product_Size": "Peters Maxibon Vanilla 4 pack 620mL",
    "COL Price": 8.4,
    "COL ppu": "$1.35 per 100mL",
    "COL Size": "620mL"
  },
  {
    "Brand_Product_Size": "Coles Pear Slices In Juice 695g",
    "COL Price": 3.5,
    "COL ppu": "$5.04 per 1Kg",
    "COL Size": "695g"
  },
  {
    "Brand_Product_Size": "Nicorette Cooldrops Lozenge Regular Strength 20 pack",
    "COL Price": 12.6,
    "COL ppu": "$0.63 per 1Ea",
    "COL Size": "20 pack"
  },
  {
    "Brand_Product_Size": "Coles Sunny Days Fabric Conditioner 2L",
    "COL Price": 3.25,
    "COL ppu": "$1.63 per 1L",
    "COL Size": "2L"
  },
  {
    "Brand_Product_Size": "Sabco Clean Ease Flat Mop Wringer Set each",
    "COL Price": 60,
    "COL ppu": "$60.00 per 1Ea",
    "COL Size": "each"
  },
  {
    "Brand_Product_Size": "Purina Total Care Flea Knockdown for Cats, Puppies & Small Dog 3 pack",
    "COL Price": 14,
    "COL ppu": "$4.67 per 1Ea",
    "COL Size": "3 pack"
  },
  {
    "Brand_Product_Size": "Tasmanian Heritage White Pearl Camembert approx. 100g",
    "COL Price": 4.5,
    "COL ppu": "$45.00 per 1Kg",
    "COL Size": "approx. 100g"
  },
  {
    "Brand_Product_Size": "Wild Tides Responsibly Fished Tuna Triple Chilli Medium 95g",
    "COL Price": 1,
    "COL ppu": "$10.53 per 1Kg",
    "COL Size": "95g"
  },
  {
    "Brand_Product_Size": "Mentos Sour Mix Candy Bottle 100g",
    "COL Price": 3.5,
    "COL ppu": "$3.50 per 100G",
    "COL Size": "100g"
  },
  {
    "Brand_Product_Size": "Indomie Mi Goreng Hot & Spicy Instant Noodles 5 Pack 400g",
    "COL Price": 2.75,
    "COL ppu": "$0.69 per 100G",
    "COL Size": "400g"
  },
  {
    "Brand_Product_Size": "Lucky Toasted Pine Nuts 50g",
    "COL Price": 4.5,
    "COL ppu": "$90.00 per 1Kg",
    "COL Size": "50g"
  },
  {
    "Brand_Product_Size": "Oust 3 In 1 Garden Fresh 325g",
    "COL Price": 5,
    "COL ppu": "$1.54 per 100G",
    "COL Size": "325g"
  },
  {
    "Brand_Product_Size": "Barbie Club Chelsea Doll each",
    "COL Price": 8,
    "COL ppu": "$8.00 per 1Ea",
    "COL Size": "each"
  },
  {
    "Brand_Product_Size": "Coles Nature's Kitchen Vegetable Tikka Masala + Pilau Rice 350g",
    "COL Price": 7,
    "COL ppu": "$2.00 per 100G",
    "COL Size": "350g"
  },
  {
    "Brand_Product_Size": "L'Oreal Men Pure Charcoal Face Wash 100mL",
    "COL Price": 7.5,
    "COL ppu": "$7.50 per 100mL",
    "COL Size": "100mL"
  },
  {
    "Brand_Product_Size": "Always Fresh French Duck Fat Spread 200g",
    "COL Price": 6.7,
    "COL ppu": "$3.35 per 100G",
    "COL Size": "200g"
  },
  {
    "Brand_Product_Size": "Maui Coconut Oil Conditioner 385mL",
    "COL Price": 22,
    "COL ppu": "$5.71 per 100mL",
    "COL Size": "385mL"
  },
  {
    "Brand_Product_Size": "Mix Opaque Tights 70d 1 pack",
    "COL Price": 12,
    "COL ppu": "",
    "COL Size": "1 pack"
  },
  {
    "Brand_Product_Size": "Table Of Plenty Single Rice Cakes Passionfruit 30g",
    "COL Price": 1.95,
    "COL ppu": "$6.50 per 100G",
    "COL Size": "30g"
  },
  {
    "Brand_Product_Size": "Domestos Regular Disinfectant 1.25L",
    "COL Price": 5.5,
    "COL ppu": "$0.44 per 100mL",
    "COL Size": "1.25L"
  },
  {
    "Brand_Product_Size": "Sanitarium UP&GO Choc Ice Cereal No Added Sugar 3x250mL 750mL",
    "COL Price": 4.95,
    "COL ppu": "$6.60 per 1L",
    "COL Size": "750mL"
  },
  {
    "Brand_Product_Size": "Coca-Cola Vanilla Flavour Coke 1.25L",
    "COL Price": 3.15,
    "COL ppu": "$2.52 per 1L",
    "COL Size": "1.25L"
  },
  {
    "Brand_Product_Size": "Coles Tuna With Lemon And Pepper 95g",
    "COL Price": 0.9,
    "COL ppu": "$0.95 per 100G",
    "COL Size": "95g"
  },
  {
    "Brand_Product_Size": "Farmers Market Homestyle Shreds With Beef Red Lentils Peas & Carrot Dog Food 750g",
    "COL Price": 13,
    "COL ppu": "$1.73 per 100G",
    "COL Size": "750g"
  },
  {
    "Brand_Product_Size": "L'Oreal Magic Retouch Spray Cool Brown 75mL",
    "COL Price": 12.8,
    "COL ppu": "$17.07 per 100mL",
    "COL Size": "75mL"
  },
  {
    "Brand_Product_Size": "Belvita Minis Honey & Choc Chip Breakfast Biscuits 6 pack 210g",
    "COL Price": 3,
    "COL ppu": "$1.43 per 100G",
    "COL Size": "210g"
  },
  {
    "Brand_Product_Size": "Arkadia Spice Chai Tea Sachets 20 pack 400g",
    "COL Price": 13,
    "COL ppu": "$3.25 per 100G",
    "COL Size": "400g"
  },
  {
    "Brand_Product_Size": "Darrell Lea Milk Chocolate Block Sundae Sesh 160g",
    "COL Price": 3,
    "COL ppu": "$1.88 per 100G",
    "COL Size": "160g"
  },
  {
    "Brand_Product_Size": "Vaseline Intensive Care Aloe Soothe Body Lotion 750mL",
    "COL Price": 13,
    "COL ppu": "$1.73 per 100mL",
    "COL Size": "750mL"
  },
  {
    "Brand_Product_Size": "Nestle Kit Kat Dark Mint Chocolate Block 170g",
    "COL Price": 5,
    "COL ppu": "$2.94 per 100G",
    "COL Size": "170g"
  },
  {
    "Brand_Product_Size": "Mil Lel Extra Sharp Parmesan 170g",
    "COL Price": 4.5,
    "COL ppu": "$26.47 per 1Kg",
    "COL Size": "170g"
  },
  {
    "Brand_Product_Size": "Republica Organic Capsules Paris 20 pack",
    "COL Price": 9.5,
    "COL ppu": "$0.48 per 1Ea",
    "COL Size": "20 pack"
  },
  {
    "Brand_Product_Size": "Carman's Pepita & Poppy Seed Crackers 80g",
    "COL Price": 3,
    "COL ppu": "$3.75 per 100G",
    "COL Size": "80g"
  },
  {
    "Brand_Product_Size": "Rexona Antiperspirant Invisible Dry Fresh 50mL",
    "COL Price": 4,
    "COL ppu": "$8.00 per 100mL",
    "COL Size": "50mL"
  },
  {
    "Brand_Product_Size": "Continental Cup A Soup Creamy Chicken with Croutons Serves 2 60g",
    "COL Price": 2.1,
    "COL ppu": "$3.50 per 100G",
    "COL Size": "60g"
  },
  {
    "Brand_Product_Size": "Weis Mango & Toasted Coconut Frozen Yoghurt 1L",
    "COL Price": 8,
    "COL ppu": "$8.00 per 1L",
    "COL Size": "1L"
  },
  {
    "Brand_Product_Size": "Huy Fong Sriracha Sauce 255mL",
    "COL Price": 4.2,
    "COL ppu": "$1.65 per 100mL",
    "COL Size": "255mL"
  },
  {
    "Brand_Product_Size": "Cook & Dine Mixing Bowl & Colander each",
    "COL Price": 12,
    "COL ppu": "$12.00 per 1Ea",
    "COL Size": "each"
  },
  {
    "Brand_Product_Size": "Providore Premium Tomato Basil Paste 130g",
    "COL Price": 2,
    "COL ppu": "$1.54 per 100G",
    "COL Size": "130g"
  },
  {
    "Brand_Product_Size": "John West Wild Scottish Mackerel Fillets In Sriracha Sauce 125g",
    "COL Price": 3.3,
    "COL ppu": "$26.40 per 1Kg",
    "COL Size": "125g"
  },
  {
    "Brand_Product_Size": "Multix Extra Wide Garbage Bags 85cm x 70cm 56L 50 pack",
    "COL Price": 7.5,
    "COL ppu": "$0.15 per 1Ea",
    "COL Size": "50 pack"
  },
  {
    "Brand_Product_Size": "Dare Milk Flavoured Espresso 2L",
    "COL Price": 5.5,
    "COL ppu": "$2.75 per 1L",
    "COL Size": "2L"
  },
  {
    "Brand_Product_Size": "Hanabi White Clams Whole 1 kg",
    "COL Price": 5,
    "COL ppu": "$5.00 per 1Kg",
    "COL Size": "1 kg"
  },
  {
    "Brand_Product_Size": "Fancy Feast Royale Broths Tuna Surimi & Whitebait Pouch Cat Food 40g",
    "COL Price": 1.2,
    "COL ppu": "$3.00 per 100G",
    "COL Size": "40g"
  },
  {
    "Brand_Product_Size": "Olay Total Effects 7 in One Touch of Foundation BB Crme Face Cream SPF 15 50g",
    "COL Price": 33.5,
    "COL ppu": "$67.00 per 100G",
    "COL Size": "50g"
  },
  {
    "Brand_Product_Size": "Carman's Bar Nut Almond Hazelnut & Vanilla 45g",
    "COL Price": 3,
    "COL ppu": "$6.67 per 100G",
    "COL Size": "45g"
  },
  {
    "Brand_Product_Size": "Black Swan Avocado Dip 200g",
    "COL Price": 3.5,
    "COL ppu": "$1.75 per 100G",
    "COL Size": "200g"
  },
  {
    "Brand_Product_Size": "Lo Bros Organic Kombucha Ginger Lemon Drink Chilled 330mL",
    "COL Price": 4,
    "COL ppu": "$12.12 per 1L",
    "COL Size": "330mL"
  },
  {
    "Brand_Product_Size": "Nescafe Gold Original Blend Coffee 200g",
    "COL Price": 11.5,
    "COL ppu": "$5.75 per 100G",
    "COL Size": "200g"
  },
  {
    "Brand_Product_Size": "Elanco Comfortis Plus Fleas Heartworm & Worms Small Dog Treatment 1 pack",
    "COL Price": 33,
    "COL ppu": "$33.00 per 1Ea",
    "COL Size": "1 pack"
  },
  {
    "Brand_Product_Size": "McKenzie's Cream Of Tartar 125g",
    "COL Price": 3.4,
    "COL ppu": "$2.72 per 100G",
    "COL Size": "125g"
  },
  {
    "Brand_Product_Size": "Coles Urban Coffee Culture Double Espresso Caffitaly Compatible Coffee Capsules 10 pack",
    "COL Price": 3.7,
    "COL ppu": "$0.37 per 1Ea",
    "COL Size": "10 pack"
  },
  {
    "Brand_Product_Size": "Obento Teriyaki Marinade 250mL",
    "COL Price": 3,
    "COL ppu": "$1.20 per 100mL",
    "COL Size": "250mL"
  },
  {
    "Brand_Product_Size": "Gravox Mushroom Garlic Liquid Sauce 165g",
    "COL Price": 2,
    "COL ppu": "$1.21 per 100G",
    "COL Size": "165g"
  },
  {
    "Brand_Product_Size": "Gillette Mach3 Sensitive Shaving Blade Refill 4 pack",
    "COL Price": 16,
    "COL ppu": "$4.00 per 1Ea",
    "COL Size": "4 pack"
  },
  {
    "Brand_Product_Size": "Nestle Milo Chocolate Malt Powder Drink 1kg",
    "COL Price": 12.5,
    "COL ppu": "$1.25 per 100G",
    "COL Size": "1kg"
  },
  {
    "Brand_Product_Size": "Arnott's Vita-Weat Sesame Crispbread 250g",
    "COL Price": 3.3,
    "COL ppu": "$1.32 per 100G",
    "COL Size": "250g"
  },
  {
    "Brand_Product_Size": "Sistema To Go Triple Split 2 Litre each",
    "COL Price": 12,
    "COL ppu": "$12.00 per 1ea",
    "COL Size": "each"
  },
  {
    "Brand_Product_Size": "Fancy Plants Coconut Chia Pod 150g",
    "COL Price": 2.5,
    "COL ppu": "$1.67 per 100G",
    "COL Size": "150g"
  },
  {
    "Brand_Product_Size": "Tradie Mens Acrylic Work Socks 11-13 Black 3 pack",
    "COL Price": 10,
    "COL ppu": "$3.33 per 1Ea",
    "COL Size": "3 pack"
  },
  {
    "Brand_Product_Size": "2XP SPF 50+ Protect Bronze Face Sunscreen Lotion 70mL",
    "COL Price": 20,
    "COL ppu": "$28.57 per 100mL",
    "COL Size": "70mL"
  },
  {
    "Brand_Product_Size": "Coles Tasty Cheddar Cheese Slices 12 pack 250g",
    "COL Price": 4.4,
    "COL ppu": "$1.76 per 100G",
    "COL Size": "250g"
  },
  {
    "Brand_Product_Size": "Divella Potato Gnocchi Di Patate 500g",
    "COL Price": 2.8,
    "COL ppu": "$0.56 per 100G",
    "COL Size": "500g"
  },
  {
    "Brand_Product_Size": "Peters Drumstick Minis Classic Vanilla Ice Cream Cones 6 pack 490mL",
    "COL Price": 5,
    "COL ppu": "$1.02 per 100mL",
    "COL Size": "490mL"
  },
  {
    "Brand_Product_Size": "Dare Mocha Flavoured Milk 750mL",
    "COL Price": 4.1,
    "COL ppu": "$5.47 per 1L",
    "COL Size": "750mL"
  },
  {
    "Brand_Product_Size": "Coles Pork Loin Chops approx. 887g",
    "COL Price": 15.079,
    "COL ppu": "$17.00 per 1Kg",
    "COL Size": "approx. 887g"
  },
  {
    "Brand_Product_Size": "Louisiana Cajun Fish Fry 283g",
    "COL Price": 6,
    "COL ppu": "$2.12 per 100G",
    "COL Size": "283g"
  },
  {
    "Brand_Product_Size": "Valcom Massaman Curry Paste 210g",
    "COL Price": 3.2,
    "COL ppu": "$1.52 per 100G",
    "COL Size": "210g"
  },
  {
    "Brand_Product_Size": "Bonds Sheer Pantyhose Slim Nude Medium 1 pack",
    "COL Price": 8,
    "COL ppu": "$8.00 per 1ea",
    "COL Size": "1 pack"
  },
  {
    "Brand_Product_Size": "Kellogg's All-Bran Original High Fibre Breakfast Cereal 530g",
    "COL Price": 5.25,
    "COL ppu": "$0.99 per 100G",
    "COL Size": "530g"
  },
  {
    "Brand_Product_Size": "Cadbury Dream White Chocolate Block 180g",
    "COL Price": 5,
    "COL ppu": "$2.78 per 100G",
    "COL Size": "180g"
  },
  {
    "Brand_Product_Size": "L'Oreal Infallible Matte Found Golden Amber 35mL",
    "COL Price": 21,
    "COL ppu": "$6.00 per 10mL",
    "COL Size": "35mL"
  },
  {
    "Brand_Product_Size": "Coon Colby Cheese Slices 250g",
    "COL Price": 6,
    "COL ppu": "$24.00 per 1Kg",
    "COL Size": "250g"
  },
  {
    "Brand_Product_Size": "Fancy Feast Classic Tender Chicken & Liver Canned Cat Food 85g",
    "COL Price": 1.45,
    "COL ppu": "$1.71 per 100G",
    "COL Size": "85g"
  },
  {
    "Brand_Product_Size": "Decor Match Ups Clips Tall Container each",
    "COL Price": 9,
    "COL ppu": "$9.00 per 1Ea",
    "COL Size": "each"
  },
  {
    "Brand_Product_Size": "Mix No Shine Opaque Tights 70 Denier 1 pack",
    "COL Price": 8,
    "COL ppu": "$8.00 per 1Ea",
    "COL Size": "1 pack"
  },
  {
    "Brand_Product_Size": "Kellogg's LCMs Yoghurty Split Stix Puffed Rice Snack Bars 6 pack 138g",
    "COL Price": 4,
    "COL ppu": "$2.90 per 100G",
    "COL Size": "138g"
  },
  {
    "Brand_Product_Size": "Golden Days Gluten Free Original Sesame Snaps 3 pack 120g",
    "COL Price": 2.5,
    "COL ppu": "$2.08 per 100G",
    "COL Size": "120g"
  },
  {
    "Brand_Product_Size": "Schweppes Mixers Tonic Water Multipack Bottles 300mL 4 pack",
    "COL Price": 5.9,
    "COL ppu": "$4.92 per 1L",
    "COL Size": "4 pack"
  },
  {
    "Brand_Product_Size": "Patties Broccoli & Cheese Bites 300g",
    "COL Price": 6,
    "COL ppu": "$2.00 per 100G",
    "COL Size": "300g"
  },
  {
    "Brand_Product_Size": "Olay Skinfusion Sake Yeast Wrinkle Relaxing Sheet Mask each",
    "COL Price": 10,
    "COL ppu": "$10.00 per 1Ea",
    "COL Size": "each"
  },
  {
    "Brand_Product_Size": "Fodmapped Gluten Free Pumpkin Spinach Fetta Risotto 500 gram",
    "COL Price": 6.5,
    "COL ppu": "",
    "COL Size": "500 gram"
  },
  {
    "Brand_Product_Size": "McCain Frozen Healthy Choice Chicken Honey Stir Fry 330g",
    "COL Price": 4,
    "COL ppu": "$1.21 per 100G",
    "COL Size": "330g"
  },
  {
    "Brand_Product_Size": "Heinz Classic Country Chicken Soup Can 535g",
    "COL Price": 2.5,
    "COL ppu": "$0.47 per 100G",
    "COL Size": "535g"
  },
  {
    "Brand_Product_Size": "Modo Eco Living Sugarcane Disposable Side Bowls 10 pack",
    "COL Price": 3.5,
    "COL ppu": "$0.35 per 1Ea",
    "COL Size": "10 pack"
  },
  {
    "Brand_Product_Size": "Cook & Dine Serving Platter each",
    "COL Price": 3.15,
    "COL ppu": "$3.15 per 1ea",
    "COL Size": "each"
  },
  {
    "Brand_Product_Size": "Arnott's Cheese & Bacon Shapes 180g",
    "COL Price": 3.2,
    "COL ppu": "$1.78 per 100G",
    "COL Size": "180g"
  },
  {
    "Brand_Product_Size": "Primo Stackers Spicy Chorizo Cheese & Crackers 50g",
    "COL Price": 4,
    "COL ppu": "",
    "COL Size": "50g"
  },
  {
    "Brand_Product_Size": "Cancer Council Everyday SPF 30+ Sunscreen 220mL",
    "COL Price": 15.75,
    "COL ppu": "$7.16 per 100mL",
    "COL Size": "220mL"
  },
  {
    "Brand_Product_Size": "Coles I'M Free From Custard Cream 120g",
    "COL Price": 3.5,
    "COL ppu": "$2.92 per 100G",
    "COL Size": "120g"
  },
  {
    "Brand_Product_Size": "G Active Lemon Flavoured Electrolyte Water 600mL",
    "COL Price": 3.5,
    "COL ppu": "$5.83 per 1L",
    "COL Size": "600mL"
  },
  {
    "Brand_Product_Size": "Liddells Lactose Free 99% Low Fat Milk 1L",
    "COL Price": 2.25,
    "COL ppu": "$2.25 per 1L",
    "COL Size": "1L"
  },
  {
    "Brand_Product_Size": "Moccona Classic Dark Roast Instant Coffee 400g",
    "COL Price": 16,
    "COL ppu": "$4.00 per 100G",
    "COL Size": "400g"
  },
  {
    "Brand_Product_Size": "Aeroplane Ready To Eat Raspberry Jelly 120g",
    "COL Price": 1.4,
    "COL ppu": "$1.17 per 100G",
    "COL Size": "120g"
  },
  {
    "Brand_Product_Size": "LPO Renew Age Defence Night Cream 50mL",
    "COL Price": 16.8,
    "COL ppu": "$33.60 per 100mL",
    "COL Size": "50mL"
  },
  {
    "Brand_Product_Size": "Arnott's Shapes Mini Bites Crackers BBQ Wings 150g",
    "COL Price": 3.2,
    "COL ppu": "$2.13 per 100G",
    "COL Size": "150g"
  },
  {
    "Brand_Product_Size": "Ayam Hawker Market Pad Thai Sauce 205g",
    "COL Price": 1.75,
    "COL ppu": "$0.85 per 100G",
    "COL Size": "205g"
  },
  {
    "Brand_Product_Size": "Coles Deli Jumbo Greek Salad each",
    "COL Price": 11,
    "COL ppu": "$11.00 per 1Ea",
    "COL Size": "each"
  },
  {
    "Brand_Product_Size": "Aerogard Odourless Protection Repellent 150g",
    "COL Price": 8.5,
    "COL ppu": "$5.67 per 100G",
    "COL Size": "150g"
  },
  {
    "Brand_Product_Size": "Pilot School Starter Pack each",
    "COL Price": 10,
    "COL ppu": "$10.00 per 1Ea",
    "COL Size": "each"
  },
  {
    "Brand_Product_Size": "Coles Frozen Small Cooked & Peeled Prawns 400g",
    "COL Price": 12,
    "COL ppu": "$30.00 per 1Kg",
    "COL Size": "400g"
  },
  {
    "Brand_Product_Size": "Staminade True Blue Powder 585g",
    "COL Price": 10,
    "COL ppu": "$1.71 per 100G",
    "COL Size": "585g"
  },
  {
    "Brand_Product_Size": "Coles Fresh Seafood Blue Swimmer Crab Raw approx. 275g",
    "COL Price": 10.175,
    "COL ppu": "$37.00 per 1Kg",
    "COL Size": "approx. 275g"
  },
  {
    "Brand_Product_Size": "Aptamil Gold 2 Formula Follow On 900g",
    "COL Price": 24.8,
    "COL ppu": "$2.76 per 100G",
    "COL Size": "900g"
  },
  {
    "Brand_Product_Size": "Restaurant Collection Grilled Mexican Pork Carnitas With Salsa 500g",
    "COL Price": 16.5,
    "COL ppu": "$3.30 per 100G",
    "COL Size": "500g"
  },
  {
    "Brand_Product_Size": "Betty Crocker Rainbow Cake Mix 480g",
    "COL Price": 5.2,
    "COL ppu": "$1.08 per 100G",
    "COL Size": "480g"
  },
  {
    "Brand_Product_Size": "McCain Frozen Quick Chips 2 pack 200g",
    "COL Price": 1.25,
    "COL ppu": "$6.25 per 1Kg",
    "COL Size": "200g"
  },
  {
    "Brand_Product_Size": "Coles Hard Taco 12 Shells 168g",
    "COL Price": 2.4,
    "COL ppu": "$1.43 per 100G",
    "COL Size": "168g"
  },
  {
    "Brand_Product_Size": "Philadelphia Spreadable Cream Cheese Snack Tubs 4 pack 136g",
    "COL Price": 3.5,
    "COL ppu": "$2.57 per 100G",
    "COL Size": "136g"
  },
  {
    "Brand_Product_Size": "Steggles Frozen Crumbed Chicken Breast Fingers 400g",
    "COL Price": 7,
    "COL ppu": "$17.50 per 1Kg",
    "COL Size": "400g"
  },
  {
    "Brand_Product_Size": "Coles Seafood Salmon Lemon & Herb approx. 250g",
    "COL Price": 8.25,
    "COL ppu": "$33.00 per 1Kg",
    "COL Size": "approx. 250g"
  },
  {
    "Brand_Product_Size": "Lectric Washing Soda Powder 1kg",
    "COL Price": 3.85,
    "COL ppu": "$3.85 per 1Kg",
    "COL Size": "1kg"
  },
  {
    "Brand_Product_Size": "Sunrice Long Grain Brown Rice Cup 2 pack 250g",
    "COL Price": 2.5,
    "COL ppu": "$1.00 per 100G",
    "COL Size": "250g"
  },
  {
    "Brand_Product_Size": "The Complete Dairy High Protein Full Cream Milk 1L",
    "COL Price": 2.5,
    "COL ppu": "$2.50 per 1L",
    "COL Size": "1L"
  },
  {
    "Brand_Product_Size": "Birds Eye Frozen Stir Fry Thai Vegetables 500g",
    "COL Price": 2.8,
    "COL ppu": "$5.60 per 1Kg",
    "COL Size": "500g"
  },
  {
    "Brand_Product_Size": "Listerine Cherry Blossom & Peach Mouthwash 500mL",
    "COL Price": 8.7,
    "COL ppu": "$1.74 per 100mL",
    "COL Size": "500mL"
  },
  {
    "Brand_Product_Size": "Perfect Italiano 4 Cheese Melt Blend 450g",
    "COL Price": 6,
    "COL ppu": "$13.33 per 1Kg",
    "COL Size": "450g"
  },
  {
    "Brand_Product_Size": "Coles Popcorn Cake Batter 120g",
    "COL Price": 2.2,
    "COL ppu": "$1.83 per 100G",
    "COL Size": "120g"
  },
  {
    "Brand_Product_Size": "The First Years Inside Scoop Suction Bowl 1 pack",
    "COL Price": 8,
    "COL ppu": "$8.00 per 1Ea",
    "COL Size": "1 pack"
  },
  {
    "Brand_Product_Size": "Clairol Nice 'N Easy 118 Natural Medium Brown Hair Colour 1 pack",
    "COL Price": 9,
    "COL ppu": "$9.00 per 1Ea",
    "COL Size": "1 pack"
  },
  {
    "Brand_Product_Size": "Robert Timms Mocha Kenya Style Coffee Bags 28 pack 160g",
    "COL Price": 9.65,
    "COL ppu": "$0.06 per 1G",
    "COL Size": "160g"
  },
  {
    "Brand_Product_Size": "Easiyo Vanilla Flavour Yoghurt 230g",
    "COL Price": 4.5,
    "COL ppu": "$1.96 per 100G",
    "COL Size": "230g"
  },
  {
    "Brand_Product_Size": "Coles Kitchen Beef Ravioli With Mushroom Sauce 350g",
    "COL Price": 6.5,
    "COL ppu": "$1.86 per 100G",
    "COL Size": "350g"
  },
  {
    "Brand_Product_Size": "Campbell's Country Ladle Butternut Pumpkin Soup Can 505g",
    "COL Price": 3.5,
    "COL ppu": "$0.69 per 100G",
    "COL Size": "505g"
  },
  {
    "Brand_Product_Size": "McCain Frozen Potato Bites Crispy Nuggets 900g",
    "COL Price": 4.5,
    "COL ppu": "$0.50 per 100G",
    "COL Size": "900g"
  },
  {
    "Brand_Product_Size": "Wellness Road Nutritional Yeast Flakes 200g",
    "COL Price": 8,
    "COL ppu": "$4.00 per 100G",
    "COL Size": "200g"
  },
  {
    "Brand_Product_Size": "Rosella White Cocktail Onions 550g",
    "COL Price": 3.3,
    "COL ppu": "$0.60 per 100G",
    "COL Size": "550g"
  },
  {
    "Brand_Product_Size": "Coles Mince with Chicken Gravy Adult Canned Cat Food 400g",
    "COL Price": 0.85,
    "COL ppu": "$0.21 per 100G",
    "COL Size": "400g"
  },
  {
    "Brand_Product_Size": "Coles Kitchen Spinach & Ricotta Cannelloni 350g",
    "COL Price": 6.5,
    "COL ppu": "$1.86 per 100G",
    "COL Size": "350g"
  },
  {
    "Brand_Product_Size": "Ben & Jerry's Chocolate Chip Cookie Dough Ice Cream Tub 458mL",
    "COL Price": 8,
    "COL ppu": "$1.75 per 100mL",
    "COL Size": "458mL"
  },
  {
    "Brand_Product_Size": "McVities Chocolate Digestives Hazelnut With Caramel 250g",
    "COL Price": 3.95,
    "COL ppu": "$1.58 per 100G",
    "COL Size": "250g"
  },
  {
    "Brand_Product_Size": "BSC Rocky Road High Protein Low Carb Bar 60g",
    "COL Price": 4,
    "COL ppu": "$6.67 per 100G",
    "COL Size": "60g"
  },
  {
    "Brand_Product_Size": "Carman's Almond Hazelnut & Vanilla Nut Bar 175g",
    "COL Price": 6,
    "COL ppu": "$3.43 per 100G",
    "COL Size": "175g"
  },
  {
    "Brand_Product_Size": "Don Virginian Leg Ham Sliced approx. 125g",
    "COL Price": 2.5,
    "COL ppu": "$20.00 per 1Kg",
    "COL Size": "approx. 125g"
  },
  {
    "Brand_Product_Size": "Fresh Red Sienna Pride Pears approx. 200g each",
    "COL Price": 1.78,
    "COL ppu": "$8.90 per 1Kg",
    "COL Size": "approx. 200g each"
  },
  {
    "Brand_Product_Size": "Harpic Germ Fighting Hook Bleach Eucalyptus 2 Pack 70g",
    "COL Price": 6,
    "COL ppu": "$3.00 per 1Ea",
    "COL Size": "70g"
  },
  {
    "Brand_Product_Size": "Colomba Fillets Of Anchovies In Sunflower Oil 150g",
    "COL Price": 8,
    "COL ppu": "$53.34 per 1Kg",
    "COL Size": "150g"
  },
  {
    "Brand_Product_Size": "Coles Sliced White Mushrooms Prepacked 500g",
    "COL Price": 5,
    "COL ppu": "$10.00 per 1Kg",
    "COL Size": "500g"
  },
  {
    "Brand_Product_Size": "Method Green Tea Handwash Foam 300mL",
    "COL Price": 5,
    "COL ppu": "$1.67 per 100mL",
    "COL Size": "300mL"
  },
  {
    "Brand_Product_Size": "Cadbury Dairy Milk Boost Chocolate Block 162g",
    "COL Price": 5,
    "COL ppu": "$3.09 per 100G",
    "COL Size": "162g"
  },
  {
    "Brand_Product_Size": "Cobs Corn Puffs Sour Cream & Chives 120g",
    "COL Price": 3.5,
    "COL ppu": "$2.92 per 100G",
    "COL Size": "120g"
  },
  {
    "Brand_Product_Size": "U.K. Whole Wheat Biscuits 430g",
    "COL Price": 8.3,
    "COL ppu": "$1.93 per 100G",
    "COL Size": "430g"
  },
  {
    "Brand_Product_Size": "Queen Fairtrade Vanilla Extract with Seeds 50mL",
    "COL Price": 7.1,
    "COL ppu": "$14.20 per 100mL",
    "COL Size": "50mL"
  },
  {
    "Brand_Product_Size": "Mutti Pesto Style Stir Through Sauce Red Tomato 280g",
    "COL Price": 2.25,
    "COL ppu": "$0.80 per 100G",
    "COL Size": "280g"
  },
  {
    "Brand_Product_Size": "Olay Complete UV Protection Normal To Dry Skin Moisturiser Lotion SPF 15+ 150mL",
    "COL Price": 15,
    "COL ppu": "$10.00 per 100mL",
    "COL Size": "150mL"
  },
  {
    "Brand_Product_Size": "The Natural Paw Company Tofu Cat Litter 2kg",
    "COL Price": 12,
    "COL ppu": "$6.00 per 1Kg",
    "COL Size": "2kg"
  },
  {
    "Brand_Product_Size": "Imperial Leather After Shave Lotion 100mL",
    "COL Price": 10,
    "COL ppu": "$10.00 per 100mL",
    "COL Size": "100mL"
  },
  {
    "Brand_Product_Size": "Kirks Creaming Soda 1.25L",
    "COL Price": 1.15,
    "COL ppu": "$0.92 per 1L",
    "COL Size": "1.25L"
  },
  {
    "Brand_Product_Size": "Sabco Space Saver Breeze Mop each",
    "COL Price": 16,
    "COL ppu": "$16.00 per 1Ea",
    "COL Size": "each"
  },
  {
    "Brand_Product_Size": "Bushells Coffee & Chicory Essence 250mL",
    "COL Price": 4.3,
    "COL ppu": "$1.72 per 100mL",
    "COL Size": "250mL"
  },
  {
    "Brand_Product_Size": "Coles Finest Creamy Butter Chicken 400g",
    "COL Price": 8.5,
    "COL ppu": "$2.13 per 100G",
    "COL Size": "400g"
  },
  {
    "Brand_Product_Size": "L'Oreal Age Perfect Cell Reduction Day Cream 50mL",
    "COL Price": 31.5,
    "COL ppu": "$63.00 per 100mL",
    "COL Size": "50mL"
  },
  {
    "Brand_Product_Size": "B-B Products Double Smoked Leg Ham 100g",
    "COL Price": 4.85,
    "COL ppu": "$48.50 per 1Kg",
    "COL Size": "100g"
  },
  {
    "Brand_Product_Size": "Clairol Nice N Easy Repair 4 Dark Brown Hair Colour 177mL",
    "COL Price": 11,
    "COL ppu": "$6.21 per 100mL",
    "COL Size": "177mL"
  },
  {
    "Brand_Product_Size": "Total Care Stretchy Grunter Dog Toy 1 pack",
    "COL Price": 13,
    "COL ppu": "$13.00 per 1Ea",
    "COL Size": "1 pack"
  },
  {
    "Brand_Product_Size": "Oates Ezy Spray Mop each",
    "COL Price": 30,
    "COL ppu": "$30.00 per 1Ea",
    "COL Size": "each"
  },
  {
    "Brand_Product_Size": "Steggles Frozen Southern Style Chicken Strips 400g",
    "COL Price": 8.5,
    "COL ppu": "$21.25 per 1Kg",
    "COL Size": "400g"
  },
  {
    "Brand_Product_Size": "Lipton Citrus Green Ice Tea 1.5L",
    "COL Price": 1.97,
    "COL ppu": "$1.31 per 1L",
    "COL Size": "1.5L"
  },
  {
    "Brand_Product_Size": "Coles Kitchen Chicken Tikka Masala With Rice 350g",
    "COL Price": 6.5,
    "COL ppu": "$1.86 per 100G",
    "COL Size": "350g"
  },
  {
    "Brand_Product_Size": "Mrs Macs Choc Fudge Slice 2 pack 240g",
    "COL Price": 5,
    "COL ppu": "$2.08 per 100G",
    "COL Size": "240g"
  },
  {
    "Brand_Product_Size": "Sunsol Probiotic Almond Cashew & Chia Toasted Muesli 400g",
    "COL Price": 7,
    "COL ppu": "$1.75 per 100G",
    "COL Size": "400g"
  },
  {
    "Brand_Product_Size": "Sharpie Mixed Value Pack Fine And Ultra Fine 18 pack",
    "COL Price": 20,
    "COL ppu": "$1.11 per 1Ea",
    "COL Size": "18 pack"
  },
  {
    "Brand_Product_Size": "Hoyts Mixed Spice 25g",
    "COL Price": 1.45,
    "COL ppu": "$0.58 per 10G",
    "COL Size": "25g"
  },
  {
    "Brand_Product_Size": "Nature's Organics Normal Hair Apple Fresh Conditioner 500mL",
    "COL Price": 1.9,
    "COL ppu": "$0.38 per 100mL",
    "COL Size": "500mL"
  },
  {
    "Brand_Product_Size": "Natural Wafer Crackers 100g",
    "COL Price": 3,
    "COL ppu": "$3.00 per 100G",
    "COL Size": "100g"
  },
  {
    "Brand_Product_Size": "Coles Deli RSPCA Approved Pork and Red Wine Pate 120g",
    "COL Price": 5,
    "COL ppu": "$4.17 per 100G",
    "COL Size": "120g"
  },
  {
    "Brand_Product_Size": "Bnei Darom Green Olives Rings 560g",
    "COL Price": 8.6,
    "COL ppu": "$15.36 per 1Kg",
    "COL Size": "560g"
  },
  {
    "Brand_Product_Size": "Capilano Dark & Bold Honey Upside Down 340g",
    "COL Price": 6.9,
    "COL ppu": "$2.03 per 100G",
    "COL Size": "340g"
  },
  {
    "Brand_Product_Size": "Dole Crushed Pineapple In Juice 432g",
    "COL Price": 2.2,
    "COL ppu": "$5.09 per 1Kg",
    "COL Size": "432g"
  },
  {
    "Brand_Product_Size": "Cove By Earth Choice Glass Cleaner Refill 125mL",
    "COL Price": 3.5,
    "COL ppu": "$2.80 per 100mL",
    "COL Size": "125mL"
  },
  {
    "Brand_Product_Size": "I&J The Finest Frozen South Atlantic Flathead Fillets 500g",
    "COL Price": 7,
    "COL ppu": "$14.00 per 1Kg",
    "COL Size": "500g"
  },
  {
    "Brand_Product_Size": "Coles Smokey Baba Ganoush Dip 150g",
    "COL Price": 3,
    "COL ppu": "$2.00 per 100G",
    "COL Size": "150g"
  },
  {
    "Brand_Product_Size": "Coles Finest Mirror Glaze Chocolate & Hazelnut Mousse 2 pack",
    "COL Price": 8,
    "COL ppu": "$3.81 per 100G",
    "COL Size": "2 pack"
  },
  {
    "Brand_Product_Size": "Passage Foods Passage To India Butter Chicken Simmer Sauce Pouch 375g",
    "COL Price": 2.35,
    "COL ppu": "$0.63 per 100G",
    "COL Size": "375g"
  },
  {
    "Brand_Product_Size": "Protea Foods Lekker Traditional Biltong Slices 100g",
    "COL Price": 9.9,
    "COL ppu": "$9.90 per 100G",
    "COL Size": "100g"
  },
  {
    "Brand_Product_Size": "Keep It Cleaner Nut Butter Filled Balls Dark Choc & Peanut Butter Filling 40g",
    "COL Price": 3.5,
    "COL ppu": "$8.75 per 100G",
    "COL Size": "40g"
  },
  {
    "Brand_Product_Size": "Clairol Nice 'N Easy 110 Natural Light Auburn Hair Colour 1 pack",
    "COL Price": 9,
    "COL ppu": "$9.00 per 1Ea",
    "COL Size": "1 pack"
  },
  {
    "Brand_Product_Size": "Thankyou Botanical Cedarwood Body Wash 1L",
    "COL Price": 9.1,
    "COL ppu": "$9.10 per 1L",
    "COL Size": "1L"
  },
  {
    "Brand_Product_Size": "Coles Kitchen Chicken & Vegetable Soup 300g",
    "COL Price": 3,
    "COL ppu": "$1.00 per 100G",
    "COL Size": "300g"
  },
  {
    "Brand_Product_Size": "First Response Pregnancy Test Instream 3 pack",
    "COL Price": 13.6,
    "COL ppu": "$4.53 per 1Ea",
    "COL Size": "3 pack"
  },
  {
    "Brand_Product_Size": "Normandie Chicken With Champagne Pate 150g",
    "COL Price": 4.5,
    "COL ppu": "$3.00 per 100G",
    "COL Size": "150g"
  },
  {
    "Brand_Product_Size": "Original Juice Co. Grapefruit Juice 1L",
    "COL Price": 4.8,
    "COL ppu": "$4.80 per 1L",
    "COL Size": "1L"
  },
  {
    "Brand_Product_Size": "Patties Frozen Party Classic Beef Pies 12 pack 560g",
    "COL Price": 8.5,
    "COL ppu": "$1.52 per 100G",
    "COL Size": "560g"
  },
  {
    "Brand_Product_Size": "Coles Italian Sundried Tomato Halves 280g",
    "COL Price": 4.2,
    "COL ppu": "$15.00 per 1Kg",
    "COL Size": "280g"
  },
  {
    "Brand_Product_Size": "Vicks VapoRub Ointment Decongestant Chest Rub 100g",
    "COL Price": 12.25,
    "COL ppu": "$12.25 per 100G",
    "COL Size": "100g"
  },
  {
    "Brand_Product_Size": "Dole Pineapple Chunks In Juice 432g",
    "COL Price": 2.2,
    "COL ppu": "$5.09 per 1Kg",
    "COL Size": "432g"
  },
  {
    "Brand_Product_Size": "Coles Frozen Beef Pies 4 pack 700g",
    "COL Price": 3.85,
    "COL ppu": "$0.55 per 100G",
    "COL Size": "700g"
  },
  {
    "Brand_Product_Size": "Sabco Easy Clean Toilet Set each",
    "COL Price": 4.5,
    "COL ppu": "$4.50 per 1Ea",
    "COL Size": "each"
  },
  {
    "Brand_Product_Size": "Coles Jumbo Unsalted Cashews 200g",
    "COL Price": 5.5,
    "COL ppu": "$27.50 per 1Kg",
    "COL Size": "200g"
  },
  {
    "Brand_Product_Size": "Schick Intuition Sensitive Blade 3 pack",
    "COL Price": 6.25,
    "COL ppu": "$2.08 per 1Ea",
    "COL Size": "3 pack"
  },
  {
    "Brand_Product_Size": "Fab Sunshine Fresh Top & Front Loader Laundry Powder 4kg",
    "COL Price": 13,
    "COL ppu": "$3.25 per 1Kg",
    "COL Size": "4kg"
  },
  {
    "Brand_Product_Size": "Fussy Cat Cat Food Pouch Bites & Chicken Gravy 12x80g 12 pack",
    "COL Price": 12.5,
    "COL ppu": "$1.30 per 100G",
    "COL Size": "12 pack"
  },
  {
    "Brand_Product_Size": "Swisspers Paper Stems Cotton Tips 120 pack",
    "COL Price": 3,
    "COL ppu": "$0.03 per 1Ea",
    "COL Size": "120 pack"
  },
  {
    "Brand_Product_Size": "Ocean Blue Sliced Smoked Salmon 50g",
    "COL Price": 4.8,
    "COL ppu": "$96.00 per 1Kg",
    "COL Size": "50g"
  },
  {
    "Brand_Product_Size": "Audeeo Verve Bluetooth Speaker Assorted 1 pack",
    "COL Price": 30,
    "COL ppu": "$30.00 per 1Ea",
    "COL Size": "1 pack"
  },
  {
    "Brand_Product_Size": "Coles Deli Salads Tub Large Classic Potato Large",
    "COL Price": 6,
    "COL ppu": "$6.00 per 1Ea",
    "COL Size": "Large"
  },
  {
    "Brand_Product_Size": "Vittoria Special Italian Blend Coffee Beans 1kg",
    "COL Price": 19,
    "COL ppu": "$1.90 per 100G",
    "COL Size": "1kg"
  },
  {
    "Brand_Product_Size": "Diet Rite Apple Raspberry Cordial 1L",
    "COL Price": 3,
    "COL ppu": "$3.00 per 1L",
    "COL Size": "1L"
  },
  {
    "Brand_Product_Size": "Nevana Pizza Base 12 pack 700g",
    "COL Price": 4.8,
    "COL ppu": "$0.69 per 100G",
    "COL Size": "700g"
  },
  {
    "Brand_Product_Size": "SPC Tropics Diced Sweet Pineapple in Juice 4x113g 4 pack",
    "COL Price": 4,
    "COL ppu": "$8.85 per 1Kg",
    "COL Size": "4 pack"
  },
  {
    "Brand_Product_Size": "Coca-Cola No Sugar Soft Drink Sprite 1.25L",
    "COL Price": 2.6,
    "COL ppu": "$2.08 per 1L",
    "COL Size": "1.25L"
  },
  {
    "Brand_Product_Size": "Herbert Adams Chicken & Leek In Creamy Mustard Sauce Pie 700g",
    "COL Price": 15.5,
    "COL ppu": "$2.21 per 100G",
    "COL Size": "700g"
  },
  {
    "Brand_Product_Size": "Castello Double Cream Truffle Cheese 150g",
    "COL Price": 7.5,
    "COL ppu": "$5.00 per 100G",
    "COL Size": "150g"
  },
  {
    "Brand_Product_Size": "Jinmailang Emperor Spicy Beef Noodles 120g",
    "COL Price": 0.95,
    "COL ppu": "$0.79 per 100G",
    "COL Size": "120g"
  },
  {
    "Brand_Product_Size": "Kettle Honey Soy Chicken Potato Chips 175g",
    "COL Price": 4.65,
    "COL ppu": "$2.66 per 100G",
    "COL Size": "175g"
  },
  {
    "Brand_Product_Size": "Coles Deli Salads Tub Snack Classic Potato each",
    "COL Price": 2,
    "COL ppu": "$2.00 per 1Ea",
    "COL Size": "each"
  },
  {
    "Brand_Product_Size": "McKenzie's Bicarbonate Soda Canister 350g",
    "COL Price": 4,
    "COL ppu": "$1.14 per 100G",
    "COL Size": "350g"
  },
  {
    "Brand_Product_Size": "Blackmores Odourless Fish Oil Capsules 200 pack",
    "COL Price": 10,
    "COL ppu": "$5.00 per 100Ea",
    "COL Size": "200 pack"
  },
  {
    "Brand_Product_Size": "Moira Mac's RSPCA Approved Premium Chicken Breast approx. 250g each",
    "COL Price": 4.75,
    "COL ppu": "$19.00 per 1Kg",
    "COL Size": "approx. 250g each"
  },
  {
    "Brand_Product_Size": "Tasti Smooshed Wholefood Balls Cacao Brownie 207g",
    "COL Price": 6.5,
    "COL ppu": "$3.14 per 100G",
    "COL Size": "207g"
  },
  {
    "Brand_Product_Size": "Rafferty's Garden Smooth Pear & Prune 120g",
    "COL Price": 1.5,
    "COL ppu": "$1.25 per 100G",
    "COL Size": "120g"
  },
  {
    "Brand_Product_Size": "Rana Tomato & Mozarella Tortellini 325g",
    "COL Price": 7,
    "COL ppu": "$2.15 per 100G",
    "COL Size": "325g"
  },
  {
    "Brand_Product_Size": "WaterWipes Fragrance Free Sensitive Skin 180 Baby Wipes 180 pack",
    "COL Price": 19.5,
    "COL ppu": "$0.11 per 1Ea",
    "COL Size": "180 pack"
  },
  {
    "Brand_Product_Size": "McKenzie's Rice Flour Gluten Free 375g",
    "COL Price": 1.5,
    "COL ppu": "$4.00 per 1Kg",
    "COL Size": "375g"
  },
  {
    "Brand_Product_Size": "John West Tempters Tuna Springwater Multipack 4x95g 380g",
    "COL Price": 5,
    "COL ppu": "$13.16 per 1Kg",
    "COL Size": "380g"
  },
  {
    "Brand_Product_Size": "Nerada Tea Bags 100 pack 200g",
    "COL Price": 3.5,
    "COL ppu": "$1.75 per 100G",
    "COL Size": "200g"
  },
  {
    "Brand_Product_Size": "V.I.P. Fussy Cat Prime Steak Cat Mince Cat Food 450g",
    "COL Price": 5.8,
    "COL ppu": "$1.29 per 100G",
    "COL Size": "450g"
  },
  {
    "Brand_Product_Size": "Push Pop Lollipop 15g",
    "COL Price": 1.5,
    "COL ppu": "$10.00 per 100G",
    "COL Size": "15g"
  },
  {
    "Brand_Product_Size": "Coles Kitchen Traditional Pumpkin Soup Kit 450g",
    "COL Price": 5,
    "COL ppu": "$11.11 per 1Kg",
    "COL Size": "450g"
  },
  {
    "Brand_Product_Size": "Bondi Sands Aero Dark 225mL",
    "COL Price": 25,
    "COL ppu": "$11.11 per 100mL",
    "COL Size": "225mL"
  },
  {
    "Brand_Product_Size": "Royal Fields Great Northern Beans 700g",
    "COL Price": 6,
    "COL ppu": "$0.86 per 100G",
    "COL Size": "700g"
  },
  {
    "Brand_Product_Size": "Mix Opaque Trouser Socks 70 Denier Black Size 1 2 pack",
    "COL Price": 5,
    "COL ppu": "$2.50 per 1Ea",
    "COL Size": "2 pack"
  },
  {
    "Brand_Product_Size": "Swisse Ultivite Men's 50+ Multivitamin Tablets 60 pack",
    "COL Price": 36,
    "COL ppu": "$60.00 per 100Ea",
    "COL Size": "60 pack"
  },
  {
    "Brand_Product_Size": "Lipton Black Tea Bags 100 pack",
    "COL Price": 5,
    "COL ppu": "$0.05 per 1Ea",
    "COL Size": "100 pack"
  },
  {
    "Brand_Product_Size": "Curash Water Wipes 240 pack",
    "COL Price": 15,
    "COL ppu": "$0.06 per 1Ea",
    "COL Size": "240 pack"
  },
  {
    "Brand_Product_Size": "Queen Gel Red Food Colour 15g",
    "COL Price": 2.5,
    "COL ppu": "$16.67 per 100G",
    "COL Size": "15g"
  },
  {
    "Brand_Product_Size": "Glad To Be Green Recycled Kitchen Tidy Bags Medium 28 pack",
    "COL Price": 3.6,
    "COL ppu": "",
    "COL Size": "28 pack"
  },
  {
    "Brand_Product_Size": "LPO Purify Foaming Gel Cleanser 150 mL",
    "COL Price": 9,
    "COL ppu": "",
    "COL Size": "150 mL"
  },
  {
    "Brand_Product_Size": "Coles Strawberry Yoghurt Topped Muesli Bars 8 Pack 248g",
    "COL Price": 1.9,
    "COL ppu": "$0.77 per 100G",
    "COL Size": "248g"
  },
  {
    "Brand_Product_Size": "Only Good Natural Hand Wash Soothe 300mL",
    "COL Price": 6,
    "COL ppu": "$2.00 per 100mL",
    "COL Size": "300mL"
  },
  {
    "Brand_Product_Size": "Coles Organic Psyllium Husk 250g",
    "COL Price": 6,
    "COL ppu": "$2.40 per 100G",
    "COL Size": "250g"
  },
  {
    "Brand_Product_Size": "Ferrero Collection 24 Pack Boxed Chocolate Gift 269g 269g",
    "COL Price": 20,
    "COL ppu": "$7.43 per 100G",
    "COL Size": "269g"
  },
  {
    "Brand_Product_Size": "Coles Bakery Berry Choc Decorated Pavlova 410g",
    "COL Price": 12,
    "COL ppu": "$2.93 per 100G",
    "COL Size": "410g"
  },
  {
    "Brand_Product_Size": "Latina Fresh Creamy Sundried Tomato Pasta Sauce 425g",
    "COL Price": 6,
    "COL ppu": "$1.41 per 100G",
    "COL Size": "425g"
  },
  {
    "Brand_Product_Size": "Ally Pink Salmon 105g",
    "COL Price": 2.4,
    "COL ppu": "$22.86 per 1Kg",
    "COL Size": "105g"
  },
  {
    "Brand_Product_Size": "Gaia Natural Baby Shampoo 375mL",
    "COL Price": 10.5,
    "COL ppu": "$2.80 per 100mL",
    "COL Size": "375mL"
  },
  {
    "Brand_Product_Size": "Nature's Organics Frequent Use Wild Berry Conditioner 500mL",
    "COL Price": 1.9,
    "COL ppu": "$0.38 per 100mL",
    "COL Size": "500mL"
  },
  {
    "Brand_Product_Size": "Cote D'Or Bouchee Milk Chocolate 8 Pack 200g",
    "COL Price": 5,
    "COL ppu": "$2.50 per 100G",
    "COL Size": "200g"
  },
  {
    "Brand_Product_Size": "Naturopathica Horny Goat Weed For Her 50 pack",
    "COL Price": 39.95,
    "COL ppu": "$0.80 per 1Ea",
    "COL Size": "50 pack"
  },
  {
    "Brand_Product_Size": "Bondi Sands Aero Liquid Gold Foam 225mL",
    "COL Price": 25,
    "COL ppu": "$11.11 per 100mL",
    "COL Size": "225mL"
  },
  {
    "Brand_Product_Size": "Gippsland Dairy Twist Yoghurt Limited Edition 160g",
    "COL Price": 2.5,
    "COL ppu": "$1.56 per 100G",
    "COL Size": "160g"
  },
  {
    "Brand_Product_Size": "Mainland Butter Soft Salted 250g",
    "COL Price": 5.2,
    "COL ppu": "$2.08 per 100G",
    "COL Size": "250g"
  },
  {
    "Brand_Product_Size": "Oral B Clic Toothbrush Replacement Head 2 pack",
    "COL Price": 14,
    "COL ppu": "$7.00 per 1Ea",
    "COL Size": "2 pack"
  },
  {
    "Brand_Product_Size": "Coles Caramel Mud Cake 600g",
    "COL Price": 4.8,
    "COL ppu": "$0.80 per 100G",
    "COL Size": "600g"
  },
  {
    "Brand_Product_Size": "John West Chunk Style Tuna in Brine 425g",
    "COL Price": 5.75,
    "COL ppu": "$13.53 per 1Kg",
    "COL Size": "425g"
  },
  {
    "Brand_Product_Size": "Coles Banana Muffins 4 Pack 440g",
    "COL Price": 3.5,
    "COL ppu": "$0.80 per 100G",
    "COL Size": "440g"
  },
  {
    "Brand_Product_Size": "Obento Sushi & Sashimi Soy Sauce 250mL",
    "COL Price": 3,
    "COL ppu": "$1.20 per 100mL",
    "COL Size": "250mL"
  },
  {
    "Brand_Product_Size": "The Wholesome Food Co Vege Crips Purple And Sweet Potato Chips 120g",
    "COL Price": 4,
    "COL ppu": "$3.33 per 100G",
    "COL Size": "120g"
  },
  {
    "Brand_Product_Size": "Coles Deli Salads Tub Large Classic Coleslaw Large",
    "COL Price": 6,
    "COL ppu": "$6.00 per 1Ea",
    "COL Size": "Large"
  },
  {
    "Brand_Product_Size": "Toni & Guy Brushable Freeze Hold Hairspray 250mL",
    "COL Price": 10,
    "COL ppu": "$4.00 per 100mL",
    "COL Size": "250mL"
  },
  {
    "Brand_Product_Size": "Coles Frozen Carrots Peas & Corn 1kg",
    "COL Price": 3,
    "COL ppu": "$3.00 per 1Kg",
    "COL Size": "1kg"
  },
  {
    "Brand_Product_Size": "Nutty Bruce Organic Unsweetened Almond Milk 1L",
    "COL Price": 5.5,
    "COL ppu": "$5.50 per 1L",
    "COL Size": "1L"
  },
  {
    "Brand_Product_Size": "Arnott's Wheat Shredded Plain Biscuits 250g",
    "COL Price": 2.3,
    "COL ppu": "$0.92 per 100G",
    "COL Size": "250g"
  },
  {
    "Brand_Product_Size": "Nulax Fruit Laxative 250g",
    "COL Price": 6.75,
    "COL ppu": "$2.70 per 100G",
    "COL Size": "250g"
  },
  {
    "Brand_Product_Size": "Coles Kitchen Spinach & Ricotta Cannelloni 350g",
    "COL Price": 6.5,
    "COL ppu": "$1.86 per 100G",
    "COL Size": "350g"
  },
  {
    "Brand_Product_Size": "Coles Frozen Brussels Sprouts 500g",
    "COL Price": 2.35,
    "COL ppu": "$4.70 per 1Kg",
    "COL Size": "500g"
  },
  {
    "Brand_Product_Size": "Coles Italian Diced Tomatoes 800g",
    "COL Price": 1.5,
    "COL ppu": "$1.88 per 1Kg",
    "COL Size": "800g"
  },
  {
    "Brand_Product_Size": "Bushells Coffee & Chicory Essence 250mL",
    "COL Price": 4.3,
    "COL ppu": "$1.72 per 100mL",
    "COL Size": "250mL"
  },
  {
    "Brand_Product_Size": "Coles Bacon Streaky 200g",
    "COL Price": 6,
    "COL ppu": "$30.00 per 1Kg",
    "COL Size": "200g"
  },
  {
    "Brand_Product_Size": "Parker's Sour Cream And Chives Pretzels Chips 5 pack",
    "COL Price": 3.1,
    "COL ppu": "$0.62 per 1Ea",
    "COL Size": "5 pack"
  },
  {
    "Brand_Product_Size": "Bega Tasty Cheese Block 1kg",
    "COL Price": 10,
    "COL ppu": "$10.00 per 1Kg",
    "COL Size": "1kg"
  },
  {
    "Brand_Product_Size": "Darrell Lea Bullets Four Flavour Mixed Pack 220g",
    "COL Price": 4.4,
    "COL ppu": "$2.00 per 100G",
    "COL Size": "220g"
  },
  {
    "Brand_Product_Size": "Decor Match Ups Real Seal Glass Container 600mL each",
    "COL Price": 9,
    "COL ppu": "$9.00 per 1Ea",
    "COL Size": "each"
  },
  {
    "Brand_Product_Size": "Coles Sweet Chilli Prawn Skewers Made With Aussie Prawns Thawed 5Pk 5 pack",
    "COL Price": 12.5,
    "COL ppu": "$2.50 per 1Ea",
    "COL Size": "5 pack"
  },
  {
    "Brand_Product_Size": "Tip Top Gourmet Wholemeal Pizza Bases 2 pack 440g",
    "COL Price": 3,
    "COL ppu": "$0.68 per 100G",
    "COL Size": "440g"
  },
  {
    "Brand_Product_Size": "Green & Black's Cocoa Smooth Dark Chocolate 90g",
    "COL Price": 3,
    "COL ppu": "$3.33 per 100G",
    "COL Size": "90g"
  },
  {
    "Brand_Product_Size": "Coca-Cola No Sugar Coke 1L",
    "COL Price": 4.2,
    "COL ppu": "$4.20 per 1L",
    "COL Size": "1L"
  },
  {
    "Brand_Product_Size": "Coles Rice Wine Vinegar 500mL",
    "COL Price": 3,
    "COL ppu": "$0.60 per 100mL",
    "COL Size": "500mL"
  },
  {
    "Brand_Product_Size": "Menz Gluten Free Bumbles Honeycomb Choc Coated Crunch 400g",
    "COL Price": 4.3,
    "COL ppu": "$1.08 per 100G",
    "COL Size": "400g"
  },
  {
    "Brand_Product_Size": "Coles Urban Coffee Culture Intensity 8 Decaffeinated Coffee  Capsules 10 Pack 52g",
    "COL Price": 3.7,
    "COL ppu": "$7.12 per 100G",
    "COL Size": "52g"
  },
  {
    "Brand_Product_Size": "Coles Eggs Free Range 12 pack 700g",
    "COL Price": 4.5,
    "COL ppu": "$0.64 per 100G",
    "COL Size": "700g"
  },
  {
    "Brand_Product_Size": "Coles Microgreens Lemon Balm each",
    "COL Price": 3,
    "COL ppu": "$3.00 per 1Ea",
    "COL Size": "each"
  },
  {
    "Brand_Product_Size": "Misko Risone Medium No 52 Pasta 500g",
    "COL Price": 2.3,
    "COL ppu": "$0.46 per 100G",
    "COL Size": "500g"
  },
  {
    "Brand_Product_Size": "Arnott's Jatz Original Biscuits 225g",
    "COL Price": 3.2,
    "COL ppu": "$1.42 per 100G",
    "COL Size": "225g"
  },
  {
    "Brand_Product_Size": "OMO Expert Mixed Colour & Blacks Laundry Liquid 1.8L",
    "COL Price": 11,
    "COL ppu": "$6.11 per 1L",
    "COL Size": "1.8L"
  },
  {
    "Brand_Product_Size": "Always Fresh Rustic Ciabatta Crackers Tomato & Herbs 100g",
    "COL Price": 3.45,
    "COL ppu": "$3.45 per 100G",
    "COL Size": "100g"
  },
  {
    "Brand_Product_Size": "Zyrtec 10mg 5 Tablets 1 pack",
    "COL Price": 7,
    "COL ppu": "$7.00 per 1Ea",
    "COL Size": "1 pack"
  },
  {
    "Brand_Product_Size": "Barista Bros Double Espresso Iced Coffee Flavoured Milk 700mL",
    "COL Price": 2.95,
    "COL ppu": "$4.21 per 1L",
    "COL Size": "700mL"
  },
  {
    "Brand_Product_Size": "Gourmet Emporium Bakery Traditional Greek Baklava 2 Pack 100g",
    "COL Price": 4,
    "COL ppu": "$4.00 per 100G",
    "COL Size": "100g"
  },
  {
    "Brand_Product_Size": "Coles Kitchen Butter Chicken 350g",
    "COL Price": 7.5,
    "COL ppu": "$2.14 per 100G",
    "COL Size": "350g"
  },
  {
    "Brand_Product_Size": "Cadbury Roses Chocolate Gift Box 450g",
    "COL Price": 15.5,
    "COL ppu": "$3.44 per 100G",
    "COL Size": "450g"
  },
  {
    "Brand_Product_Size": "Coles Red Delicious Apples Loose approx. 180g each",
    "COL Price": 0.81,
    "COL ppu": "$4.50 per 1Kg",
    "COL Size": "approx. 180g each"
  },
  {
    "Brand_Product_Size": "L'Oreal Elvive Smooth-Intense Shampoo With Argan Oil 700mL",
    "COL Price": 10,
    "COL ppu": "$1.43 per 100mL",
    "COL Size": "700mL"
  },
  {
    "Brand_Product_Size": "Colgate Slim Soft Charcoal Toothbrush 1 pack",
    "COL Price": 3,
    "COL ppu": "$3.00 per 1Ea",
    "COL Size": "1 pack"
  },
  {
    "Brand_Product_Size": "Coles Black Forest Cake 950g",
    "COL Price": 20,
    "COL ppu": "$2.11 per 100G",
    "COL Size": "950g"
  },
  {
    "Brand_Product_Size": "Man Chocolate Sugar Free Wafers 180g",
    "COL Price": 3.35,
    "COL ppu": "$1.86 per 100G",
    "COL Size": "180g"
  },
  {
    "Brand_Product_Size": "On The Menu Frozen Cheese Macaroni 260g",
    "COL Price": 3,
    "COL ppu": "$1.15 per 100G",
    "COL Size": "260g"
  },
  {
    "Brand_Product_Size": "OB Finest Cranberry & Pumpkin Seed Crackers 150g",
    "COL Price": 6,
    "COL ppu": "$4.00 per 100G",
    "COL Size": "150g"
  },
  {
    "Brand_Product_Size": "Colgate Whitening Toothpaste 110g",
    "COL Price": 4.8,
    "COL ppu": "$4.36 per 100G",
    "COL Size": "110g"
  },
  {
    "Brand_Product_Size": "Palmolive Cherry Blossom Foaming Hand Wash Refill 500mL",
    "COL Price": 5.5,
    "COL ppu": "$1.10 per 100mL",
    "COL Size": "500mL"
  },
  {
    "Brand_Product_Size": "My Dog Gourmet Beef Dog Food 6 pack",
    "COL Price": 8.5,
    "COL ppu": "$1.42 per 1Ea",
    "COL Size": "6 pack"
  },
  {
    "Brand_Product_Size": "Whole Kids Organic Cheese & Leek Dinosaur Puffs 4 Pack 24g",
    "COL Price": 5.15,
    "COL ppu": "$21.46 per 100G",
    "COL Size": "24g"
  },
  {
    "Brand_Product_Size": "Strepsils Extra Lozenges With Anaesthetic Blackcurrant 16 pack",
    "COL Price": 7.5,
    "COL ppu": "$0.47 per 1Ea",
    "COL Size": "16 pack"
  },
  {
    "Brand_Product_Size": "Dove Men's Antiperspirant Deodorant Clean comfort 250mL",
    "COL Price": 7,
    "COL ppu": "$2.80 per 100mL",
    "COL Size": "250mL"
  },
  {
    "Brand_Product_Size": "5 Gum Peppermint Chewing Gum Stick 3 Pack 96g",
    "COL Price": 4,
    "COL ppu": "$4.17 per 100G",
    "COL Size": "96g"
  },
  {
    "Brand_Product_Size": "Coles Irresistible Vegan Vanilla Bean Tub 1L",
    "COL Price": 6,
    "COL ppu": "$6.00 per 1L",
    "COL Size": "1L"
  },
  {
    "Brand_Product_Size": "Golden North Giant Twins Vanilla 5 pack 750mL",
    "COL Price": 8,
    "COL ppu": "$1.07 per 100mL",
    "COL Size": "750mL"
  },
  {
    "Brand_Product_Size": "Coles T2 Petite Spiral 23 watt Bayonet Cap 4100k Cool White Globe 2 pack",
    "COL Price": 10,
    "COL ppu": "$5.00 per 1Ea",
    "COL Size": "2 pack"
  },
  {
    "Brand_Product_Size": "Sukin Hydrating Conditioner 500mL",
    "COL Price": 18,
    "COL ppu": "$3.60 per 100mL",
    "COL Size": "500mL"
  },
  {
    "Brand_Product_Size": "Arnott's Tiny Teddy Chocolate Biscuits 8 pack 200g",
    "COL Price": 3,
    "COL ppu": "$1.50 per 100G",
    "COL Size": "200g"
  },
  {
    "Brand_Product_Size": "Bosisto's Purify Diffuser Oil 15mL",
    "COL Price": 17,
    "COL ppu": "$11.33 per 10mL",
    "COL Size": "15mL"
  },
  {
    "Brand_Product_Size": "Sard Wonder Eucalyptus Power Stain Remover 1kg",
    "COL Price": 7,
    "COL ppu": "$7.00 per 1Kg",
    "COL Size": "1kg"
  },
  {
    "Brand_Product_Size": "Nestle KitKat Chunky Milk Chocolate 50g",
    "COL Price": 2,
    "COL ppu": "$4.00 per 100G",
    "COL Size": "50g"
  },
  {
    "Brand_Product_Size": "Violet Crumble Gluten Free Chocolate Bites 180g",
    "COL Price": 4.4,
    "COL ppu": "$2.44 per 100G",
    "COL Size": "180g"
  },
  {
    "Brand_Product_Size": "Naturopathica Fat Blaster Less Sugar Chocolate Shake 430g",
    "COL Price": 20,
    "COL ppu": "$4.65 per 100G",
    "COL Size": "430g"
  },
  {
    "Brand_Product_Size": "Ambi Pur Sky Breeze Car Air Freshener Mini Clip 2mL",
    "COL Price": 3,
    "COL ppu": "$15.00 per 10mL",
    "COL Size": "2mL"
  },
  {
    "Brand_Product_Size": "Onix Home Starter 2 Slice Toaster each",
    "COL Price": 20,
    "COL ppu": "$20.00 per 1Ea",
    "COL Size": "each"
  },
  {
    "Brand_Product_Size": "Marco Polo Sauerkraut Pickle 900g",
    "COL Price": 4.5,
    "COL ppu": "$5.00 per 1Kg",
    "COL Size": "900g"
  },
  {
    "Brand_Product_Size": "Mainland Salted Pure Butter 250g",
    "COL Price": 4.5,
    "COL ppu": "$1.80 per 100G",
    "COL Size": "250g"
  },
  {
    "Brand_Product_Size": "Guylian Chocolate Sea Shells 250g",
    "COL Price": 16,
    "COL ppu": "$6.40 per 100G",
    "COL Size": "250g"
  },
  {
    "Brand_Product_Size": "Efrat Tirosh Grape Juice 1L",
    "COL Price": 8.35,
    "COL ppu": "$8.35 per 1L",
    "COL Size": "1L"
  },
  {
    "Brand_Product_Size": "Gillette Venus & Olay Sugarberry Scent Shaving Blade Refill 3 pack",
    "COL Price": 20,
    "COL ppu": "$20.00 per 1Ea",
    "COL Size": "3 pack"
  },
  {
    "Brand_Product_Size": "Covergirl Clean Fresh Skin Milk Foundation Porcelain 30mL",
    "COL Price": 20,
    "COL ppu": "$6.67 per 10mL",
    "COL Size": "30mL"
  },
  {
    "Brand_Product_Size": "Nature's Way Super Foods Apple Cider Vinegar 60 pack",
    "COL Price": 16,
    "COL ppu": "$0.27 per 1Ea",
    "COL Size": "60 pack"
  },
  {
    "Brand_Product_Size": "Kan Tong Peanut Satay Chicken Stir Fry Cooking Sauce 505g",
    "COL Price": 3.3,
    "COL ppu": "$0.65 per 100G",
    "COL Size": "505g"
  },
  {
    "Brand_Product_Size": "Coles Organic Green Kale each",
    "COL Price": 6,
    "COL ppu": "$6.00 per 1Ea",
    "COL Size": "each"
  },
  {
    "Brand_Product_Size": "Biozet Attack Front & Top Loader Laundry Powder 2kg",
    "COL Price": 20,
    "COL ppu": "$10.00 per 1Kg",
    "COL Size": "2kg"
  },
  {
    "Brand_Product_Size": "Mars Maltesers Dark Chocolate 135g",
    "COL Price": 3,
    "COL ppu": "$2.22 per 100G",
    "COL Size": "135g"
  },
  {
    "Brand_Product_Size": "Peck's Chicken & Ham Spread 125g",
    "COL Price": 2.8,
    "COL ppu": "$2.24 per 100G",
    "COL Size": "125g"
  },
  {
    "Brand_Product_Size": "I'm Free From Plain Flour Gluten Free 500g",
    "COL Price": 2.4,
    "COL ppu": "$4.80 per 1Kg",
    "COL Size": "500g"
  },
  {
    "Brand_Product_Size": "Crest Power Board 4 Socket 2 USB 1.2m each",
    "COL Price": 22,
    "COL ppu": "$22.00 per 1KGM",
    "COL Size": "each"
  },
  {
    "Brand_Product_Size": "Higher Living Daily Detox Tea 15 pack",
    "COL Price": 2.95,
    "COL ppu": "$0.20 per 1Ea",
    "COL Size": "15 pack"
  },
  {
    "Brand_Product_Size": "Cenovis Turmeric 3100 Capsules 80 pack",
    "COL Price": 17,
    "COL ppu": "$0.21 per 1Ea",
    "COL Size": "80 pack"
  },
  {
    "Brand_Product_Size": "Keep It Cleaner Bliss Balls Choc Hazelnut 40g",
    "COL Price": 2.5,
    "COL ppu": "$6.25 per 100G",
    "COL Size": "40g"
  },
  {
    "Brand_Product_Size": "Coles Fruit Salad in Syrup 4 pack 480g",
    "COL Price": 2,
    "COL ppu": "$0.42 per 100G",
    "COL Size": "480g"
  },
  {
    "Brand_Product_Size": "Raguletto Bolognese Pasta Sauce 500g",
    "COL Price": 1.8,
    "COL ppu": "$0.36 per 100G",
    "COL Size": "500g"
  },
  {
    "Brand_Product_Size": "Glen 20 Summer Garden Disinfectant Spray 300g",
    "COL Price": 8,
    "COL ppu": "$2.67 per 100G",
    "COL Size": "300g"
  },
  {
    "Brand_Product_Size": "Lavazza Qualita Rossa Ground 1kg",
    "COL Price": 22,
    "COL ppu": "$2.20 per 100G",
    "COL Size": "1kg"
  },
  {
    "Brand_Product_Size": "John West Spanish Mussels Galician Sauce 110g",
    "COL Price": 4,
    "COL ppu": "$36.36 per 1Kg",
    "COL Size": "110g"
  },
  {
    "Brand_Product_Size": "Cadbury Dairy Milk Freddo Strawberry & Vanilla Flavours Reduced Fat Ice Cream 4 Pack 328mL",
    "COL Price": 4.5,
    "COL ppu": "$1.37 per 100mL",
    "COL Size": "328mL"
  },
  {
    "Brand_Product_Size": "Four N Twenty Traveller Microwavable Classic Beef Pie 160g",
    "COL Price": 3.2,
    "COL ppu": "$2.00 per 100G",
    "COL Size": "160g"
  },
  {
    "Brand_Product_Size": "Primo English Sliced Ham 100g",
    "COL Price": 3.25,
    "COL ppu": "$32.50 per 1Kg",
    "COL Size": "100g"
  },
  {
    "Brand_Product_Size": "Sukin Hydrating Conditioner 1L",
    "COL Price": 28,
    "COL ppu": "$2.80 per 100mL",
    "COL Size": "1L"
  },
  {
    "Brand_Product_Size": "Valley Produce Co. Original Bagel Toast 120g",
    "COL Price": 5,
    "COL ppu": "$4.17 per 100G",
    "COL Size": "120g"
  },
  {
    "Brand_Product_Size": "Heat Beads Coconut Shell Charcoal BBQ Briquettes 4kg",
    "COL Price": 9.95,
    "COL ppu": "$2.49 per 1Kg",
    "COL Size": "4kg"
  },
  {
    "Brand_Product_Size": "Woofin Good Chunks In Gravy Mixed Selection Chicken Duck & Turkey Dog Food Pouches 12 pack",
    "COL Price": 14,
    "COL ppu": "$1.17 per 100G",
    "COL Size": "12 pack"
  },
  {
    "Brand_Product_Size": "Danone The Ultimate Black Cherry Yoghurt 4x115g 4 pack",
    "COL Price": 4.5,
    "COL ppu": "$0.98 per 100G",
    "COL Size": "4 pack"
  },
  {
    "Brand_Product_Size": "Wrigley's Extra Sugar Free Strawberry Chewing Gum 14 Piece 27g",
    "COL Price": 2,
    "COL ppu": "$7.41 per 100G",
    "COL Size": "27g"
  },
  {
    "Brand_Product_Size": "Madura English Breakfast Tea Bags 50 pack 100g",
    "COL Price": 4.85,
    "COL ppu": "$4.85 per 100G",
    "COL Size": "100g"
  },
  {
    "Brand_Product_Size": "Mutti Polpa Tomatoes Finely Chopped 2 pack 800g",
    "COL Price": 3,
    "COL ppu": "$3.75 per 1Kg",
    "COL Size": "800g"
  },
  {
    "Brand_Product_Size": "L'Oreal Charcoal Sheet Mask 1 pack",
    "COL Price": 6,
    "COL ppu": "$6.00 per 1Ea",
    "COL Size": "1 pack"
  },
  {
    "Brand_Product_Size": "Ollies Kitchen Gnocchi Sweet Potato 400g",
    "COL Price": 3.75,
    "COL ppu": "$0.94 per 100G",
    "COL Size": "400g"
  },
  {
    "Brand_Product_Size": "Hercules Clickzip Snack Bags Small 15cm x 10cm 40 pack",
    "COL Price": 2,
    "COL ppu": "$0.05 per 1Ea",
    "COL Size": "40 pack"
  },
  {
    "Brand_Product_Size": "Coles Kitchen 2 Plain Naan 350g",
    "COL Price": 3.5,
    "COL ppu": "$1.00 per 100G",
    "COL Size": "350g"
  },
  {
    "Brand_Product_Size": "Coles Coconut Curry Bites 175g",
    "COL Price": 5,
    "COL ppu": "$2.86 per 100G",
    "COL Size": "175g"
  },
  {
    "Brand_Product_Size": "Coles 97% Fat Free Mayonnaise 525g",
    "COL Price": 2.6,
    "COL ppu": "$0.50 per 100G",
    "COL Size": "525g"
  },
  {
    "Brand_Product_Size": "Sukin Rosehip Nourishing Cream Cleanser 125mL",
    "COL Price": 16,
    "COL ppu": "$12.80 per 100mL",
    "COL Size": "125mL"
  },
  {
    "Brand_Product_Size": "Cussons Imperial Leather Family Fresh Talcum Powder 300g",
    "COL Price": 3.4,
    "COL ppu": "$1.36 per 100G",
    "COL Size": "300g"
  },
  {
    "Brand_Product_Size": "Peters Maxibon Dare Ice Coffee 4 Pack 620mL",
    "COL Price": 8.4,
    "COL ppu": "$1.35 per 100mL",
    "COL Size": "620mL"
  },
  {
    "Brand_Product_Size": "Coles Sesame Seeds Bagels 4 Pack 360g",
    "COL Price": 3,
    "COL ppu": "$0.83 per 100G",
    "COL Size": "360g"
  },
  {
    "Brand_Product_Size": "Organic Choice Lemongrass & Cedarwood Candle 200g",
    "COL Price": 15,
    "COL ppu": "$15.00 per 1Ea",
    "COL Size": "200g"
  },
  {
    "Brand_Product_Size": "Coles Tempura Bubble Prawns 160g",
    "COL Price": 5,
    "COL ppu": "$3.13 per 100G",
    "COL Size": "160g"
  },
  {
    "Brand_Product_Size": "Jalna Farm To Pot Organic Yoghourt Vanilla 1kg",
    "COL Price": 7.95,
    "COL ppu": "$0.80 per 100G",
    "COL Size": "1kg"
  },
  {
    "Brand_Product_Size": "Earth Choice Shower Cleaner Trigger Spray 600mL",
    "COL Price": 4.15,
    "COL ppu": "$0.69 per 100mL",
    "COL Size": "600mL"
  },
  {
    "Brand_Product_Size": "Coles Diced Peaches in Syrup 4 pack 480g",
    "COL Price": 2,
    "COL ppu": "$4.17 per 1Kg",
    "COL Size": "480g"
  },
  {
    "Brand_Product_Size": "Coles Multi-Tuft Brush 1 pack",
    "COL Price": 6.8,
    "COL ppu": "$6.80 per 1Ea",
    "COL Size": "1 pack"
  },
  {
    "Brand_Product_Size": "Simson's Pantry Lite + Prebiotics Wraps 6pack 420g",
    "COL Price": 6,
    "COL ppu": "$1.43 per 100G",
    "COL Size": "420g"
  },
  {
    "Brand_Product_Size": "Shneider's Dijon Mustard 350g",
    "COL Price": 4,
    "COL ppu": "$1.14 per 100G",
    "COL Size": "350g"
  },
  {
    "Brand_Product_Size": "Nivea Sun UV Face Tinted BB Cream Sunscreen Lotion SPF50 50mL",
    "COL Price": 13,
    "COL ppu": "$26.00 per 100mL",
    "COL Size": "50mL"
  },
  {
    "Brand_Product_Size": "Ansell Pink Silverlined Gloves Size 9 1 pair",
    "COL Price": 3.2,
    "COL ppu": "$3.20 per 1Ea",
    "COL Size": "1 pair"
  },
  {
    "Brand_Product_Size": "Taste Traders Thai Red Curry Crackers 150g",
    "COL Price": 2,
    "COL ppu": "$1.33 per 100G",
    "COL Size": "150g"
  },
  {
    "Brand_Product_Size": "Coles Nature's Kitchen Sweet Potato & Black Bean Burger 250g",
    "COL Price": 3.5,
    "COL ppu": "$1.40 per 100G",
    "COL Size": "250g"
  },
  {
    "Brand_Product_Size": "M & M's Ice Cream Cake 795g",
    "COL Price": 15,
    "COL ppu": "$1.89 per 100G",
    "COL Size": "795g"
  },
  {
    "Brand_Product_Size": "Coles Banana Yoghurt Pouch 70g",
    "COL Price": 0.75,
    "COL ppu": "$1.07 per 100G",
    "COL Size": "70g"
  },
  {
    "Brand_Product_Size": "Praise Caesar Salad Croutons 150g",
    "COL Price": 4,
    "COL ppu": "$2.67 per 100G",
    "COL Size": "150g"
  },
  {
    "Brand_Product_Size": "Haldiram's Aloo Bhujia Snacks 150g",
    "COL Price": 1.6,
    "COL ppu": "$1.07 per 100G",
    "COL Size": "150g"
  },
  {
    "Brand_Product_Size": "Reef Coconut Suntan Oil SPF 15+ 125mL",
    "COL Price": 11.5,
    "COL ppu": "$9.20 per 100mL",
    "COL Size": "125mL"
  },
  {
    "Brand_Product_Size": "M & M Kosher Whole Chicken 8 Cut Skin Off approx. 500g pack",
    "COL Price": 7.45,
    "COL ppu": "$14.90 per 1Kg",
    "COL Size": "approx. 500g pack"
  },
  {
    "Brand_Product_Size": "Coles Outdoor Mosquito 10 Coils 120g",
    "COL Price": 1.5,
    "COL ppu": "$1.25 per 100G",
    "COL Size": "120g"
  },
  {
    "Brand_Product_Size": "Coles Easy Close Storage Bags 25 pack",
    "COL Price": 3.15,
    "COL ppu": "$0.13 per 1Ea",
    "COL Size": "25 pack"
  },
  {
    "Brand_Product_Size": "Gourmet Garden Coriander Cold Blended Paste 80g",
    "COL Price": 3.5,
    "COL ppu": "$0.44 per 10G",
    "COL Size": "80g"
  },
  {
    "Brand_Product_Size": "Ultimates Indulge Tuna With Shredded Chicken Breast & Prawns Adult Cat Food 85g",
    "COL Price": 1.2,
    "COL ppu": "$1.41 per 100G",
    "COL Size": "85g"
  },
  {
    "Brand_Product_Size": "Clara Ultra Thin Pads Regular Without Wings 14 pack",
    "COL Price": 3,
    "COL ppu": "",
    "COL Size": "14 pack"
  },
  {
    "Brand_Product_Size": "Mr Kipling Lemonade & Elderflower Slices 6 pack 160g",
    "COL Price": 2.5,
    "COL ppu": "$1.56 per 100G",
    "COL Size": "160g"
  },
  {
    "Brand_Product_Size": "Fibre One Carrot Cake Bars 4 Pieces 100g",
    "COL Price": 5.5,
    "COL ppu": "$5.50 per 100G",
    "COL Size": "100g"
  },
  {
    "Brand_Product_Size": "Head & Shoulders Shampoo Itchy Scalp 400mL",
    "COL Price": 6.75,
    "COL ppu": "$1.69 per 100mL",
    "COL Size": "400mL"
  },
  {
    "Brand_Product_Size": "MasterFoods Smokey BBQ Marinade 375g",
    "COL Price": 2.5,
    "COL ppu": "$0.67 per 100G",
    "COL Size": "375g"
  },
  {
    "Brand_Product_Size": "Huggies Ultimate Nappy Pant Size 4 56 pack",
    "COL Price": 32,
    "COL ppu": "$0.57 per 1Ea",
    "COL Size": "56 pack"
  },
  {
    "Brand_Product_Size": "Ziploc Snack Bag 60 pack",
    "COL Price": 4,
    "COL ppu": "$0.07 per 1Ea",
    "COL Size": "60 pack"
  },
  {
    "Brand_Product_Size": "Smash Leak Proof Sandwich Box each",
    "COL Price": 6,
    "COL ppu": "$6.00 per 1Ea",
    "COL Size": "each"
  },
  {
    "Brand_Product_Size": "Peters Life Savers Ice Cream 8 pack 530mL",
    "COL Price": 7,
    "COL ppu": "$1.32 per 100mL",
    "COL Size": "530mL"
  },
  {
    "Brand_Product_Size": "Laoganma Chilli Sauce With Diced Chicken 210g",
    "COL Price": 4,
    "COL ppu": "$1.90 per 100G",
    "COL Size": "210g"
  },
  {
    "Brand_Product_Size": "Marbig Colourhide Lecture Notebook A4 200 page",
    "COL Price": 8.75,
    "COL ppu": "",
    "COL Size": "200 page"
  },
  {
    "Brand_Product_Size": "Maharajah's Choice Soya Wadi 500g",
    "COL Price": 3.2,
    "COL ppu": "$0.64 per 100G",
    "COL Size": "500g"
  },
  {
    "Brand_Product_Size": "Five:AM Organic Honey & Cinnamon Yoghurt 700g",
    "COL Price": 6,
    "COL ppu": "$0.86 per 100G",
    "COL Size": "700g"
  },
  {
    "Brand_Product_Size": "Coles Green Tea Bags 50 pack 75g",
    "COL Price": 2.2,
    "COL ppu": "$2.93 per 100G",
    "COL Size": "75g"
  },
  {
    "Brand_Product_Size": "Maggi 2 Minute Noodles Chicken Cup 4 Pack 240g",
    "COL Price": 5,
    "COL ppu": "$2.08 per 100G",
    "COL Size": "240g"
  },
  {
    "Brand_Product_Size": "Que Cola Soft Drink 1.25L",
    "COL Price": 1,
    "COL ppu": "$0.80 per 1L",
    "COL Size": "1.25L"
  },
  {
    "Brand_Product_Size": "Coles Cat Litter Crystals 3.6kg",
    "COL Price": 14,
    "COL ppu": "$3.89 per 1Kg",
    "COL Size": "3.6kg"
  },
  {
    "Brand_Product_Size": "Coles Cherry Burst Tomatoes Prepacked 200g",
    "COL Price": 3.9,
    "COL ppu": "$19.50 per 1Kg",
    "COL Size": "200g"
  },
  {
    "Brand_Product_Size": "Coles Minestrone Soup Kit 500g",
    "COL Price": 5,
    "COL ppu": "$10.00 per 1Kg",
    "COL Size": "500g"
  },
  {
    "Brand_Product_Size": "Gumption Multi -Purpose Cleaner 500g",
    "COL Price": 5.4,
    "COL ppu": "$1.08 per 100G",
    "COL Size": "500g"
  },
  {
    "Brand_Product_Size": "Bonne Maman Blueberry Jam 370g",
    "COL Price": 5.2,
    "COL ppu": "$1.41 per 100G",
    "COL Size": "370g"
  },
  {
    "Brand_Product_Size": "Mortein Power Gard Automatic Insect Control Refill 154g",
    "COL Price": 16,
    "COL ppu": "$10.39 per 100G",
    "COL Size": "154g"
  },
  {
    "Brand_Product_Size": "Coles Coriander Value Bunch each",
    "COL Price": 2,
    "COL ppu": "$2.00 per 1Ea",
    "COL Size": "each"
  },
  {
    "Brand_Product_Size": "Passage Foods Passage To India Balti Curry Simmer Sauce Pouch 375g",
    "COL Price": 2.35,
    "COL ppu": "$0.63 per 100G",
    "COL Size": "375g"
  },
  {
    "Brand_Product_Size": "Mix Fuller Figure Tights 70 Denier Black Size 1 1 pack",
    "COL Price": 8,
    "COL ppu": "$8.00 per 1Ea",
    "COL Size": "1 pack"
  },
  {
    "Brand_Product_Size": "Coles Deli Snack BBQ Pasta Salad each",
    "COL Price": 3,
    "COL ppu": "$3.00 per 1Ea",
    "COL Size": "each"
  },
  {
    "Brand_Product_Size": "Coles Deli Castello White Cheese approx. 100g",
    "COL Price": 4.5,
    "COL ppu": "$45.00 per 1Kg",
    "COL Size": "approx. 100g"
  },
  {
    "Brand_Product_Size": "Coles Natural Spring Water 350mL 24 pack",
    "COL Price": 8.6,
    "COL ppu": "$1.02 per 1L",
    "COL Size": "24 pack"
  },
  {
    "Brand_Product_Size": "Ogx Argan Oil of Morocco Conditioner 385mL",
    "COL Price": 20,
    "COL ppu": "$5.19 per 100mL",
    "COL Size": "385mL"
  },
  {
    "Brand_Product_Size": "Coles Australian Peri Peri Roast Chicken Breast Slices 150g",
    "COL Price": 5,
    "COL ppu": "$33.34 per 1Kg",
    "COL Size": "150g"
  },
  {
    "Brand_Product_Size": "Primo Gluten Free Short Cut Bacon Rindless 750g",
    "COL Price": 15,
    "COL ppu": "$20.00 per 1Kg",
    "COL Size": "750g"
  },
  {
    "Brand_Product_Size": "Nature's Way Restore Probiotic Capsules 90 pack",
    "COL Price": 47,
    "COL ppu": "$0.52 per 1Ea",
    "COL Size": "90 pack"
  },
  {
    "Brand_Product_Size": "Saunders Malt Extract 1kg",
    "COL Price": 10,
    "COL ppu": "$1.00 per 100G",
    "COL Size": "1kg"
  },
  {
    "Brand_Product_Size": "Coles No Added Sugar Dark Chocolate With Peppermint 100g",
    "COL Price": 4,
    "COL ppu": "$4.00 per 100G",
    "COL Size": "100g"
  },
  {
    "Brand_Product_Size": "V.I.P. Fussy Cat Grain Free Salmon Whitefish & Olive Oil Dry Cat Food 500g",
    "COL Price": 5,
    "COL ppu": "$1.00 per 100G",
    "COL Size": "500g"
  },
  {
    "Brand_Product_Size": "Coles Table Salt 1kg",
    "COL Price": 0.9,
    "COL ppu": "$0.01 per 10G",
    "COL Size": "1kg"
  },
  {
    "Brand_Product_Size": "Purr Tuna Prawn Gravy Cat Food Pouch 85g",
    "COL Price": 1,
    "COL ppu": "$1.18 per 100G",
    "COL Size": "85g"
  },
  {
    "Brand_Product_Size": "Sabco Long Handled Scrub 7.5g",
    "COL Price": 10,
    "COL ppu": "$13.33 per 10G",
    "COL Size": "7.5g"
  },
  {
    "Brand_Product_Size": "Coles I'M Free From Sugar Free Chocolate Chip Cookies 160g",
    "COL Price": 3.5,
    "COL ppu": "$2.19 per 100G",
    "COL Size": "160g"
  },
  {
    "Brand_Product_Size": "Bundaberg Apple Cider Multipack Bottles 375mL 4 pack",
    "COL Price": 6.35,
    "COL ppu": "$4.23 per 1L",
    "COL Size": "4 pack"
  },
  {
    "Brand_Product_Size": "Ozkleen Oven Power Cleaner Kit 1 pack",
    "COL Price": 6.95,
    "COL ppu": "$6.95 per 1Ea",
    "COL Size": "1 pack"
  },
  {
    "Brand_Product_Size": "Eastcoast Beverages Passionfruit Orange & Guava Juice Chilled 2L",
    "COL Price": 4.75,
    "COL ppu": "$2.38 per 1L",
    "COL Size": "2L"
  },
  {
    "Brand_Product_Size": "Starbucks By Nespresso Blonde Espresso Roast Capsules 10 pack",
    "COL Price": 6.9,
    "COL ppu": "$0.69 per 1Ea",
    "COL Size": "10 pack"
  },
  {
    "Brand_Product_Size": "Toblerone Swiss Milk Chocolate With Honey And Almond Nougat 120g",
    "COL Price": 5,
    "COL ppu": "$4.17 per 100G",
    "COL Size": "120g"
  },
  {
    "Brand_Product_Size": "Nescafe Gold Coffee Sachets Almond Mocha 6 pack",
    "COL Price": 6.3,
    "COL ppu": "$1.05 per 1Ea",
    "COL Size": "6 pack"
  },
  {
    "Brand_Product_Size": "Pauls Zymil Skim Milk 1L",
    "COL Price": 3.1,
    "COL ppu": "$3.10 per 1L",
    "COL Size": "1L"
  },
  {
    "Brand_Product_Size": "Arnott's Vita-Weat 5 Super Seeds Crispbread 250g",
    "COL Price": 3.3,
    "COL ppu": "$1.32 per 100G",
    "COL Size": "250g"
  },
  {
    "Brand_Product_Size": "Lipton Raspberry Ice Tea 1.5L",
    "COL Price": 1.97,
    "COL ppu": "$1.31 per 1L",
    "COL Size": "1.5L"
  },
  {
    "Brand_Product_Size": "Hinkler Shaped Colouring Book Assorted each",
    "COL Price": 4,
    "COL ppu": "$4.00 per 1Ea",
    "COL Size": "each"
  },
  {
    "Brand_Product_Size": "Ayam Oyster Sauce 210mL",
    "COL Price": 3.5,
    "COL ppu": "$1.67 per 100mL",
    "COL Size": "210mL"
  },
  {
    "Brand_Product_Size": "South Cape Sweet & Fruity Edam Cheese Wedge 200g",
    "COL Price": 4.7,
    "COL ppu": "$23.50 per 1Kg",
    "COL Size": "200g"
  },
  {
    "Brand_Product_Size": "Napro Palette 3-0 Dark Brown Permanent Hair Colour 1 pack",
    "COL Price": 7.95,
    "COL ppu": "$7.95 per 1Ea",
    "COL Size": "1 pack"
  },
  {
    "Brand_Product_Size": "Coles Deli Medium BBQ Pasta Salad each",
    "COL Price": 6,
    "COL ppu": "$6.00 per 1Ea",
    "COL Size": "each"
  },
  {
    "Brand_Product_Size": "Kez's Kitchen Gluten Free  Chocolate Salted Caramel Pretzel Florentines 150g",
    "COL Price": 7,
    "COL ppu": "$4.67 per 100G",
    "COL Size": "150g"
  },
  {
    "Brand_Product_Size": "Toblerone Swiss Milk Chocolate With Honey And Almond Nougat 120g",
    "COL Price": 5,
    "COL ppu": "$4.17 per 100G",
    "COL Size": "120g"
  },
  {
    "Brand_Product_Size": "Dairy Farmers Strawberry Flavoured Milk 500mL",
    "COL Price": 3,
    "COL ppu": "$6.00 per 1L",
    "COL Size": "500mL"
  },
  {
    "Brand_Product_Size": "Oob Organic Frozen Mixed Berries 300g",
    "COL Price": 5,
    "COL ppu": "$1.67 per 100G",
    "COL Size": "300g"
  },
  {
    "Brand_Product_Size": "Optimum Beef & Rice Wet Dog Food Can Adult 400g",
    "COL Price": 2.6,
    "COL ppu": "$0.65 per 100G",
    "COL Size": "400g"
  },
  {
    "Brand_Product_Size": "Zahra Harissa Paste 350g",
    "COL Price": 2.5,
    "COL ppu": "$0.71 per 100G",
    "COL Size": "350g"
  },
  {
    "Brand_Product_Size": "Sistema To Go 2 Yoghurt Pots 1 pack",
    "COL Price": 6,
    "COL ppu": "$6.00 per 1Ea",
    "COL Size": "1 pack"
  },
  {
    "Brand_Product_Size": "Rexona Men Original Roll On Deodorant 50mL",
    "COL Price": 4,
    "COL ppu": "$8.00 per 100mL",
    "COL Size": "50mL"
  },
  {
    "Brand_Product_Size": "Coles Magnetic Whiteboard With Marker 35cm X 25cm each",
    "COL Price": 7.5,
    "COL ppu": "$7.50 per 1Ea",
    "COL Size": "each"
  },
  {
    "Brand_Product_Size": "Steggles Frozen Hot & Spicy Chicken Breast Tenders 400g",
    "COL Price": 9,
    "COL ppu": "$22.50 per 1Kg",
    "COL Size": "400g"
  },
  {
    "Brand_Product_Size": "Patak's Cashew & Coconut Simmer Sauce Mild 450g",
    "COL Price": 3.5,
    "COL ppu": "$0.78 per 100G",
    "COL Size": "450g"
  },
  {
    "Brand_Product_Size": "Promensil Menopause Tablets 30 pack",
    "COL Price": 32,
    "COL ppu": "$106.67 per 100Ea",
    "COL Size": "30 pack"
  },
  {
    "Brand_Product_Size": "Palmolive Eco Dishwashing Liquid Orange & Ginger 450mL",
    "COL Price": 4,
    "COL ppu": "$0.89 per 100mL",
    "COL Size": "450mL"
  },
  {
    "Brand_Product_Size": "Fisherman's Friend Honey & Lemon Flavour Menthol Lozenges 25g",
    "COL Price": 2.3,
    "COL ppu": "$9.20 per 100G",
    "COL Size": "25g"
  },
  {
    "Brand_Product_Size": "Cenovis St. John's Wort Tablets 60 pack",
    "COL Price": 14,
    "COL ppu": "$0.23 per 1Ea",
    "COL Size": "60 pack"
  },
  {
    "Brand_Product_Size": "Cascade Soda Water & Lime Multipack Mini Cans 200mL 4 pack",
    "COL Price": 4.4,
    "COL ppu": "$5.50 per 1L",
    "COL Size": "4 pack"
  },
  {
    "Brand_Product_Size": "Mildura Apple Lemonade Quencher 500mL",
    "COL Price": 2.15,
    "COL ppu": "$4.30 per 1L",
    "COL Size": "500mL"
  },
  {
    "Brand_Product_Size": "Coles Durum Wheat Pasta Penne Rigate 500g",
    "COL Price": 1,
    "COL ppu": "$0.20 per 100G",
    "COL Size": "500g"
  },
  {
    "Brand_Product_Size": "La Famiglia Stone Baked Sourdough Garlic Bread 480g",
    "COL Price": 5,
    "COL ppu": "$1.04 per 100G",
    "COL Size": "480g"
  },
  {
    "Brand_Product_Size": "Kezs Kitchen Gluten Free Brownie Bar Protein Fudgy Choc 45g",
    "COL Price": 2,
    "COL ppu": "$4.44 per 100G",
    "COL Size": "45g"
  },
  {
    "Brand_Product_Size": "Nivea Men Moisturising Shaving Gel + Aloe Vera 200mL",
    "COL Price": 6,
    "COL ppu": "$3.00 per 100mL",
    "COL Size": "200mL"
  },
  {
    "Brand_Product_Size": "Coles Kitchen Balanced Peri Peri Chicken With Sweet Potato Mash 350g",
    "COL Price": 7.5,
    "COL ppu": "$2.14 per 100G",
    "COL Size": "350g"
  },
  {
    "Brand_Product_Size": "Gourmet Garden Lemongrass Cold Blended Paste 80g",
    "COL Price": 3.5,
    "COL ppu": "$0.44 per 10G",
    "COL Size": "80g"
  },
  {
    "Brand_Product_Size": "Conimex Ketjap Manis Sweet Soy Sauce 240mL",
    "COL Price": 5,
    "COL ppu": "$2.08 per 100mL",
    "COL Size": "240mL"
  },
  {
    "Brand_Product_Size": "Coles Caesar Salad Bowl Prepacked 200g",
    "COL Price": 5,
    "COL ppu": "$25.00 per 1Kg",
    "COL Size": "200g"
  },
  {
    "Brand_Product_Size": "Mersey Valley Little Entertainer Pickled Onion 80g",
    "COL Price": 3.5,
    "COL ppu": "$43.75 per 1Kg",
    "COL Size": "80g"
  },
  {
    "Brand_Product_Size": "Go Ahead Sultana & Apple Crispy Slice 218g",
    "COL Price": 1.97,
    "COL ppu": "$0.90 per 100G",
    "COL Size": "218g"
  },
  {
    "Brand_Product_Size": "White Glo Curcumin Tartar & Inflammation Fighter Toothpaste 150g",
    "COL Price": 6,
    "COL ppu": "$4.00 per 100G",
    "COL Size": "150g"
  },
  {
    "Brand_Product_Size": "Cadbury Moro Chocolate Bar 60g",
    "COL Price": 2,
    "COL ppu": "$3.33 per 100G",
    "COL Size": "60g"
  },
  {
    "Brand_Product_Size": "Coles Gluten Free Sliced Salami 200g",
    "COL Price": 5,
    "COL ppu": "$2.50 per 100G",
    "COL Size": "200g"
  },
  {
    "Brand_Product_Size": "Coles I'M Free From Corn Flakes 375g",
    "COL Price": 3,
    "COL ppu": "$0.80 per 100G",
    "COL Size": "375g"
  },
  {
    "Brand_Product_Size": "Primo Middle Bacon approx. 250g",
    "COL Price": 2.75,
    "COL ppu": "$11.00 per 1Kg",
    "COL Size": "approx. 250g"
  },
  {
    "Brand_Product_Size": "Sellotape Sticky tape 18mmx25m each",
    "COL Price": 3,
    "COL ppu": "$3.00 per 1Ea",
    "COL Size": "each"
  },
  {
    "Brand_Product_Size": "Coles Baby Spinach & Rocket Leaves Prepacked 120g",
    "COL Price": 3,
    "COL ppu": "$25.00 per 1Kg",
    "COL Size": "120g"
  },
  {
    "Brand_Product_Size": "Sunrice Gluten Free Rice & Quinoa Microwave Cups 2 Pack 250g",
    "COL Price": 2.8,
    "COL ppu": "$1.12 per 100G",
    "COL Size": "250g"
  },
  {
    "Brand_Product_Size": "Anticol Medicated Throat Lozenges Original Menthol 3 pack",
    "COL Price": 4,
    "COL ppu": "$4.00 per 1Ea",
    "COL Size": "3 pack"
  },
  {
    "Brand_Product_Size": "Gaganis Great Northern White Beans 1kg",
    "COL Price": 4.9,
    "COL ppu": "$4.90 per 1Kg",
    "COL Size": "1kg"
  },
  {
    "Brand_Product_Size": "Coles Beef And Pork Meat Loaf 600g",
    "COL Price": 10,
    "COL ppu": "$16.67 per 1Kg",
    "COL Size": "600g"
  },
  {
    "Brand_Product_Size": "Valcom Tom Yum Paste 210g",
    "COL Price": 3.2,
    "COL ppu": "$1.52 per 100G",
    "COL Size": "210g"
  },
  {
    "Brand_Product_Size": "Antoniou Filo Pastry Chilled 375g",
    "COL Price": 4,
    "COL ppu": "$1.07 per 100G",
    "COL Size": "375g"
  },
  {
    "Brand_Product_Size": "Red Seal Lemon & Lime Hot Or Cold Brew Tea 20 pack",
    "COL Price": 3,
    "COL ppu": "$0.15 per 1Ea",
    "COL Size": "20 pack"
  },
  {
    "Brand_Product_Size": "Johnson & Johnson Baby Powder 400g",
    "COL Price": 4.5,
    "COL ppu": "$1.13 per 100G",
    "COL Size": "400g"
  },
  {
    "Brand_Product_Size": "Schwarzkopf Root Retoucher Cashmere Red 70g",
    "COL Price": 18,
    "COL ppu": "$25.71 per 100G",
    "COL Size": "70g"
  },
  {
    "Brand_Product_Size": "Coles No Added Hormone Beef Scotch Steak 2 pack 510g",
    "COL Price": 21,
    "COL ppu": "$4.12 per 100G",
    "COL Size": "510g"
  },
  {
    "Brand_Product_Size": "Deoflor Cleaner Toilet Incistern 110g",
    "COL Price": 3,
    "COL ppu": "$2.73 per 100G",
    "COL Size": "110g"
  },
  {
    "Brand_Product_Size": "Coles Coloured Kids Hangers 10 pack",
    "COL Price": 3.4,
    "COL ppu": "$0.34 per 1Ea",
    "COL Size": "10 pack"
  },
  {
    "Brand_Product_Size": "Coles Kitchen Cheese Chutney & Rice Crackers 55g",
    "COL Price": 2.5,
    "COL ppu": "$4.55 per 100G",
    "COL Size": "55g"
  },
  {
    "Brand_Product_Size": "Olay Moisturising Cream 100g",
    "COL Price": 13,
    "COL ppu": "$13.00 per 100G",
    "COL Size": "100g"
  },
  {
    "Brand_Product_Size": "Palmolive Naturals Hypoallergenic Mild & Sensitive Body Wash 1L",
    "COL Price": 8.5,
    "COL ppu": "$0.85 per 100mL",
    "COL Size": "1L"
  },
  {
    "Brand_Product_Size": "Twinings Golden Turmeric Latte 200g",
    "COL Price": 9.65,
    "COL ppu": "$4.83 per 100G",
    "COL Size": "200g"
  },
  {
    "Brand_Product_Size": "Coles Bake & Create Galaxy Sprinkles 70g",
    "COL Price": 3,
    "COL ppu": "$4.29 per 100G",
    "COL Size": "70g"
  },
  {
    "Brand_Product_Size": "Coles Green Cucumber each",
    "COL Price": 2.2,
    "COL ppu": "$2.20 per 1Ea",
    "COL Size": "each"
  },
  {
    "Brand_Product_Size": "Coles Baby Sweet Corn Prepacked 125g",
    "COL Price": 5,
    "COL ppu": "$40.00 per 1Kg",
    "COL Size": "125g"
  },
  {
    "Brand_Product_Size": "Lipton English Breakfast Black Tea Bags 100 pack",
    "COL Price": 5,
    "COL ppu": "$0.05 per 1Ea",
    "COL Size": "100 pack"
  },
  {
    "Brand_Product_Size": "Ritz Sweet N Salty Choc Flavoured Sandwich Crackers 118g",
    "COL Price": 1.5,
    "COL ppu": "$1.27 per 100G",
    "COL Size": "118g"
  },
  {
    "Brand_Product_Size": "Cook & Dine Aluminium Frying Pan 24cm each",
    "COL Price": 11,
    "COL ppu": "$11.00 per 1Ea",
    "COL Size": "each"
  },
  {
    "Brand_Product_Size": "Espressotoria Vittoria Coffee Capsules Coffee Organic 12 pack",
    "COL Price": 8.4,
    "COL ppu": "$0.70 per 1Ea",
    "COL Size": "12 pack"
  },
  {
    "Brand_Product_Size": "Coles Kitchen Chicken Tikka Masala With Rice 350g",
    "COL Price": 6.5,
    "COL ppu": "$1.86 per 100G",
    "COL Size": "350g"
  },
  {
    "Brand_Product_Size": "Anchor Verjuice Vinegar 375mL",
    "COL Price": 6.65,
    "COL ppu": "$1.77 per 100mL",
    "COL Size": "375mL"
  },
  {
    "Brand_Product_Size": "Schwarzkopf Brilliance 23 Burgundy Chic Couture Collection Hair Colour 1 pack",
    "COL Price": 14.4,
    "COL ppu": "$14.40 per 1Ea",
    "COL Size": "1 pack"
  },
  {
    "Brand_Product_Size": "John West Wild Alaskan Red Salmon 105g",
    "COL Price": 5.5,
    "COL ppu": "$52.38 per 1Kg",
    "COL Size": "105g"
  },
  {
    "Brand_Product_Size": "Misko Macaroni No 2 Greek Pasta 500g",
    "COL Price": 2.3,
    "COL ppu": "$0.46 per 100G",
    "COL Size": "500g"
  },
  {
    "Brand_Product_Size": "Streets Dairy Free Magnum Almond 3 pack 270mL",
    "COL Price": 7,
    "COL ppu": "$2.59 per 100mL",
    "COL Size": "270mL"
  },
  {
    "Brand_Product_Size": "Schwarzkopf Extra Care Ultimate Hair Repair Conditioner 900mL",
    "COL Price": 14,
    "COL ppu": "$1.56 per 100mL",
    "COL Size": "900mL"
  },
  {
    "Brand_Product_Size": "Red Seal Variety Pack Hot Or Cold Brew Tea 20 pack",
    "COL Price": 3,
    "COL ppu": "$0.15 per 1Ea",
    "COL Size": "20 pack"
  },
  {
    "Brand_Product_Size": "Devondale Smart Plus Long Life Milk 1L",
    "COL Price": 1.9,
    "COL ppu": "$1.90 per 1L",
    "COL Size": "1L"
  },
  {
    "Brand_Product_Size": "Sambucol Kids Throat Pops 8 pack",
    "COL Price": 8.99,
    "COL ppu": "$1.12 per 1Ea",
    "COL Size": "8 pack"
  },
  {
    "Brand_Product_Size": "Coles Strawberry Fruit Puree Blend Pouch 90g",
    "COL Price": 0.95,
    "COL ppu": "$10.56 per 1Kg",
    "COL Size": "90g"
  },
  {
    "Brand_Product_Size": "Cobram Estate Chilli And Coriander Meal Starter Olive Oil 375mL",
    "COL Price": 10.5,
    "COL ppu": "$2.80 per 100mL",
    "COL Size": "375mL"
  },
  {
    "Brand_Product_Size": "Fantastic Delites Sea Salt & Balsamic Vinegar Rice Snacks 100g",
    "COL Price": 2,
    "COL ppu": "$2.00 per 100G",
    "COL Size": "100g"
  },
  {
    "Brand_Product_Size": "Natural Kosher Grated Parmesan Shaker 85g",
    "COL Price": 8.25,
    "COL ppu": "$9.71 per 1Kg",
    "COL Size": "85g"
  },
  {
    "Brand_Product_Size": "Barilla Gluten Free Penne Pasta 340g",
    "COL Price": 3.8,
    "COL ppu": "$1.12 per 100G",
    "COL Size": "340g"
  },
  {
    "Brand_Product_Size": "Coles Microgreens Basil Purple each",
    "COL Price": 3,
    "COL ppu": "$3.00 per 1Ea",
    "COL Size": "each"
  },
  {
    "Brand_Product_Size": "Coles Mac & Cheese Balls 240g",
    "COL Price": 5,
    "COL ppu": "$2.08 per 100G",
    "COL Size": "240g"
  },
  {
    "Brand_Product_Size": "Danone Yopro Limited Edition Coconut Yoghurt 160g",
    "COL Price": 2.4,
    "COL ppu": "$1.50 per 100G",
    "COL Size": "160g"
  },
  {
    "Brand_Product_Size": "Schick Intuition Moisture Plus Sensitive Care with Aloe & Vitamin E Razor Cartridges 3 pack",
    "COL Price": 6.5,
    "COL ppu": "$2.17 per 1Ea",
    "COL Size": "3 pack"
  },
  {
    "Brand_Product_Size": "Coles Californian Walnuts 350g",
    "COL Price": 7,
    "COL ppu": "$2.00 per 100G",
    "COL Size": "350g"
  },
  {
    "Brand_Product_Size": "Cadbury Picnic Chocolate Bar 46g",
    "COL Price": 1,
    "COL ppu": "$2.17 per 100G",
    "COL Size": "46g"
  },
  {
    "Brand_Product_Size": "Coles Nature's Kitchen Sweet Chilli Tofu Nuggets Mild 350g",
    "COL Price": 5.9,
    "COL ppu": "$1.69 per 100G",
    "COL Size": "350g"
  },
  {
    "Brand_Product_Size": "Schmackos Strapz With Beef Dog Treats 200g",
    "COL Price": 6,
    "COL ppu": "$3.00 per 100G",
    "COL Size": "200g"
  },
  {
    "Brand_Product_Size": "Coles Wholegrain Mustard 200g",
    "COL Price": 2,
    "COL ppu": "$1.00 per 100G",
    "COL Size": "200g"
  },
  {
    "Brand_Product_Size": "Cook & Dine White Paper Snack Plate 20 pack",
    "COL Price": 1.5,
    "COL ppu": "$0.08 per 1Ea",
    "COL Size": "20 pack"
  },
  {
    "Brand_Product_Size": "Schwarzkopf Got2b Guardian Angel Heat Protection Spray 200mL",
    "COL Price": 7.8,
    "COL ppu": "$3.90 per 100mL",
    "COL Size": "200mL"
  },
  {
    "Brand_Product_Size": "Slendier Gluten Free Edamame Bean Organic Spaghetti 200g",
    "COL Price": 4.15,
    "COL ppu": "$2.08 per 100G",
    "COL Size": "200g"
  },
  {
    "Brand_Product_Size": "Le Italiane Filled Candy Mint 100g",
    "COL Price": 3.5,
    "COL ppu": "$3.50 per 100G",
    "COL Size": "100g"
  },
  {
    "Brand_Product_Size": "Patak's Lime Pickle Medium 283g",
    "COL Price": 6.4,
    "COL ppu": "$2.26 per 100G",
    "COL Size": "283g"
  },
  {
    "Brand_Product_Size": "Coles Deli Edgell Hash Browns each",
    "COL Price": 0.5,
    "COL ppu": "$0.50 per 1Ea",
    "COL Size": "each"
  },
  {
    "Brand_Product_Size": "Beerenberg Australian Apricot Jam 300g",
    "COL Price": 5,
    "COL ppu": "$1.67 per 100G",
    "COL Size": "300g"
  },
  {
    "Brand_Product_Size": "Moccona Lungo 8 Coffee Capsules 10 Pack 52g",
    "COL Price": 6,
    "COL ppu": "$11.54 per 100G",
    "COL Size": "52g"
  },
  {
    "Brand_Product_Size": "Coles Deli Salads Tub Jumbo Classic Coleslaw each",
    "COL Price": 10,
    "COL ppu": "$10.00 per 1Ea",
    "COL Size": "each"
  },
  {
    "Brand_Product_Size": "Coles Paracetamol 500mg Rapid Caplets 20 pack",
    "COL Price": 3,
    "COL ppu": "$0.15 per 1Ea",
    "COL Size": "20 pack"
  },
  {
    "Brand_Product_Size": "M&M's Chocolate Caramel Bag Medium 130g",
    "COL Price": 3,
    "COL ppu": "$2.31 per 100G",
    "COL Size": "130g"
  },
  {
    "Brand_Product_Size": "Coles Kitchen Green Goddess Salad Kit 350g",
    "COL Price": 5,
    "COL ppu": "$1.43 per 100G",
    "COL Size": "350g"
  },
  {
    "Brand_Product_Size": "Maseur Heel & Arch Support Women 1 pair",
    "COL Price": 12.95,
    "COL ppu": "$12.95 per 1Ea",
    "COL Size": "1 pair"
  },
  {
    "Brand_Product_Size": "Band-Aid Extra Wide Adhesive Plastic Strips 40 pack",
    "COL Price": 4,
    "COL ppu": "$0.10 per 1Ea",
    "COL Size": "40 pack"
  },
  {
    "Brand_Product_Size": "Coles Finest Pain Au Chocolate 2 pack",
    "COL Price": 4,
    "COL ppu": "$2.00 per 1Ea",
    "COL Size": "2 pack"
  },
  {
    "Brand_Product_Size": "I&J Raw Prawns Tail On 500g",
    "COL Price": 19,
    "COL ppu": "$3.80 per 100G",
    "COL Size": "500g"
  },
  {
    "Brand_Product_Size": "Marbig Colourhide Notebook A4 120 page",
    "COL Price": 4.15,
    "COL ppu": "",
    "COL Size": "120 page"
  },
  {
    "Brand_Product_Size": "L'Oreal Revitalift Eye Plenitude Cream 15mL",
    "COL Price": 23.03,
    "COL ppu": "$153.54 per 100mL",
    "COL Size": "15mL"
  },
  {
    "Brand_Product_Size": "Little Bellies Organic Sultanas 6 pack",
    "COL Price": 2,
    "COL ppu": "$0.33 per 1Ea",
    "COL Size": "6 pack"
  },
  {
    "Brand_Product_Size": "All Natural Bakery Fruit And Nut Oat Slices 100g",
    "COL Price": 2.15,
    "COL ppu": "$2.15 per 100G",
    "COL Size": "100g"
  },
  {
    "Brand_Product_Size": "Oob Organic Frozen Strawberries 300g",
    "COL Price": 5,
    "COL ppu": "$1.67 per 100G",
    "COL Size": "300g"
  },
  {
    "Brand_Product_Size": "Coles Irresistible Vegan Cookies & Creme Tub 1L",
    "COL Price": 6,
    "COL ppu": "$6.00 per 1L",
    "COL Size": "1L"
  },
  {
    "Brand_Product_Size": "Cook & Dine Loose Base Quiche Pan 25.5cm each",
    "COL Price": 6,
    "COL ppu": "$6.00 per 1Ea",
    "COL Size": "each"
  },
  {
    "Brand_Product_Size": "Happy Snack Company Fav-va Beans Lightly Salted 150g",
    "COL Price": 4.2,
    "COL ppu": "$2.80 per 100G",
    "COL Size": "150g"
  },
  {
    "Brand_Product_Size": "Schwarzkopf Taft Full on Glued Water Resistant 150mL",
    "COL Price": 8,
    "COL ppu": "$5.33 per 100mL",
    "COL Size": "150mL"
  },
  {
    "Brand_Product_Size": "Vital All In One Daily Health Supplement 300g",
    "COL Price": 60,
    "COL ppu": "$20.00 per 100G",
    "COL Size": "300g"
  },
  {
    "Brand_Product_Size": "Heinz Big Red Tomato Soup Can Salt Reduced 420g",
    "COL Price": 2.2,
    "COL ppu": "$0.52 per 100G",
    "COL Size": "420g"
  },
  {
    "Brand_Product_Size": "Garlos Limited Edition Pie 200g",
    "COL Price": 4.5,
    "COL ppu": "$2.25 per 100G",
    "COL Size": "200g"
  },
  {
    "Brand_Product_Size": "Coles Canola Oil 750mL",
    "COL Price": 2.5,
    "COL ppu": "$0.33 per 100mL",
    "COL Size": "750mL"
  },
  {
    "Brand_Product_Size": "Grin Kids Biodegradable Dental Flossers 45 pack",
    "COL Price": 7,
    "COL ppu": "$0.16 per 1Ea",
    "COL Size": "45 pack"
  },
  {
    "Brand_Product_Size": "Aeroplane Pineapple Jelly Crystals 85g",
    "COL Price": 1.15,
    "COL ppu": "$1.35 per 100G",
    "COL Size": "85g"
  },
  {
    "Brand_Product_Size": "McCain Frozen Supreme Pizza Singles 400g",
    "COL Price": 7,
    "COL ppu": "$1.75 per 100G",
    "COL Size": "400g"
  },
  {
    "Brand_Product_Size": "McCain Frozen Healthy Choice Spinach & Ricotta Ravioli 390g",
    "COL Price": 4,
    "COL ppu": "$1.14 per 100G",
    "COL Size": "390g"
  },
  {
    "Brand_Product_Size": "Candle Light Tea Lights 100 pack",
    "COL Price": 10,
    "COL ppu": "$0.10 per 1Ea",
    "COL Size": "100 pack"
  },
  {
    "Brand_Product_Size": "Primo Hickory Smoked Bacon approx. 250g",
    "COL Price": 5.25,
    "COL ppu": "$21.00 per 1Kg",
    "COL Size": "approx. 250g"
  },
  {
    "Brand_Product_Size": "Rexona Antiperspirant Men Clinical Protection Clean Scent 180mL",
    "COL Price": 10,
    "COL ppu": "$5.56 per 100mL",
    "COL Size": "180mL"
  },
  {
    "Brand_Product_Size": "Dilmah Earl Grey Tea Bags 50 Pack 100 g",
    "COL Price": 6,
    "COL ppu": "$6.00 per 100G",
    "COL Size": "100 g"
  },
  {
    "Brand_Product_Size": "Dilmah Earl Grey Tea Bags 50 Pack 100 g",
    "COL Price": 6,
    "COL ppu": "$6.00 per 100G",
    "COL Size": "100 g"
  },
  {
    "Brand_Product_Size": "Purr Tuna Selection Cat Food 85g 6 pack",
    "COL Price": 5,
    "COL ppu": "$0.98 per 100G",
    "COL Size": "6 pack"
  },
  {
    "Brand_Product_Size": "Bega Cheese Strong & Bitey Vintage Grated 250g",
    "COL Price": 6,
    "COL ppu": "$24.00 per 1Kg",
    "COL Size": "250g"
  },
  {
    "Brand_Product_Size": "Purr Tender Chicken Breast in Gravy Cat Food 85g",
    "COL Price": 1,
    "COL ppu": "$1.18 per 100G",
    "COL Size": "85g"
  },
  {
    "Brand_Product_Size": "Maybelline Dream Urban Cover Foundation Sun Beige 30mL",
    "COL Price": 18.2,
    "COL ppu": "$6.07 per 10mL",
    "COL Size": "30mL"
  },
  {
    "Brand_Product_Size": "L'Oreal Paris C'est Magic Cc Cream 01 Anti-redness 30mL",
    "COL Price": 18.9,
    "COL ppu": "$6.30 per 10mL",
    "COL Size": "30mL"
  },
  {
    "Brand_Product_Size": "Jack Link's Original Beef Jerky 50g",
    "COL Price": 3.5,
    "COL ppu": "$70.00 per 1Kg",
    "COL Size": "50g"
  },
  {
    "Brand_Product_Size": "Tresemme Colour Shineplex Conditioner 675mL",
    "COL Price": 9,
    "COL ppu": "$1.33 per 100mL",
    "COL Size": "675mL"
  },
  {
    "Brand_Product_Size": "Coles Kitchen Chicken Mushroom Pie 360g",
    "COL Price": 8.5,
    "COL ppu": "$2.36 per 100G",
    "COL Size": "360g"
  },
  {
    "Brand_Product_Size": "Red Rock Deli Style Crackers Cheddar & Parmesan 135g",
    "COL Price": 4,
    "COL ppu": "$2.96 per 100G",
    "COL Size": "135g"
  },
  {
    "Brand_Product_Size": "Health Lab Nightcap Caramel Dessert Ball 30g",
    "COL Price": 3,
    "COL ppu": "$10.00 per 100G",
    "COL Size": "30g"
  },
  {
    "Brand_Product_Size": "Nissin Hokkaido Miso Noodles 5 Pack 530g",
    "COL Price": 6.75,
    "COL ppu": "$1.27 per 100G",
    "COL Size": "530g"
  },
  {
    "Brand_Product_Size": "Pilot Frixion Ball Pen Black/Blue/Red 3 pack",
    "COL Price": 9,
    "COL ppu": "$3.00 per 1Ea",
    "COL Size": "3 pack"
  },
  {
    "Brand_Product_Size": "OC Naturals Normal Balance Conditioner 725mL",
    "COL Price": 6,
    "COL ppu": "$0.83 per 100mL",
    "COL Size": "725mL"
  },
  {
    "Brand_Product_Size": "Hoyts Dried Garlic 40g",
    "COL Price": 1.75,
    "COL ppu": "$0.44 per 10G",
    "COL Size": "40g"
  },
  {
    "Brand_Product_Size": "Birds Eye Frozen Country Harvest Peas & Supersweet Corn 1kg",
    "COL Price": 4,
    "COL ppu": "$4.00 per 1Kg",
    "COL Size": "1kg"
  },
  {
    "Brand_Product_Size": "Coles Organic Spring Onions 1 bunch",
    "COL Price": 5,
    "COL ppu": "$5.00 per 1Ea",
    "COL Size": "1 bunch"
  },
  {
    "Brand_Product_Size": "Coles Creamed Corn 420g",
    "COL Price": 0.95,
    "COL ppu": "$2.26 per 1Kg",
    "COL Size": "420g"
  },
  {
    "Brand_Product_Size": "Eco Tools Duo Perfecting Blender Sponge 2 pack",
    "COL Price": 20,
    "COL ppu": "$10.00 per 1Ea",
    "COL Size": "2 pack"
  },
  {
    "Brand_Product_Size": "Powerade Lemon Lime Sports Drink 600mL",
    "COL Price": 3.65,
    "COL ppu": "$6.08 per 1L",
    "COL Size": "600mL"
  },
  {
    "Brand_Product_Size": "Arnott's Shapes Vegemite & Cheese Crackers 165g",
    "COL Price": 3.2,
    "COL ppu": "$1.94 per 100G",
    "COL Size": "165g"
  },
  {
    "Brand_Product_Size": "Coles BBQ Briquettes 4kg",
    "COL Price": 8.5,
    "COL ppu": "$0.21 per 100G",
    "COL Size": "4kg"
  },
  {
    "Brand_Product_Size": "Cadbury Breakaway Milk Chocolate Biscuit 180g",
    "COL Price": 2,
    "COL ppu": "$1.11 per 100G",
    "COL Size": "180g"
  },
  {
    "Brand_Product_Size": "Munchme Pumpkin Seed 120g",
    "COL Price": 4.4,
    "COL ppu": "$3.67 per 100G",
    "COL Size": "120g"
  },
  {
    "Brand_Product_Size": "Auricchio Grana Padano Basile Imports approx. 250g",
    "COL Price": 12,
    "COL ppu": "$48.00 per 1Kg",
    "COL Size": "approx. 250g"
  },
  {
    "Brand_Product_Size": "Tip Top Original Thins Sandwich 240g",
    "COL Price": 3.5,
    "COL ppu": "$1.46 per 100G",
    "COL Size": "240g"
  },
  {
    "Brand_Product_Size": "Purina Total Care Flea Tick Control Plus Small Dog Treatment 1 pack",
    "COL Price": 13.5,
    "COL ppu": "$13.50 per 1Ea",
    "COL Size": "1 pack"
  },
  {
    "Brand_Product_Size": "Ocean Spray Dried Craisins Regular Cranberries 170g",
    "COL Price": 4,
    "COL ppu": "$23.53 per 1Kg",
    "COL Size": "170g"
  },
  {
    "Brand_Product_Size": "T2 Lemongrass & Ginger Herbal Tea Bags 25 Pack 50g",
    "COL Price": 14,
    "COL ppu": "$28.00 per 100G",
    "COL Size": "50g"
  },
  {
    "Brand_Product_Size": "Tic Tac Peppermint 49g",
    "COL Price": 3,
    "COL ppu": "$6.12 per 100G",
    "COL Size": "49g"
  },
  {
    "Brand_Product_Size": "Walkers Pure Butter Shortbread 190g",
    "COL Price": 3,
    "COL ppu": "$1.58 per 100G",
    "COL Size": "190g"
  },
  {
    "Brand_Product_Size": "St Tropez Classic Mousse 120mL",
    "COL Price": 40,
    "COL ppu": "$33.33 per 100mL",
    "COL Size": "120mL"
  },
  {
    "Brand_Product_Size": "Mars Maltesers Honeycomb Chocolate Block 146g",
    "COL Price": 5,
    "COL ppu": "$3.42 per 100G",
    "COL Size": "146g"
  },
  {
    "Brand_Product_Size": "Starbucks Cappuccino Premium Instant Mixes 5 pack",
    "COL Price": 2.95,
    "COL ppu": "$0.59 per 1Ea",
    "COL Size": "5 pack"
  },
  {
    "Brand_Product_Size": "Robert Timms Italian Espresso Style Coffee Bags 28 Pack 160g",
    "COL Price": 9.65,
    "COL ppu": "$60.31 per 1KG",
    "COL Size": "160g"
  },
  {
    "Brand_Product_Size": "Ethical Zinc Clear Zinc Sunscreen 100g",
    "COL Price": 14.35,
    "COL ppu": "$14.35 per 100G",
    "COL Size": "100g"
  },
  {
    "Brand_Product_Size": "Lean Cuisine Plant Green Lentil Curry 350g",
    "COL Price": 8.5,
    "COL ppu": "$2.43 per 100G",
    "COL Size": "350g"
  },
  {
    "Brand_Product_Size": "Nature's Own Calcium Magnesium & Vitamin D3 120 pack",
    "COL Price": 18,
    "COL ppu": "$15.00 per 100Ea",
    "COL Size": "120 pack"
  },
  {
    "Brand_Product_Size": "Coles Coconut & Chocolate Granola Bite 5 pack 110g",
    "COL Price": 3.5,
    "COL ppu": "$3.18 per 100G",
    "COL Size": "110g"
  },
  {
    "Brand_Product_Size": "Vittoria Espresso Ground Coffee 200g",
    "COL Price": 8,
    "COL ppu": "$4.00 per 100G",
    "COL Size": "200g"
  },
  {
    "Brand_Product_Size": "Pauls Zymil Low Fat Milk 1L",
    "COL Price": 3.1,
    "COL ppu": "$3.10 per 1L",
    "COL Size": "1L"
  },
  {
    "Brand_Product_Size": "Coles Green Beans Prepacked 500g",
    "COL Price": 2,
    "COL ppu": "$4.00 per 1Kg",
    "COL Size": "500g"
  },
  {
    "Brand_Product_Size": "M&M's Milk Chocolate Bag Medium 180g",
    "COL Price": 3,
    "COL ppu": "$1.67 per 100G",
    "COL Size": "180g"
  },
  {
    "Brand_Product_Size": "Method Wood Polish Floor Cleaner Almond 739mL",
    "COL Price": 6,
    "COL ppu": "$0.81 per 100mL",
    "COL Size": "739mL"
  },
  {
    "Brand_Product_Size": "Hercules Twinzip Resealable Medium Storage Bags 15 pack",
    "COL Price": 2.4,
    "COL ppu": "$0.16 per 1Ea",
    "COL Size": "15 pack"
  },
  {
    "Brand_Product_Size": "Coles Dip Tzatziki 200g",
    "COL Price": 1.9,
    "COL ppu": "$0.95 per 100G",
    "COL Size": "200g"
  },
  {
    "Brand_Product_Size": "Nescafe Coffee Sachets Cappuccino 26 pack",
    "COL Price": 11,
    "COL ppu": "$0.42 per 1Ea",
    "COL Size": "26 pack"
  },
  {
    "Brand_Product_Size": "John West Protein + Calcium Tuna:Chilli 90g",
    "COL Price": 2,
    "COL ppu": "$22.22 per 1Kg",
    "COL Size": "90g"
  },
  {
    "Brand_Product_Size": "Jacob's Jaffa Cakes 147g",
    "COL Price": 4,
    "COL ppu": "$2.72 per 100G",
    "COL Size": "147g"
  },
  {
    "Brand_Product_Size": "L'Oreal Men Expert Hydra Energetic Moisturiser 50mL",
    "COL Price": 12,
    "COL ppu": "$24.00 per 100mL",
    "COL Size": "50mL"
  },
  {
    "Brand_Product_Size": "Heinz Tomato Ketchup 500mL",
    "COL Price": 2.5,
    "COL ppu": "$0.50 per 100mL",
    "COL Size": "500mL"
  },
  {
    "Brand_Product_Size": "MasterFoods Mild English Mustard 175g",
    "COL Price": 2.5,
    "COL ppu": "$1.43 per 100G",
    "COL Size": "175g"
  },
  {
    "Brand_Product_Size": "M & M Kosher Chicken Frames approx. 500g pack",
    "COL Price": 3.15,
    "COL ppu": "$6.30 per 1Kg",
    "COL Size": "approx. 500g pack"
  },
  {
    "Brand_Product_Size": "MasterFoods Curried Sausages Recipe Base 175g",
    "COL Price": 2.2,
    "COL ppu": "$1.26 per 100G",
    "COL Size": "175g"
  },
  {
    "Brand_Product_Size": "Chux Heavy Duty Scourer Scrub 6 pack",
    "COL Price": 4.8,
    "COL ppu": "$0.80 per 1Ea",
    "COL Size": "6 pack"
  },
  {
    "Brand_Product_Size": "Coles Mini Cream Wafers Multipack 175g",
    "COL Price": 2.5,
    "COL ppu": "$1.43 per 100G",
    "COL Size": "175g"
  },
  {
    "Brand_Product_Size": "Maybelline Volume Express Colossal Glam Black Mascara 9.2mL",
    "COL Price": 14,
    "COL ppu": "$15.22 per 10mL",
    "COL Size": "9.2mL"
  },
  {
    "Brand_Product_Size": "Kellogg's K-Time Baked Twists Strawberry & Blueberry Flavour Filled Snack Bars 9 pack 333g",
    "COL Price": 5.8,
    "COL ppu": "$1.74 per 100G",
    "COL Size": "333g"
  },
  {
    "Brand_Product_Size": "Cook & Dine Pink White Terry Tea Towels 5 pack",
    "COL Price": 10,
    "COL ppu": "$2.00 per 1Ea",
    "COL Size": "5 pack"
  },
  {
    "Brand_Product_Size": "Dynamo Profession Free & Clear Laundry Liquid 1.8L",
    "COL Price": 20,
    "COL ppu": "$11.11 per 1L",
    "COL Size": "1.8L"
  },
  {
    "Brand_Product_Size": "Sanitarium So Good Long Life Original Almond Milk 1L",
    "COL Price": 2.7,
    "COL ppu": "$2.70 per 1L",
    "COL Size": "1L"
  },
  {
    "Brand_Product_Size": "Obela Classic Guacamole Dip 220g",
    "COL Price": 5,
    "COL ppu": "$2.27 per 100G",
    "COL Size": "220g"
  },
  {
    "Brand_Product_Size": "Cobs Sea Salt Gluten Free Popcorn 80g",
    "COL Price": 2.85,
    "COL ppu": "$3.56 per 100G",
    "COL Size": "80g"
  },
  {
    "Brand_Product_Size": "Sistema Hydrate Tritan Traverse Bottle 850mL each",
    "COL Price": 12,
    "COL ppu": "$12.00 per 1Ea",
    "COL Size": "each"
  },
  {
    "Brand_Product_Size": "Uncle Tobys Le Snak Cheddar Cheese 132g",
    "COL Price": 3,
    "COL ppu": "$2.27 per 100G",
    "COL Size": "132g"
  },
  {
    "Brand_Product_Size": "Capilano Manuka Honey MGO 300+ Upside Down 340g",
    "COL Price": 24,
    "COL ppu": "$7.06 per 100G",
    "COL Size": "340g"
  },
  {
    "Brand_Product_Size": "Coles Salad Snack Tubs Potato Egg & Bacon Salad Salad each",
    "COL Price": 3,
    "COL ppu": "$3.00 per 1Ea",
    "COL Size": "each"
  },
  {
    "Brand_Product_Size": "Old El Paso Tortillas Mini 10 pack 250g",
    "COL Price": 3.7,
    "COL ppu": "$1.48 per 100G",
    "COL Size": "250g"
  },
  {
    "Brand_Product_Size": "Steggles Crunch Burger 340g",
    "COL Price": 10,
    "COL ppu": "$29.41 per 1Kg",
    "COL Size": "340g"
  },
  {
    "Brand_Product_Size": "Nescafe Blend 43 Smooth & Creamy Instant Coffee 140g",
    "COL Price": 9.4,
    "COL ppu": "$6.71 per 100G",
    "COL Size": "140g"
  },
  {
    "Brand_Product_Size": "Orchy Orange & Passionfruit Juice Chilled 375mL",
    "COL Price": 2.15,
    "COL ppu": "$5.73 per 1L",
    "COL Size": "375mL"
  },
  {
    "Brand_Product_Size": "Coles Black Plums approx. 130g each",
    "COL Price": 0.507,
    "COL ppu": "$3.90 per 1Kg",
    "COL Size": "approx. 130g each"
  },
  {
    "Brand_Product_Size": "Mae Ploy Sweet Chilli Sauce 730mL",
    "COL Price": 4,
    "COL ppu": "$0.55 per 100mL",
    "COL Size": "730mL"
  },
  {
    "Brand_Product_Size": "Kiddylicious Strawberry Fruity Puffs 10g",
    "COL Price": 1.8,
    "COL ppu": "$18.00 per 100G",
    "COL Size": "10g"
  },
  {
    "Brand_Product_Size": "Coles Fresh Seafood Blue Grenadier Fillet approx. 150g",
    "COL Price": 3.45,
    "COL ppu": "$23.00 per 1Kg",
    "COL Size": "approx. 150g"
  },
  {
    "Brand_Product_Size": "Coles Dip Selection Pack 300g",
    "COL Price": 6.5,
    "COL ppu": "$2.17 per 100G",
    "COL Size": "300g"
  },
  {
    "Brand_Product_Size": "Skin Republic Charcoal Peel-Off Face Mask 3 each",
    "COL Price": 10,
    "COL ppu": "$3.33 per 1Ea",
    "COL Size": "3 each"
  },
  {
    "Brand_Product_Size": "Pana Organic Raspberry Coconut Chocolate Spread 200g",
    "COL Price": 9,
    "COL ppu": "$4.50 per 100G",
    "COL Size": "200g"
  },
  {
    "Brand_Product_Size": "Harpic ITB Purple Power Toilet Cleaner 39g",
    "COL Price": 5,
    "COL ppu": "$5.00 per 1Ea",
    "COL Size": "39g"
  },
  {
    "Brand_Product_Size": "Kedem Gefilte Fish 680g",
    "COL Price": 12.5,
    "COL ppu": "$1.84 per 100G",
    "COL Size": "680g"
  },
  {
    "Brand_Product_Size": "Quest Choc Chip Protein Cookie 59g",
    "COL Price": 3,
    "COL ppu": "$5.08 per 100G",
    "COL Size": "59g"
  },
  {
    "Brand_Product_Size": "Woofin Good Skin & Coat Dog Treat 150g",
    "COL Price": 6,
    "COL ppu": "$4.00 per 100G",
    "COL Size": "150g"
  },
  {
    "Brand_Product_Size": "Coles Kitchen Butternut Pumpkin Soup 300g",
    "COL Price": 3,
    "COL ppu": "$1.00 per 100G",
    "COL Size": "300g"
  },
  {
    "Brand_Product_Size": "Oreo Mini Snack Cookie Mixed 230g",
    "COL Price": 3.95,
    "COL ppu": "$1.72 per 100G",
    "COL Size": "230g"
  },
  {
    "Brand_Product_Size": "Oreo Chocolate Creme Biscuits Family Pack 370g",
    "COL Price": 3.5,
    "COL ppu": "$0.95 per 100G",
    "COL Size": "370g"
  },
  {
    "Brand_Product_Size": "Nature's Way Kids Smart Trio 60 pack",
    "COL Price": 20,
    "COL ppu": "$0.33 per 1Ea",
    "COL Size": "60 pack"
  },
  {
    "Brand_Product_Size": "Coles Organic White Seedless Grapes 500g",
    "COL Price": 7,
    "COL ppu": "$14.00 per 1Kg",
    "COL Size": "500g"
  },
  {
    "Brand_Product_Size": "Barista Bros Iced Chocolate Flavoured Milk 700mL",
    "COL Price": 2.95,
    "COL ppu": "$4.21 per 1L",
    "COL Size": "700mL"
  },
  {
    "Brand_Product_Size": "Coles Soft Drink Diet Lemon 1.25L",
    "COL Price": 1,
    "COL ppu": "$0.80 per 1L",
    "COL Size": "1.25L"
  },
  {
    "Brand_Product_Size": "Crazy Dragon Frozen Prawn Dumplings 1kg",
    "COL Price": 15,
    "COL ppu": "$1.50 per 100G",
    "COL Size": "1kg"
  },
  {
    "Brand_Product_Size": "Coles Nature's Kitchen Jackfruit Bites 160g",
    "COL Price": 6,
    "COL ppu": "$3.75 per 100G",
    "COL Size": "160g"
  },
  {
    "Brand_Product_Size": "Mount Franklin Pure Spring Water 500mL 20 pack",
    "COL Price": 9.2,
    "COL ppu": "$0.92 per 1L",
    "COL Size": "20 pack"
  },
  {
    "Brand_Product_Size": "Caffe Aurora Espressotoria Italian Coffee Capsules 12 pack",
    "COL Price": 5.6,
    "COL ppu": "$0.47 per 1Ea",
    "COL Size": "12 pack"
  },
  {
    "Brand_Product_Size": "Activia Probiotic Vanilla Yoghurt 700g",
    "COL Price": 5,
    "COL ppu": "$0.71 per 100G",
    "COL Size": "700g"
  },
  {
    "Brand_Product_Size": "Tip Top Krummies Breadcrumbs 375g",
    "COL Price": 3,
    "COL ppu": "$0.08 per 10G",
    "COL Size": "375g"
  },
  {
    "Brand_Product_Size": "Listerine Total Care Mouthwash 100mL",
    "COL Price": 3,
    "COL ppu": "$3.00 per 100mL",
    "COL Size": "100mL"
  },
  {
    "Brand_Product_Size": "Soothers Immune+ Stick 3 pack",
    "COL Price": 4,
    "COL ppu": "$1.33 per 1Ea",
    "COL Size": "3 pack"
  },
  {
    "Brand_Product_Size": "Nescafe Coffee Sachets Cappuccino 26 pack",
    "COL Price": 11,
    "COL ppu": "$0.42 per 1Ea",
    "COL Size": "26 pack"
  },
  {
    "Brand_Product_Size": "Coles Kitchen Cheese Olives & Crackers 60g",
    "COL Price": 2.5,
    "COL ppu": "$4.17 per 100G",
    "COL Size": "60g"
  },
  {
    "Brand_Product_Size": "Gaganis The Garden Of The Sun Sauerkraut With Carrot 900g",
    "COL Price": 3.2,
    "COL ppu": "$3.56 per 1Kg",
    "COL Size": "900g"
  },
  {
    "Brand_Product_Size": "Kellogg's Just Right Cereal 790g",
    "COL Price": 4.25,
    "COL ppu": "$0.54 per 100G",
    "COL Size": "790g"
  },
  {
    "Brand_Product_Size": "Coles I'M Free From Puffed Corn Chips Quinoa & Chia 168g",
    "COL Price": 3.5,
    "COL ppu": "$2.08 per 100G",
    "COL Size": "168g"
  },
  {
    "Brand_Product_Size": "Birds Eye Frozen Deli New Zealand Hoki Lemon Lime & Herb Crumb Fillets 260g",
    "COL Price": 7.5,
    "COL ppu": "$28.85 per 1Kg",
    "COL Size": "260g"
  },
  {
    "Brand_Product_Size": "Birds Eye Frozen Steam Fresh Peas Beans Corn & Broccoli Mix 3 pack 450g",
    "COL Price": 2.8,
    "COL ppu": "$6.22 per 1Kg",
    "COL Size": "450g"
  },
  {
    "Brand_Product_Size": "Arnott's Chocolate Ripple Biscuits 250g",
    "COL Price": 3,
    "COL ppu": "$1.20 per 100G",
    "COL Size": "250g"
  },
  {
    "Brand_Product_Size": "Breeders Choice Cat Litter Paper 24L",
    "COL Price": 23,
    "COL ppu": "$0.96 per 1L",
    "COL Size": "24L"
  },
  {
    "Brand_Product_Size": "Air Wick Essential Mist Refill Fresh Water Breez 20mL",
    "COL Price": 8,
    "COL ppu": "$4.00 per 10mL",
    "COL Size": "20mL"
  },
  {
    "Brand_Product_Size": "Difflam Plus Berry Flavour Anaesthetic Sore Throat Lozeneges 16 pack",
    "COL Price": 10,
    "COL ppu": "$0.63 per 1Ea",
    "COL Size": "16 pack"
  },
  {
    "Brand_Product_Size": "Taaman Gnocchi Pasta Shells 500g",
    "COL Price": 1.9,
    "COL ppu": "$0.38 per 100G",
    "COL Size": "500g"
  },
  {
    "Brand_Product_Size": "Sabco Tuff Scrub Light each",
    "COL Price": 3.5,
    "COL ppu": "$3.50 per 1Ea",
    "COL Size": "each"
  },
  {
    "Brand_Product_Size": "Tommee Tippee Closer To Nature Night Time Orthodontic Soothers 18-36 Months 2 pack",
    "COL Price": 11,
    "COL ppu": "$5.50 per 1Ea",
    "COL Size": "2 pack"
  },
  {
    "Brand_Product_Size": "Arnott's Monte Carlo Biscuit Black Forest 250g",
    "COL Price": 3,
    "COL ppu": "$1.20 per 100G",
    "COL Size": "250g"
  },
  {
    "Brand_Product_Size": "Urban Colour Liquid Foundation Beige 30mL",
    "COL Price": 5.5,
    "COL ppu": "$1.83 per 10mL",
    "COL Size": "30mL"
  },
  {
    "Brand_Product_Size": "Oatly Oat Milk Barista Edition 1L",
    "COL Price": 4.8,
    "COL ppu": "$4.80 per 1L",
    "COL Size": "1L"
  },
  {
    "Brand_Product_Size": "McCain Frozen Ultra Thin Crust Angus Beef Pizza 320g",
    "COL Price": 5.5,
    "COL ppu": "$1.72 per 100G",
    "COL Size": "320g"
  },
  {
    "Brand_Product_Size": "Birds Eye Frozen Steam Fresh Plus Quinoa with Brown Rice 400g",
    "COL Price": 5,
    "COL ppu": "$12.50 per 1Kg",
    "COL Size": "400g"
  },
  {
    "Brand_Product_Size": "Gillette Venus Shaving Razor 1 pack",
    "COL Price": 6.5,
    "COL ppu": "$6.50 per 1Ea",
    "COL Size": "1 pack"
  },
  {
    "Brand_Product_Size": "Harmony Wild Bird Mix Bird Seed 4kg",
    "COL Price": 9,
    "COL ppu": "$0.23 per 100G",
    "COL Size": "4kg"
  },
  {
    "Brand_Product_Size": "Aussie Bodies Shape Lo Carb Mint Choc Whip'd 50g",
    "COL Price": 3,
    "COL ppu": "$6.00 per 100G",
    "COL Size": "50g"
  },
  {
    "Brand_Product_Size": "Keep It Cleaner Probiotic Apple Cinnamon Protein Bar 40g",
    "COL Price": 1.5,
    "COL ppu": "$3.75 per 100G",
    "COL Size": "40g"
  },
  {
    "Brand_Product_Size": "Dove Summer Glow Body Lotion Medium To Dark Skin 250mL",
    "COL Price": 8,
    "COL ppu": "$3.20 per 100mL",
    "COL Size": "250mL"
  },
  {
    "Brand_Product_Size": "Revlon Colorstay Brow Fiber Filler Clear 6.8mL",
    "COL Price": 11.5,
    "COL ppu": "$16.91 per 10mL",
    "COL Size": "6.8mL"
  },
  {
    "Brand_Product_Size": "Heinz Canned Baked Beans English Recipe 300g",
    "COL Price": 1,
    "COL ppu": "$0.33 per 100G",
    "COL Size": "300g"
  },
  {
    "Brand_Product_Size": "Kellogg's Coco Pops Chocolatey Breakfast Cereal 375g",
    "COL Price": 5.4,
    "COL ppu": "$1.44 per 100G",
    "COL Size": "375g"
  },
  {
    "Brand_Product_Size": "Coles Lamb Boneless Mini Shoulder Roast approx. 600g",
    "COL Price": 13.2,
    "COL ppu": "$22.00 per 1Kg",
    "COL Size": "approx. 600g"
  },
  {
    "Brand_Product_Size": "Artline Permanent Black Marker each",
    "COL Price": 4,
    "COL ppu": "$4.00 per 1Ea",
    "COL Size": "each"
  },
  {
    "Brand_Product_Size": "Dominate Salon Series Out Of Bed Strengthening Clay 85g",
    "COL Price": 6,
    "COL ppu": "$7.06 per 100G",
    "COL Size": "85g"
  },
  {
    "Brand_Product_Size": "S-26 Alula Original Newborn Formula 900g",
    "COL Price": 17,
    "COL ppu": "$1.89 per 100G",
    "COL Size": "900g"
  },
  {
    "Brand_Product_Size": "Munchme Skinny Dipped Cocoa Dusted Almonds 80g",
    "COL Price": 4.4,
    "COL ppu": "$5.50 per 100G",
    "COL Size": "80g"
  },
  {
    "Brand_Product_Size": "Hikari White Miso Paste 400g",
    "COL Price": 4,
    "COL ppu": "$1.00 per 100G",
    "COL Size": "400g"
  },
  {
    "Brand_Product_Size": "Guzzi's Golden Pasta Baby Gnocchi 500g",
    "COL Price": 3.4,
    "COL ppu": "$0.68 per 100G",
    "COL Size": "500g"
  },
  {
    "Brand_Product_Size": "Alfa One Rice Bran Oil 750mL",
    "COL Price": 6,
    "COL ppu": "$0.80 per 100mL",
    "COL Size": "750mL"
  },
  {
    "Brand_Product_Size": "Coles Vine Ripened Cherry Tomatoes Prepacked 250g",
    "COL Price": 3,
    "COL ppu": "$12.00 per 1Kg",
    "COL Size": "250g"
  },
  {
    "Brand_Product_Size": "Messy Monkeys Whole Grain Bites Burger Flavour 160g",
    "COL Price": 7,
    "COL ppu": "$4.38 per 100G",
    "COL Size": "160g"
  },
  {
    "Brand_Product_Size": "Pedigree Casserole With Beef & Gravy Adult Wet Dog Food Can 1.2kg",
    "COL Price": 3.5,
    "COL ppu": "$0.29 per 100G",
    "COL Size": "1.2kg"
  },
  {
    "Brand_Product_Size": "Herbert Adams Chicken & Leek In Creamy Mustard Sauce Pie 180g",
    "COL Price": 5.5,
    "COL ppu": "$3.06 per 100G",
    "COL Size": "180g"
  },
  {
    "Brand_Product_Size": "Coles Super Alkaline D Battery 2 pack",
    "COL Price": 2.5,
    "COL ppu": "$1.25 per 1Ea",
    "COL Size": "2 pack"
  },
  {
    "Brand_Product_Size": "Coles Gluten Free Fruit Bread 500g",
    "COL Price": 5,
    "COL ppu": "$1.00 per 100G",
    "COL Size": "500g"
  },
  {
    "Brand_Product_Size": "Coles Bake & Create Natural Food Colours 4 pack",
    "COL Price": 6,
    "COL ppu": "$1.50 per 1Ea",
    "COL Size": "4 pack"
  },
  {
    "Brand_Product_Size": "Nestle Reduced Fat Cream 230mL",
    "COL Price": 3.3,
    "COL ppu": "$14.35 per 1L",
    "COL Size": "230mL"
  },
  {
    "Brand_Product_Size": "Coles Brown Bobby 100 Pins 1 pack",
    "COL Price": 5,
    "COL ppu": "$5.00 per 100Ea",
    "COL Size": "1 pack"
  },
  {
    "Brand_Product_Size": "Coco Earth Certified Organic Lentil Flour 300g",
    "COL Price": 3.2,
    "COL ppu": "$10.67 per 1Kg",
    "COL Size": "300g"
  },
  {
    "Brand_Product_Size": "Katoomba Mustard Leaves 312g",
    "COL Price": 2,
    "COL ppu": "$0.64 per 100G",
    "COL Size": "312g"
  },
  {
    "Brand_Product_Size": "Patak's Mango Chutney Mild 340g",
    "COL Price": 4,
    "COL ppu": "$1.18 per 100G",
    "COL Size": "340g"
  },
  {
    "Brand_Product_Size": "Faber-Castell PVC Free Eraser 2 pack",
    "COL Price": 2.75,
    "COL ppu": "$1.38 per 1Ea",
    "COL Size": "2 pack"
  },
  {
    "Brand_Product_Size": "Kinder Chocolate 16 Treat Share Bag 200g",
    "COL Price": 4.5,
    "COL ppu": "$2.25 per 100G",
    "COL Size": "200g"
  },
  {
    "Brand_Product_Size": "Coles Concentrate Fabric Softener Apple 250mL",
    "COL Price": 0.7,
    "COL ppu": "$0.28 per 100mL",
    "COL Size": "250mL"
  },
  {
    "Brand_Product_Size": "Baby Mum-Mum Vegetable Rice 18 Rusks 8+ Months 36g",
    "COL Price": 3,
    "COL ppu": "$8.33 per 100G",
    "COL Size": "36g"
  },
  {
    "Brand_Product_Size": "Cocobella Coconut Natural Yoghurt 900g",
    "COL Price": 9,
    "COL ppu": "$1.00 per 100G",
    "COL Size": "900g"
  },
  {
    "Brand_Product_Size": "Campbell's Spaghetti with Beef Pasta Sauce 665g",
    "COL Price": 4.45,
    "COL ppu": "$0.67 per 100G",
    "COL Size": "665g"
  },
  {
    "Brand_Product_Size": "Colgate Zig Zag Flex Medium Toothbrush 3 pack",
    "COL Price": 5.46,
    "COL ppu": "$1.82 per 1Ea",
    "COL Size": "3 pack"
  },
  {
    "Brand_Product_Size": "Table & Tale Yorkshire Puddings 220g",
    "COL Price": 4.5,
    "COL ppu": "$22.50 per 100G",
    "COL Size": "220g"
  },
  {
    "Brand_Product_Size": "Cetaphil Baby Shampoo 200mL",
    "COL Price": 7.5,
    "COL ppu": "$3.75 per 100mL",
    "COL Size": "200mL"
  },
  {
    "Brand_Product_Size": "Birds Eye Snap Frozen Country Harvest Peas & Supersweet Corn 500g",
    "COL Price": 2.6,
    "COL ppu": "$5.20 per 1Kg",
    "COL Size": "500g"
  },
  {
    "Brand_Product_Size": "L'Oreal Preference Vienna Permanent Hair Colour 1 pack",
    "COL Price": 9.5,
    "COL ppu": "$9.50 per 1Ea",
    "COL Size": "1 pack"
  },
  {
    "Brand_Product_Size": "Nobby's Bacon Bites 40g",
    "COL Price": 2,
    "COL ppu": "$5.00 per 100G",
    "COL Size": "40g"
  },
  {
    "Brand_Product_Size": "Coles Thawed Seafood Chilli Prawn Skewers 5 pack",
    "COL Price": 7.5,
    "COL ppu": "$1.50 per 1Ea",
    "COL Size": "5 pack"
  },
  {
    "Brand_Product_Size": "Sparletta Creme Soda 300mL",
    "COL Price": 2.3,
    "COL ppu": "$0.77 per 100mL",
    "COL Size": "300mL"
  },
  {
    "Brand_Product_Size": "Coles No Added Sugar Dark Chocolate Orange Block 100g",
    "COL Price": 4,
    "COL ppu": "$4.00 per 100G",
    "COL Size": "100g"
  },
  {
    "Brand_Product_Size": "Coles Mandarin in Syrup Fruit Cups 4 Pack 480g",
    "COL Price": 2,
    "COL ppu": "$0.42 per 100G",
    "COL Size": "480g"
  },
  {
    "Brand_Product_Size": "Lean Cuisine Green Chicken Curry Rice 280g",
    "COL Price": 4.5,
    "COL ppu": "$1.61 per 100G",
    "COL Size": "280g"
  },
  {
    "Brand_Product_Size": "Coles Microgreens Choi each",
    "COL Price": 3,
    "COL ppu": "$3.00 per 1Ea",
    "COL Size": "each"
  },
  {
    "Brand_Product_Size": "The Natural Confectionary Co. Less Sugar Fruit Basket Lollies 220g",
    "COL Price": 2,
    "COL ppu": "$0.91 per 100G",
    "COL Size": "220g"
  },
  {
    "Brand_Product_Size": "Vegie Delights Vegie Bites Sweet Potato 240g",
    "COL Price": 6,
    "COL ppu": "$2.50 per 100G",
    "COL Size": "240g"
  },
  {
    "Brand_Product_Size": "Continental Sensation Creamy Roast Chicken Spring Onion Soup Serves 2 61g",
    "COL Price": 2,
    "COL ppu": "$3.28 per 100G",
    "COL Size": "61g"
  },
  {
    "Brand_Product_Size": "Coles Pork With Orange Five Spice approx. 750g",
    "COL Price": 11.25,
    "COL ppu": "$15.00 per 1Kg",
    "COL Size": "approx. 750g"
  },
  {
    "Brand_Product_Size": "S&W Real Whole Egg Mayonnaise 440g",
    "COL Price": 6,
    "COL ppu": "$1.36 per 100G",
    "COL Size": "440g"
  },
  {
    "Brand_Product_Size": "Biostime Premium Organic Follow-On-Formula 800g",
    "COL Price": 33.3,
    "COL ppu": "$4.16 per 100G",
    "COL Size": "800g"
  },
  {
    "Brand_Product_Size": "Herb & Sons Chicken-Free Nuggets 400g",
    "COL Price": 9,
    "COL ppu": "$22.50 per 1Kg",
    "COL Size": "400g"
  },
  {
    "Brand_Product_Size": "Cook & Dine Egg Rings 2 pack",
    "COL Price": 3,
    "COL ppu": "",
    "COL Size": "2 pack"
  },
  {
    "Brand_Product_Size": "Cook & Dine Coffee Cups With Lid 20 pack",
    "COL Price": 9,
    "COL ppu": "$0.45 per 1Ea",
    "COL Size": "20 pack"
  },
  {
    "Brand_Product_Size": "St Remio Expressi/Caffitaly Hot Chocolate Capsules 10 pack",
    "COL Price": 3.75,
    "COL ppu": "$0.38 per 1Ea",
    "COL Size": "10 pack"
  },
  {
    "Brand_Product_Size": "Coles Frozen Peas 1kg",
    "COL Price": 2,
    "COL ppu": "$2.00 per 1Kg",
    "COL Size": "1kg"
  },
  {
    "Brand_Product_Size": "Nestle Milkybar with Baked Cookies Chocolate Block 180g",
    "COL Price": 3,
    "COL ppu": "$1.67 per 100G",
    "COL Size": "180g"
  },
  {
    "Brand_Product_Size": "Patak's Tandoori Simmer Sauce 450g",
    "COL Price": 3.5,
    "COL ppu": "$0.78 per 100G",
    "COL Size": "450g"
  },
  {
    "Brand_Product_Size": "Coles Deli Salads Tub Medium Classic Pasta medium",
    "COL Price": 5,
    "COL ppu": "$5.00 per 1Ea",
    "COL Size": "medium"
  },
  {
    "Brand_Product_Size": "Bounce Cacao Nut Butter Protein Ball 40g",
    "COL Price": 2,
    "COL ppu": "$5.00 per 100G",
    "COL Size": "40g"
  },
  {
    "Brand_Product_Size": "Betty Crocker Gluten Free Chocolate Fudge Brownie Baking Mix 450g",
    "COL Price": 6,
    "COL ppu": "$1.33 per 100G",
    "COL Size": "450g"
  },
  {
    "Brand_Product_Size": "Dettol Antibacterial Liquid Hand Wash Pump Raspberry 250mL",
    "COL Price": 2,
    "COL ppu": "$0.80 per 100mL",
    "COL Size": "250mL"
  },
  {
    "Brand_Product_Size": "Softmed Hand Sanitiser 500mL",
    "COL Price": 10,
    "COL ppu": "$2.00 per 100mL",
    "COL Size": "500mL"
  },
  {
    "Brand_Product_Size": "Obela Classic Tzatziki With Cucumber Pieces 220g",
    "COL Price": 4.5,
    "COL ppu": "$2.05 per 100G",
    "COL Size": "220g"
  },
  {
    "Brand_Product_Size": "Bellamy's Organic Baby Rice With Prebiotic (GOS) 125g",
    "COL Price": 4.2,
    "COL ppu": "$3.36 per 100G",
    "COL Size": "125g"
  },
  {
    "Brand_Product_Size": "Coles Royal Blue Washed Potatoes Prepacked 2kg",
    "COL Price": 7,
    "COL ppu": "$3.50 per 1Kg",
    "COL Size": "2kg"
  },
  {
    "Brand_Product_Size": "Living Planet Goats Long Life Milk 1L",
    "COL Price": 4.7,
    "COL ppu": "$4.70 per 1L",
    "COL Size": "1L"
  },
  {
    "Brand_Product_Size": "Coles Asian Buk Choy 1 bunch",
    "COL Price": 2.5,
    "COL ppu": "$2.50 per 1Ea",
    "COL Size": "1 bunch"
  },
  {
    "Brand_Product_Size": "L'Oreal Paris Volume Million Lashes Mascara Black 9mL",
    "COL Price": 17.5,
    "COL ppu": "$19.44 per 10mL",
    "COL Size": "9mL"
  },
  {
    "Brand_Product_Size": "Grandma's Golden Wok Pork Gyoza 250g",
    "COL Price": 7.5,
    "COL ppu": "$3.00 per 100G",
    "COL Size": "250g"
  },
  {
    "Brand_Product_Size": "Capilano Pure Honey Squeeze 500g",
    "COL Price": 8.6,
    "COL ppu": "$1.72 per 100G",
    "COL Size": "500g"
  },
  {
    "Brand_Product_Size": "Sabco Antibacterial Self-Wringing Cotton Mop Refill each",
    "COL Price": 10,
    "COL ppu": "$10.00 per 1Ea",
    "COL Size": "each"
  },
  {
    "Brand_Product_Size": "Hedys Quiche Lorraine 1.1kg",
    "COL Price": 13.5,
    "COL ppu": "$1.23 per 100G",
    "COL Size": "1.1kg"
  },
  {
    "Brand_Product_Size": "Swisse Ultivite Women's Multivitamins Tablets 60 pack",
    "COL Price": 30,
    "COL ppu": "$0.50 per 1Ea",
    "COL Size": "60 pack"
  },
  {
    "Brand_Product_Size": "Cook & Dine Dinner Plates 4 pack",
    "COL Price": 4,
    "COL ppu": "$1.00 per 1Ea",
    "COL Size": "4 pack"
  },
  {
    "Brand_Product_Size": "Fluffy Pure Scents Creamy Coconut Concentrated Fabric Conditioner 1L",
    "COL Price": 7,
    "COL ppu": "$7.00 per 1L",
    "COL Size": "1L"
  },
  {
    "Brand_Product_Size": "Beechworth Bee Cause 100% Australian Bush Honey 550g",
    "COL Price": 8.5,
    "COL ppu": "$1.55 per 100G",
    "COL Size": "550g"
  },
  {
    "Brand_Product_Size": "Coles Brown Mushrooms Prepacked 200g",
    "COL Price": 5,
    "COL ppu": "$25.00 per 1Kg",
    "COL Size": "200g"
  },
  {
    "Brand_Product_Size": "Contigo Striker Drink Bottle each",
    "COL Price": 15,
    "COL ppu": "",
    "COL Size": "each"
  },
  {
    "Brand_Product_Size": "Blackmores Omega Triple Concentrated Fish Oil Capsules 60 pack",
    "COL Price": 12.5,
    "COL ppu": "$20.83 per 100Ea",
    "COL Size": "60 pack"
  },
  {
    "Brand_Product_Size": "Fibre One Chocolate Fudge Brownies 5 pack 120g",
    "COL Price": 5.5,
    "COL ppu": "$4.58 per 100G",
    "COL Size": "120g"
  },
  {
    "Brand_Product_Size": "Coles Deli Thawed Cooked King Prawns approx. 250g",
    "COL Price": 7.5,
    "COL ppu": "$30.00 per 1Kg",
    "COL Size": "approx. 250g"
  },
  {
    "Brand_Product_Size": "Coles Frozen Tiramisu 500g",
    "COL Price": 5,
    "COL ppu": "$1.00 per 100G",
    "COL Size": "500g"
  },
  {
    "Brand_Product_Size": "Coles Kitchen Kaleslaw Dressing 250mL",
    "COL Price": 4,
    "COL ppu": "$1.60 per 100mL",
    "COL Size": "250mL"
  },
  {
    "Brand_Product_Size": "Ayam Black Bean Sauce 210mL",
    "COL Price": 3.5,
    "COL ppu": "$1.67 per 100mL",
    "COL Size": "210mL"
  },
  {
    "Brand_Product_Size": "Coles Medium Roast Freeze Dried Coffee 200g",
    "COL Price": 2.5,
    "COL ppu": "$1.25 per 100G",
    "COL Size": "200g"
  },
  {
    "Brand_Product_Size": "Maltesers Double Chocolate Stick 236mL",
    "COL Price": 8.5,
    "COL ppu": "$3.60 per 100mL",
    "COL Size": "236mL"
  },
  {
    "Brand_Product_Size": "Liddells Strawberry Yoghurt 140 grams 4 pack",
    "COL Price": 5.35,
    "COL ppu": "$0.96 per 100G",
    "COL Size": "4 pack"
  },
  {
    "Brand_Product_Size": "CSR Logicane Sugar 750g",
    "COL Price": 3.3,
    "COL ppu": "$0.44 per 100G",
    "COL Size": "750g"
  },
  {
    "Brand_Product_Size": "Coles Deli Multipack Assorted Chips 15 Pack 278g",
    "COL Price": 4.95,
    "COL ppu": "$1.78 per 100G",
    "COL Size": "278g"
  },
  {
    "Brand_Product_Size": "Golden Circle Apple Pineapple and Banana Tropical Smash 120g",
    "COL Price": 1.5,
    "COL ppu": "$12.50 per 1Kg",
    "COL Size": "120g"
  },
  {
    "Brand_Product_Size": "Vegemite Gluten Free Spread 235g",
    "COL Price": 3.8,
    "COL ppu": "$1.62 per 100G",
    "COL Size": "235g"
  },
  {
    "Brand_Product_Size": "Paldo Spicy Seafood Flavor King Noodle 110g",
    "COL Price": 2.5,
    "COL ppu": "$2.27 per 100G",
    "COL Size": "110g"
  },
  {
    "Brand_Product_Size": "Coles Bakery Fantasy Finger Buns 4 pack",
    "COL Price": 3.5,
    "COL ppu": "$0.88 per 1Ea",
    "COL Size": "4 pack"
  },
  {
    "Brand_Product_Size": "Dodoni Greek Saganaki Frying Cheese 200g",
    "COL Price": 9.95,
    "COL ppu": "$49.75 per 1Kg",
    "COL Size": "200g"
  },
  {
    "Brand_Product_Size": "Coles Frozen Cut Beans 1kg",
    "COL Price": 2,
    "COL ppu": "$2.00 per 1Kg",
    "COL Size": "1kg"
  },
  {
    "Brand_Product_Size": "Fehlbergs Old English Brown Pickled Onions 500g",
    "COL Price": 4.8,
    "COL ppu": "$9.60 per 1Kg",
    "COL Size": "500g"
  },
  {
    "Brand_Product_Size": "Eclipse Mints Watermelon 40g",
    "COL Price": 3,
    "COL ppu": "$7.50 per 100G",
    "COL Size": "40g"
  },
  {
    "Brand_Product_Size": "Bic Mega Lighters 2 pack",
    "COL Price": 8.4,
    "COL ppu": "$4.20 per 1Ea",
    "COL Size": "2 pack"
  },
  {
    "Brand_Product_Size": "Old El Paso Stand 'N Stuff Bold Cheese Taco Kit 315g",
    "COL Price": 5,
    "COL ppu": "$1.59 per 100G",
    "COL Size": "315g"
  },
  {
    "Brand_Product_Size": "Coles Peanut Oil 750mL",
    "COL Price": 5,
    "COL ppu": "$0.67 per 100mL",
    "COL Size": "750mL"
  },
  {
    "Brand_Product_Size": "Club Rock Shandy Soft Drink Can 330mL",
    "COL Price": 2.4,
    "COL ppu": "$0.73 per 100mL",
    "COL Size": "330mL"
  },
  {
    "Brand_Product_Size": "Continental Kosher Butchers Aussie Sausages 450g",
    "COL Price": 8.6,
    "COL ppu": "$19.11 per 1Kg",
    "COL Size": "450g"
  },
  {
    "Brand_Product_Size": "Arnott's Cheds Crackers 250g",
    "COL Price": 4,
    "COL ppu": "$1.60 per 100G",
    "COL Size": "250g"
  },
  {
    "Brand_Product_Size": "Mayvers Unhulled Tahini 385g",
    "COL Price": 5.3,
    "COL ppu": "$1.38 per 100G",
    "COL Size": "385g"
  },
  {
    "Brand_Product_Size": "Lieber's Classic Marinara Pasta Sauce 680g",
    "COL Price": 7,
    "COL ppu": "$1.03 per 100G",
    "COL Size": "680g"
  },
  {
    "Brand_Product_Size": "Plumrose Vegetarian Hot Dogs 560g",
    "COL Price": 6,
    "COL ppu": "$10.71 per 1Kg",
    "COL Size": "560g"
  },
  {
    "Brand_Product_Size": "Optimum Functional Dog Treat Digestive Issues With Chicken 100g",
    "COL Price": 5.5,
    "COL ppu": "$5.50 per 100G",
    "COL Size": "100g"
  },
  {
    "Brand_Product_Size": "Garnier Fructis Grow Strong Conditioner 850mL",
    "COL Price": 7.5,
    "COL ppu": "$0.88 per 100mL",
    "COL Size": "850mL"
  },
  {
    "Brand_Product_Size": "Decor Match Ups Basics Container Oblong Green 1.5L each",
    "COL Price": 6.5,
    "COL ppu": "",
    "COL Size": "each"
  },
  {
    "Brand_Product_Size": "Ferrero Rocher 16 Pack Boxed Chocolate Gift 200g",
    "COL Price": 13.5,
    "COL ppu": "$6.75 per 100G",
    "COL Size": "200g"
  },
  {
    "Brand_Product_Size": "Coles RSPCA Approved Boneless Chicken Roast With Apricot Herb & Stuffing 1kg",
    "COL Price": 12,
    "COL ppu": "$12.00 per 1Kg",
    "COL Size": "1kg"
  },
  {
    "Brand_Product_Size": "Loacker Gran Pasticceria Biscuit Cappuccino 100g",
    "COL Price": 4,
    "COL ppu": "$4.00 per 100G",
    "COL Size": "100g"
  },
  {
    "Brand_Product_Size": "Tigi Bed Head For Men Wax Matte Seperation 85g",
    "COL Price": 20,
    "COL ppu": "$23.53 per 100G",
    "COL Size": "85g"
  },
  {
    "Brand_Product_Size": "Rana Pumpkin & Caramelised Onion Ravioli 325g",
    "COL Price": 7,
    "COL ppu": "$2.15 per 100G",
    "COL Size": "325g"
  },
  {
    "Brand_Product_Size": "Revlon Photoready Candid Foundation Medium Beige 270 22mL",
    "COL Price": 25,
    "COL ppu": "$113.64 per 100mL",
    "COL Size": "22mL"
  },
  {
    "Brand_Product_Size": "Scholl Expert Care Dry Skin Foot Sock Mask 1 pack",
    "COL Price": 7,
    "COL ppu": "$7.00 per 1Ea",
    "COL Size": "1 pack"
  },
  {
    "Brand_Product_Size": "Dr. Olivee Grape Vine Leaves 850g",
    "COL Price": 4.5,
    "COL ppu": "$0.53 per 100G",
    "COL Size": "850g"
  },
  {
    "Brand_Product_Size": "Brut Max Defence Military Grade Antiperspirant Deodorant 150g",
    "COL Price": 3.15,
    "COL ppu": "$2.10 per 100G",
    "COL Size": "150g"
  },
  {
    "Brand_Product_Size": "Always Fresh Olive Oil & Sea Salt Crustini Bruschetta Toasts 120g",
    "COL Price": 3.7,
    "COL ppu": "$3.08 per 100G",
    "COL Size": "120g"
  },
  {
    "Brand_Product_Size": "Coles Deli Salad Tub Small Curried Pumpkin Cous Cous Salad each",
    "COL Price": 5,
    "COL ppu": "$5.00 per 1Ea",
    "COL Size": "each"
  },
  {
    "Brand_Product_Size": "Deli Express Ivans Quiche Lorraine 180g",
    "COL Price": 4.5,
    "COL ppu": "$2.50 per 100G",
    "COL Size": "180g"
  },
  {
    "Brand_Product_Size": "Yaru Sparkling Mineral Water 1L",
    "COL Price": 1.47,
    "COL ppu": "$1.47 per 1L",
    "COL Size": "1L"
  },
  {
    "Brand_Product_Size": "Oreo Creme Biscuits Original 133g",
    "COL Price": 1.5,
    "COL ppu": "$1.13 per 100G",
    "COL Size": "133g"
  },
  {
    "Brand_Product_Size": "Primo Pepperoni approx. 125g",
    "COL Price": 3.375,
    "COL ppu": "$27.00 per 1Kg",
    "COL Size": "approx. 125g"
  },
  {
    "Brand_Product_Size": "Coles Balsamic Dressing 300mL",
    "COL Price": 1.8,
    "COL ppu": "$0.60 per 100mL",
    "COL Size": "300mL"
  },
  {
    "Brand_Product_Size": "Hoyts Garam Masala 25g",
    "COL Price": 2.1,
    "COL ppu": "$0.84 per 10G",
    "COL Size": "25g"
  },
  {
    "Brand_Product_Size": "Brunswick Wild Sardines in Olive Oil 106g",
    "COL Price": 1.9,
    "COL ppu": "$17.92 per 1Kg",
    "COL Size": "106g"
  },
  {
    "Brand_Product_Size": "By George Frozen Natural Salmon Fillets 250g",
    "COL Price": 8,
    "COL ppu": "$32.00 per 1Kg",
    "COL Size": "250g"
  },
  {
    "Brand_Product_Size": "KIND Almond & Coconut Bar 40g",
    "COL Price": 1.5,
    "COL ppu": "$3.75 per 100G",
    "COL Size": "40g"
  },
  {
    "Brand_Product_Size": "Primo Short Cut Bacon 1kg",
    "COL Price": 10,
    "COL ppu": "$10.00 per 1Kg",
    "COL Size": "1kg"
  },
  {
    "Brand_Product_Size": "Coles Blueberries Prepacked 125g",
    "COL Price": 7.5,
    "COL ppu": "$60.00 per 1Kg",
    "COL Size": "125g"
  },
  {
    "Brand_Product_Size": "Glad To Be Green Sandwich Snaplock Plant Based Bags 40 pack",
    "COL Price": 3.5,
    "COL ppu": "$0.09 per 1Ea",
    "COL Size": "40 pack"
  },
  {
    "Brand_Product_Size": "John Frieda Frizz Ease Extra Strength Serum 50mL",
    "COL Price": 17,
    "COL ppu": "$34.00 per 100mL",
    "COL Size": "50mL"
  },
  {
    "Brand_Product_Size": "Applaws Chicken Breast with Vegetables Canned Dog Food 156g",
    "COL Price": 2.8,
    "COL ppu": "$1.79 per 100G",
    "COL Size": "156g"
  },
  {
    "Brand_Product_Size": "Colgate Optic White Mouthwash 500mL",
    "COL Price": 6.5,
    "COL ppu": "$1.30 per 100mL",
    "COL Size": "500mL"
  },
  {
    "Brand_Product_Size": "Chux Magic Eraser Extra Thick Cleaner Block 2 pack",
    "COL Price": 6,
    "COL ppu": "$3.00 per 1Ea",
    "COL Size": "2 pack"
  },
  {
    "Brand_Product_Size": "Bondi Sands Self Tan Eraser 200mL",
    "COL Price": 20,
    "COL ppu": "$10.00 per 100mL",
    "COL Size": "200mL"
  },
  {
    "Brand_Product_Size": "Coles Cheesy Broccoli & Potato Soup Pouch 430g",
    "COL Price": 2.7,
    "COL ppu": "$0.63 per 100G",
    "COL Size": "430g"
  },
  {
    "Brand_Product_Size": "Activia Strawberry Yoghurt 700g",
    "COL Price": 5,
    "COL ppu": "$0.71 per 100G",
    "COL Size": "700g"
  },
  {
    "Brand_Product_Size": "Grandma's Golden Wok Pork Gyoza 250g",
    "COL Price": 7.5,
    "COL ppu": "$3.00 per 100G",
    "COL Size": "250g"
  },
  {
    "Brand_Product_Size": "Rimmel Wonder'Full Mascara 003 Extreme Black 11mL",
    "COL Price": 11.4,
    "COL ppu": "$10.36 per 10mL",
    "COL Size": "11mL"
  },
  {
    "Brand_Product_Size": "Dove Women's Antiperspirant Pear & Aloe Vera Go Fresh Deodorant 250mL",
    "COL Price": 7,
    "COL ppu": "$2.80 per 100mL",
    "COL Size": "250mL"
  },
  {
    "Brand_Product_Size": "Allen's Freckles Family Size Bag 340g",
    "COL Price": 5,
    "COL ppu": "$1.47 per 100G",
    "COL Size": "340g"
  },
  {
    "Brand_Product_Size": "Musashi Salted Caramel P45 Bar 90g",
    "COL Price": 4,
    "COL ppu": "$4.44 per 100G",
    "COL Size": "90g"
  },
  {
    "Brand_Product_Size": "Atkins Low Carb Chocolate Flavour Protein Shake 330mL",
    "COL Price": 3.65,
    "COL ppu": "$11.06 per 1L",
    "COL Size": "330mL"
  },
  {
    "Brand_Product_Size": "Cook & Dine Coloured Serviettes 50 pack",
    "COL Price": 3,
    "COL ppu": "$0.06 per 1Ea",
    "COL Size": "50 pack"
  },
  {
    "Brand_Product_Size": "Toni & Guy Nourish Fine Hair Conditioner 250mL",
    "COL Price": 16,
    "COL ppu": "$6.40 per 100mL",
    "COL Size": "250mL"
  },
  {
    "Brand_Product_Size": "Bega Strong & Bitey Vintage Cheese Slices 15 pack 250g",
    "COL Price": 4.5,
    "COL ppu": "$18.00 per 1Kg",
    "COL Size": "250g"
  },
  {
    "Brand_Product_Size": "Coles Tuna In Brine 185g",
    "COL Price": 1.3,
    "COL ppu": "$7.03 per 1Kg",
    "COL Size": "185g"
  },
  {
    "Brand_Product_Size": "Patak's Pickled Eggplant 312g",
    "COL Price": 6.4,
    "COL ppu": "$2.05 per 100G",
    "COL Size": "312g"
  },
  {
    "Brand_Product_Size": "Coles Brown Rice Crackers 100g",
    "COL Price": 1.35,
    "COL ppu": "$1.35 per 100G",
    "COL Size": "100g"
  },
  {
    "Brand_Product_Size": "Red Rock Deli Lime & Pepper Potato Chips 165g",
    "COL Price": 3,
    "COL ppu": "$1.82 per 100G",
    "COL Size": "165g"
  },
  {
    "Brand_Product_Size": "Cook & Dine Cook & Dine Mixing Bowls 3 pack",
    "COL Price": 8.5,
    "COL ppu": "$2.83 per 1Ea",
    "COL Size": "3 pack"
  },
  {
    "Brand_Product_Size": "Jinmailang Pork Stew Flavour Noodles 565g",
    "COL Price": 3.3,
    "COL ppu": "$0.58 per 100G",
    "COL Size": "565g"
  },
  {
    "Brand_Product_Size": "Red Rock Deli Potato Chips Sweet Chilli 5 Pack 140g",
    "COL Price": 4.65,
    "COL ppu": "$3.32 per 100G",
    "COL Size": "140g"
  },
  {
    "Brand_Product_Size": "Mama Shrimp Tom Yum Noodles Jumbo Pack 90g",
    "COL Price": 1,
    "COL ppu": "$1.11 per 100G",
    "COL Size": "90g"
  },
  {
    "Brand_Product_Size": "Dream Whip Whipped Dairy Topping Cream 250g",
    "COL Price": 4,
    "COL ppu": "$1.60 per 100G",
    "COL Size": "250g"
  },
  {
    "Brand_Product_Size": "Ocean Spray Pink Low Sugar Cranberry Juice 1.5L",
    "COL Price": 4.05,
    "COL ppu": "$2.70 per 1L",
    "COL Size": "1.5L"
  },
  {
    "Brand_Product_Size": "Golden Circle Tropical Punch Fruit Drink Multipack 250mL 6 pack",
    "COL Price": 4.5,
    "COL ppu": "$0.75 per 1Ea",
    "COL Size": "6 pack"
  },
  {
    "Brand_Product_Size": "Cottee's Blackberry Jam 500g",
    "COL Price": 2.8,
    "COL ppu": "$0.56 per 100G",
    "COL Size": "500g"
  },
  {
    "Brand_Product_Size": "Nestle Skim Sweetened Condensed Milk 410g",
    "COL Price": 2.5,
    "COL ppu": "$0.61 per 100G",
    "COL Size": "410g"
  },
  {
    "Brand_Product_Size": "L'Oreal Elvive Treatment Extraordinary Coconut Oil 100mL",
    "COL Price": 10,
    "COL ppu": "$10.00 per 100mL",
    "COL Size": "100mL"
  },
  {
    "Brand_Product_Size": "Carman's Cranberry & Blueberry Oat Slice 70g",
    "COL Price": 3.5,
    "COL ppu": "$5.00 per 100G",
    "COL Size": "70g"
  },
  {
    "Brand_Product_Size": "Haldirams Spinach Pakora 283g",
    "COL Price": 5.25,
    "COL ppu": "$1.86 per 100G",
    "COL Size": "283g"
  },
  {
    "Brand_Product_Size": "Coles Dip Hommus 200g",
    "COL Price": 1.9,
    "COL ppu": "$0.95 per 100G",
    "COL Size": "200g"
  },
  {
    "Brand_Product_Size": "Big M Strawberry Flavoured Milk 2L",
    "COL Price": 4.3,
    "COL ppu": "$2.15 per 1L",
    "COL Size": "2L"
  },
  {
    "Brand_Product_Size": "Vaalia Kids Lactose Free Strawberry Yoghurt 140g",
    "COL Price": 1.7,
    "COL ppu": "$1.21 per 100G",
    "COL Size": "140g"
  },
  {
    "Brand_Product_Size": "Life-Space Broad Spectrum Probiotic Tablets 40 pack",
    "COL Price": 27,
    "COL ppu": "$0.68 per 1Ea",
    "COL Size": "40 pack"
  },
  {
    "Brand_Product_Size": "Palmolive Naturals Milk & Honey Hand Wash Refill 1L",
    "COL Price": 6.5,
    "COL ppu": "$0.65 per 100mL",
    "COL Size": "1L"
  },
  {
    "Brand_Product_Size": "Tefal Plus Frypan 30cm each",
    "COL Price": 25.6,
    "COL ppu": "$25.60 per 1Ea",
    "COL Size": "each"
  },
  {
    "Brand_Product_Size": "Lucky Brazil Nuts 150g",
    "COL Price": 7.4,
    "COL ppu": "$49.34 per 1Kg",
    "COL Size": "150g"
  },
  {
    "Brand_Product_Size": "Restaurant Collection Slow Cooked Mexican Pork & Black Bean 874g",
    "COL Price": 18.5,
    "COL ppu": "$2.12 per 100G",
    "COL Size": "874g"
  },
  {
    "Brand_Product_Size": "Reflex A4 Copy Paper 500 Sheet each",
    "COL Price": 7,
    "COL ppu": "$7.00 per 1ea",
    "COL Size": "each"
  },
  {
    "Brand_Product_Size": "Nescafe Farmers Origins Americas Lungo Capsules 10 pack",
    "COL Price": 6.2,
    "COL ppu": "$0.62 per 1Ea",
    "COL Size": "10 pack"
  },
  {
    "Brand_Product_Size": "Sandhurst Sandwich Stackers 500g",
    "COL Price": 4.2,
    "COL ppu": "$8.40 per 1Kg",
    "COL Size": "500g"
  },
  {
    "Brand_Product_Size": "Rascal & Friends Nappy Pants Walker Jumbo 50 pack",
    "COL Price": 27,
    "COL ppu": "$0.54 per 1Ea",
    "COL Size": "50 pack"
  },
  {
    "Brand_Product_Size": "Nyakers Ginger Snaps Almond 150g",
    "COL Price": 3.5,
    "COL ppu": "$2.33 per 100G",
    "COL Size": "150g"
  },
  {
    "Brand_Product_Size": "Oates Stainless Steel Toilet Brush Set each",
    "COL Price": 14.85,
    "COL ppu": "$14.85 per 1Ea",
    "COL Size": "each"
  },
  {
    "Brand_Product_Size": "Cook & Dine Hand Grater each",
    "COL Price": 2.5,
    "COL ppu": "$2.50 per 1Ea",
    "COL Size": "each"
  },
  {
    "Brand_Product_Size": "Birds Eye Frozen Fish Fillets With Original Lightly Battered Oven Bake 6 Pack 425g",
    "COL Price": 10,
    "COL ppu": "$23.53 per 1Kg",
    "COL Size": "425g"
  },
  {
    "Brand_Product_Size": "Devondale Sparkling Apple Juice Bottle 750mL",
    "COL Price": 3,
    "COL ppu": "$4.00 per 1L",
    "COL Size": "750mL"
  },
  {
    "Brand_Product_Size": "Hydrlyte Effervescent Tablets Lemon Lime 40 pack",
    "COL Price": 22,
    "COL ppu": "$0.55 per 1Ea",
    "COL Size": "40 pack"
  },
  {
    "Brand_Product_Size": "Kettle Sensations White Chocolate Macadamia & Coconut Popcorn 100g",
    "COL Price": 3.5,
    "COL ppu": "$3.50 per 100G",
    "COL Size": "100g"
  },
  {
    "Brand_Product_Size": "Coles Power Mix 80g",
    "COL Price": 2,
    "COL ppu": "$25.00 per 1Kg",
    "COL Size": "80g"
  },
  {
    "Brand_Product_Size": "Cook & Dine Embossed Canister Small each",
    "COL Price": 7,
    "COL ppu": "$7.00 per 1Ea",
    "COL Size": "each"
  },
  {
    "Brand_Product_Size": "Garofalo Spaghetti Pasta 500g",
    "COL Price": 2.2,
    "COL ppu": "$0.44 per 100G",
    "COL Size": "500g"
  },
  {
    "Brand_Product_Size": "San Remo La Pasta Single Snack Carbonara Pasta & Sauce 80g",
    "COL Price": 1,
    "COL ppu": "$1.25 per 100G",
    "COL Size": "80g"
  },
  {
    "Brand_Product_Size": "Coles Beans Lentils 420g",
    "COL Price": 0.8,
    "COL ppu": "$0.19 per 100G",
    "COL Size": "420g"
  },
  {
    "Brand_Product_Size": "Soyco Tofu Chinese Honey Soy 200g",
    "COL Price": 4.7,
    "COL ppu": "$2.35 per 100G",
    "COL Size": "200g"
  },
  {
    "Brand_Product_Size": "Luca Hand Sanitiser 500mL",
    "COL Price": 14,
    "COL ppu": "$2.80 per 100mL",
    "COL Size": "500mL"
  },
  {
    "Brand_Product_Size": "Fine Foods Cracked Pepper Wafer Crackers 100g",
    "COL Price": 3,
    "COL ppu": "$3.00 per 100G",
    "COL Size": "100g"
  },
  {
    "Brand_Product_Size": "Lucky Slivered Almonds 230g",
    "COL Price": 8,
    "COL ppu": "$34.78 per 1Kg",
    "COL Size": "230g"
  },
  {
    "Brand_Product_Size": "Libra Ultra Thin Super Pads With Wings 18 pack",
    "COL Price": 5.8,
    "COL ppu": "$0.32 per 1Ea",
    "COL Size": "18 pack"
  },
  {
    "Brand_Product_Size": "Tom & Luke Salted Caramel Snackaballs 70g",
    "COL Price": 2.5,
    "COL ppu": "$3.57 per 100G",
    "COL Size": "70g"
  },
  {
    "Brand_Product_Size": "Pikster Interdental Brush Size 3 Medium 10 pack",
    "COL Price": 7,
    "COL ppu": "$0.70 per 1Ea",
    "COL Size": "10 pack"
  },
  {
    "Brand_Product_Size": "McKenzie's Desiccated Coconut 250g",
    "COL Price": 2.5,
    "COL ppu": "$10.00 per 1Kg",
    "COL Size": "250g"
  },
  {
    "Brand_Product_Size": "Centrum Multivitamin Tablets For Men 60 each",
    "COL Price": 20,
    "COL ppu": "$33.33 per 100Ea",
    "COL Size": "60 each"
  },
  {
    "Brand_Product_Size": "Eureka Eucalyptus Soluble Solution Water 500mL",
    "COL Price": 12.5,
    "COL ppu": "$2.50 per 100mL",
    "COL Size": "500mL"
  },
  {
    "Brand_Product_Size": "Coles Pork Belly Bites 400g",
    "COL Price": 12,
    "COL ppu": "$30.00 per 1Kg",
    "COL Size": "400g"
  },
  {
    "Brand_Product_Size": "Thankyou Botanical Cedarwood Body Wash 500mL",
    "COL Price": 5.6,
    "COL ppu": "$1.12 per 100mL",
    "COL Size": "500mL"
  },
  {
    "Brand_Product_Size": "Hoyts Mixed Herbs 70g",
    "COL Price": 3.1,
    "COL ppu": "$0.44 per 10G",
    "COL Size": "70g"
  },
  {
    "Brand_Product_Size": "Moccona Espresso Style Bold & Intense Instant Coffee 400g",
    "COL Price": 16,
    "COL ppu": "$4.00 per 100G",
    "COL Size": "400g"
  },
  {
    "Brand_Product_Size": "Woofin Good Chicken Rice & Vegetables Dry Dog Food 6kg",
    "COL Price": 34,
    "COL ppu": "$0.57 per 100G",
    "COL Size": "6kg"
  },
  {
    "Brand_Product_Size": "Steggles Frozen Crumbed Chicken Breast Nuggets 400g",
    "COL Price": 5,
    "COL ppu": "$12.50 per 1Kg",
    "COL Size": "400g"
  },
  {
    "Brand_Product_Size": "Coles Sliced Beetroot 425g",
    "COL Price": 1.2,
    "COL ppu": "$2.82 per 1Kg",
    "COL Size": "425g"
  },
  {
    "Brand_Product_Size": "Coles Sausage Mince 500g",
    "COL Price": 5,
    "COL ppu": "$10.00 per 1Kg",
    "COL Size": "500g"
  },
  {
    "Brand_Product_Size": "Coles Tasty Cheddar Cheese Slices 24 Pack 500g",
    "COL Price": 6.5,
    "COL ppu": "$1.30 per 100G",
    "COL Size": "500g"
  },
  {
    "Brand_Product_Size": "Mother's Day Disney All My Love Book each",
    "COL Price": 8,
    "COL ppu": "$8.00 per 1Ea",
    "COL Size": "each"
  },
  {
    "Brand_Product_Size": "Neutrogena Oil Free Daily Acne Scrub 125mL",
    "COL Price": 14.5,
    "COL ppu": "$11.60 per 100mL",
    "COL Size": "125mL"
  },
  {
    "Brand_Product_Size": "Continental Kosher Lamb Bfly Shldr Honey Mint approx. 1.2kg",
    "COL Price": 56.4,
    "COL ppu": "$47.00 per 1Kg",
    "COL Size": "approx. 1.2kg"
  },
  {
    "Brand_Product_Size": "Twinings Herbal Infusions Live Well Glow 18 pack",
    "COL Price": 6.5,
    "COL ppu": "$0.36 per 1Ea",
    "COL Size": "18 pack"
  },
  {
    "Brand_Product_Size": "Golden Circle Apple & Mango Juice 2L",
    "COL Price": 3,
    "COL ppu": "$1.50 per 1L",
    "COL Size": "2L"
  },
  {
    "Brand_Product_Size": "Coles All Spice 50g",
    "COL Price": 2.6,
    "COL ppu": "$0.52 per 10G",
    "COL Size": "50g"
  },
  {
    "Brand_Product_Size": "Coles Spicy Avocado Dip 150g",
    "COL Price": 3,
    "COL ppu": "$2.00 per 100G",
    "COL Size": "150g"
  },
  {
    "Brand_Product_Size": "Pureau Pure Water 600mL 6 pack",
    "COL Price": 4.75,
    "COL ppu": "$1.32 per 1L",
    "COL Size": "6 pack"
  },
  {
    "Brand_Product_Size": "Optimum Chicken Loaf Adult Wet Dog Food Tray 100g",
    "COL Price": 1.5,
    "COL ppu": "$1.50 per 100G",
    "COL Size": "100g"
  },
  {
    "Brand_Product_Size": "Telstra Essential Smart 3 4GX each",
    "COL Price": 99,
    "COL ppu": "$99.00 per 1Ea",
    "COL Size": "each"
  },
  {
    "Brand_Product_Size": "Happy Snack Company Kids Fav-va Beans Pizza 150g",
    "COL Price": 4.2,
    "COL ppu": "$2.80 per 100G",
    "COL Size": "150g"
  },
  {
    "Brand_Product_Size": "Tommee Tippee Closer To Nature Feeding Bottle 340mL 3+ Months 2 pack",
    "COL Price": 20,
    "COL ppu": "$10.00 per 1Ea",
    "COL Size": "2 pack"
  },
  {
    "Brand_Product_Size": "Nice & Natural Protein Nut Bar Dark Choco Cacao 40g",
    "COL Price": 2.3,
    "COL ppu": "$5.75 per 100G",
    "COL Size": "40g"
  },
  {
    "Brand_Product_Size": "Sanitarium UP&GO Liquid Breakfast Strawberry 250mL 12 pack",
    "COL Price": 14,
    "COL ppu": "$4.67 per 1L",
    "COL Size": "12 pack"
  },
  {
    "Brand_Product_Size": "Coles Dill Gherkins Whole 500g",
    "COL Price": 3.15,
    "COL ppu": "$6.30 per 1Kg",
    "COL Size": "500g"
  },
  {
    "Brand_Product_Size": "Nando's Peri Peri Hot Rub 25g",
    "COL Price": 3,
    "COL ppu": "$1.20 per 10G",
    "COL Size": "25g"
  },
  {
    "Brand_Product_Size": "Finish All In One Lemon Dishwasher Tablets 120 pack",
    "COL Price": 38,
    "COL ppu": "$0.32 per 1Ea",
    "COL Size": "120 pack"
  },
  {
    "Brand_Product_Size": "Head & Shoulders Supreme Moisture Shampoo 550mL",
    "COL Price": 9.5,
    "COL ppu": "$1.73 per 100mL",
    "COL Size": "550mL"
  },
  {
    "Brand_Product_Size": "Cadbury Roses Chocolate Gift Box 450g",
    "COL Price": 15.5,
    "COL ppu": "$3.44 per 100G",
    "COL Size": "450g"
  },
  {
    "Brand_Product_Size": "Atkins Endulge Caramel Nut Chew 5 Bars 170g",
    "COL Price": 13.5,
    "COL ppu": "$7.94 per 100G",
    "COL Size": "170g"
  },
  {
    "Brand_Product_Size": "Gravox Roast Meat with Red Wine & Garlic Gravy 165g",
    "COL Price": 2,
    "COL ppu": "$0.12 per 10G",
    "COL Size": "165g"
  },
  {
    "Brand_Product_Size": "Crest Travel Adaptor 2 USB Australia New Zealand each",
    "COL Price": 25,
    "COL ppu": "$25.00 per 1KGM",
    "COL Size": "each"
  },
  {
    "Brand_Product_Size": "Palmolive Chery Blossom Shower Gel 1L",
    "COL Price": 8.5,
    "COL ppu": "$0.85 per 100mL",
    "COL Size": "1L"
  },
  {
    "Brand_Product_Size": "Whiskas Favourites 1+ Years Chicken In Jelly Wet Cat Food Pouches 85g 15 pack",
    "COL Price": 10,
    "COL ppu": "$0.67 per 1Ea",
    "COL Size": "15 pack"
  },
  {
    "Brand_Product_Size": "Savour Wasabi Flavoured Peas 100g",
    "COL Price": 1.8,
    "COL ppu": "$1.80 per 100G",
    "COL Size": "100g"
  },
  {
    "Brand_Product_Size": "Carman's Dark Choc Blueberry Superfood Bars 6 pack 210g",
    "COL Price": 6,
    "COL ppu": "$2.86 per 100G",
    "COL Size": "210g"
  },
  {
    "Brand_Product_Size": "Ice Break Extra Shot Real Coffee 500mL",
    "COL Price": 3.35,
    "COL ppu": "$6.70 per 1L",
    "COL Size": "500mL"
  },
  {
    "Brand_Product_Size": "Indomie Mi Goreng BBQ Chicken Flavour Instant Noodles 80g",
    "COL Price": 0.7,
    "COL ppu": "$0.88 per 100G",
    "COL Size": "80g"
  },
  {
    "Brand_Product_Size": "Roundup Natural Weedkiller 1L",
    "COL Price": 20,
    "COL ppu": "$20.00 per 1L",
    "COL Size": "1L"
  },
  {
    "Brand_Product_Size": "Mission Taco Seasoning Mix 35g",
    "COL Price": 2,
    "COL ppu": "$5.71 per 100G",
    "COL Size": "35g"
  },
  {
    "Brand_Product_Size": "Gourmet Garden Lightly Dried Mixed Herbs Prepacked 8g",
    "COL Price": 3.5,
    "COL ppu": "$4.38 per 10G",
    "COL Size": "8g"
  },
  {
    "Brand_Product_Size": "Golden Circle Golden Pash Fruit Drink 1L",
    "COL Price": 2.25,
    "COL ppu": "$2.25 per 1L",
    "COL Size": "1L"
  },
  {
    "Brand_Product_Size": "Cook & Dine Square Cake Tin 24cm each",
    "COL Price": 6,
    "COL ppu": "$6.00 per 1Ea",
    "COL Size": "each"
  },
  {
    "Brand_Product_Size": "Coles Yoghurt High Protein 900g",
    "COL Price": 5.2,
    "COL ppu": "$0.58 per 100G",
    "COL Size": "900g"
  },
  {
    "Brand_Product_Size": "Toscano Classic Pizza Bases 2 pack 300g",
    "COL Price": 4,
    "COL ppu": "$1.33 per 100G",
    "COL Size": "300g"
  },
  {
    "Brand_Product_Size": "Coles Bakery Tiger Vienna 450g",
    "COL Price": 2.5,
    "COL ppu": "$0.56 per 100G",
    "COL Size": "450g"
  },
  {
    "Brand_Product_Size": "Folding Basic Manual Umbrella Black each",
    "COL Price": 10,
    "COL ppu": "$10.00 per 1Ea",
    "COL Size": "each"
  },
  {
    "Brand_Product_Size": "Coles Frozen Cauliflower & Broccoli 500g",
    "COL Price": 2.15,
    "COL ppu": "$4.30 per 1Kg",
    "COL Size": "500g"
  },
  {
    "Brand_Product_Size": "Schweppes Blood Orange and Passionfruit Flavour Drink 1.1L",
    "COL Price": 2.15,
    "COL ppu": "$1.95 per 1L",
    "COL Size": "1.1L"
  },
  {
    "Brand_Product_Size": "Coles Organic Unsweetened Coconut Milk 1L",
    "COL Price": 2.5,
    "COL ppu": "$2.50 per 1L",
    "COL Size": "1L"
  },
  {
    "Brand_Product_Size": "Ziploc Freezer Bags Medium 19 pack",
    "COL Price": 4,
    "COL ppu": "$0.21 per 1Ea",
    "COL Size": "19 pack"
  },
  {
    "Brand_Product_Size": "Moccona Ristretto 12 Espresso Coffee Capsules 10 pack 52g",
    "COL Price": 6,
    "COL ppu": "$11.54 per 100G",
    "COL Size": "52g"
  },
  {
    "Brand_Product_Size": "Dole Tropical Fruit Chunks in Juice Pouch 400g",
    "COL Price": 2.5,
    "COL ppu": "$6.25 per 1Kg",
    "COL Size": "400g"
  },
  {
    "Brand_Product_Size": "MasterFoods Satay Marinade 375g",
    "COL Price": 2.5,
    "COL ppu": "$0.67 per 100G",
    "COL Size": "375g"
  },
  {
    "Brand_Product_Size": "Nivea Everyday Active Fresh Roll On Antiperspirant Deodorant 50mL",
    "COL Price": 3.5,
    "COL ppu": "$70.00 per 100mL",
    "COL Size": "50mL"
  },
  {
    "Brand_Product_Size": "Coles Double Strength White Vinegar 2L",
    "COL Price": 2,
    "COL ppu": "$1.00 per 1L",
    "COL Size": "2L"
  },
  {
    "Brand_Product_Size": "Coles Gluten Free Rustic Grain Vienna 275g",
    "COL Price": 5,
    "COL ppu": "$1.82 per 100G",
    "COL Size": "275g"
  },
  {
    "Brand_Product_Size": "Tip Top Sunblest White Thick Bread 650g",
    "COL Price": 3,
    "COL ppu": "$0.46 per 100G",
    "COL Size": "650g"
  },
  {
    "Brand_Product_Size": "Twinings Lemon Green Tea Bags 50 pack 100g",
    "COL Price": 7,
    "COL ppu": "$7.00 per 100G",
    "COL Size": "100g"
  },
  {
    "Brand_Product_Size": "Green's Vanilla Cupcake Mix 490g",
    "COL Price": 3.2,
    "COL ppu": "$0.65 per 100G",
    "COL Size": "490g"
  },
  {
    "Brand_Product_Size": "Arnott's Lattice Biscuits 200g",
    "COL Price": 2.3,
    "COL ppu": "$1.15 per 100G",
    "COL Size": "200g"
  },
  {
    "Brand_Product_Size": "Revlon Photoready Mattifying Pore Reducing Primer 30mL",
    "COL Price": 15,
    "COL ppu": "$5.00 per 10mL",
    "COL Size": "30mL"
  },
  {
    "Brand_Product_Size": "Nanna's Vegan Friendly Apple & Toffee Snack Pies 225g",
    "COL Price": 3,
    "COL ppu": "$1.33 per 100G",
    "COL Size": "225g"
  },
  {
    "Brand_Product_Size": "Catlux Light Clumping Cat Litter 6L",
    "COL Price": 6.9,
    "COL ppu": "$1.15 per 1L",
    "COL Size": "6L"
  },
  {
    "Brand_Product_Size": "Twinings Pure Green Tea Bags 50 pack 100g",
    "COL Price": 7,
    "COL ppu": "$7.00 per 100G",
    "COL Size": "100g"
  },
  {
    "Brand_Product_Size": "Coles Butter Croissants 3 pack 189g",
    "COL Price": 2.5,
    "COL ppu": "$1.32 per 100G",
    "COL Size": "189g"
  },
  {
    "Brand_Product_Size": "Mother's Day Scented Candle each",
    "COL Price": 8,
    "COL ppu": "$8.00 per 1Ea",
    "COL Size": "each"
  },
  {
    "Brand_Product_Size": "Vicks Vapodrops Immune Support Orange Menthol Lozenges 16 pack",
    "COL Price": 8,
    "COL ppu": "$0.50 per 1Ea",
    "COL Size": "16 pack"
  },
  {
    "Brand_Product_Size": "Peters Lemonade Icy Pole 8 pack 600mL",
    "COL Price": 4.6,
    "COL ppu": "$0.77 per 100mL",
    "COL Size": "600mL"
  },
  {
    "Brand_Product_Size": "Freedom Foods Messy Monkeys A2 Protein Chocolate Flavoured Multipack Dairy Milk 200mL 6 pack",
    "COL Price": 6,
    "COL ppu": "$5.00 per 1L",
    "COL Size": "6 pack"
  },
  {
    "Brand_Product_Size": "Bondi Sands Aloe Vera After Sun Non Greasy Moisturising Gel Spray 200mL",
    "COL Price": 10,
    "COL ppu": "$5.00 per 100mL",
    "COL Size": "200mL"
  },
  {
    "Brand_Product_Size": "Soul Seed Hemp 250g",
    "COL Price": 13,
    "COL ppu": "$5.20 per 100G",
    "COL Size": "250g"
  },
  {
    "Brand_Product_Size": "Garnier Nutrisse 4.3 Cappuccino Permanent Hair Colour 1 pack",
    "COL Price": 7.5,
    "COL ppu": "$7.50 per 1Ea",
    "COL Size": "1 pack"
  },
  {
    "Brand_Product_Size": "MasterFoods Ground Cinnamon 28g",
    "COL Price": 2.6,
    "COL ppu": "$0.93 per 10G",
    "COL Size": "28g"
  },
  {
    "Brand_Product_Size": "Maybelline Fit Me Concealer 20 Sand 6.8mL",
    "COL Price": 11.2,
    "COL ppu": "$16.47 per 10mL",
    "COL Size": "6.8mL"
  },
  {
    "Brand_Product_Size": "Colgate Sensitive Multiprotection Toothpaste 110g",
    "COL Price": 8,
    "COL ppu": "$7.27 per 100G",
    "COL Size": "110g"
  },
  {
    "Brand_Product_Size": "Coles Organic Wholemeal Spiral Pasta 500g",
    "COL Price": 1.65,
    "COL ppu": "$0.33 per 100G",
    "COL Size": "500g"
  },
  {
    "Brand_Product_Size": "Super Nature Vegan Spinach Gnocchi In Romesco Sauce 350g",
    "COL Price": 9,
    "COL ppu": "$2.57 per 100G",
    "COL Size": "350g"
  },
  {
    "Brand_Product_Size": "Coles Bubbles 100mL",
    "COL Price": 2,
    "COL ppu": "$2.00 per 100mL",
    "COL Size": "100mL"
  },
  {
    "Brand_Product_Size": "Oak Raspberry Spider Thickshake 425mL",
    "COL Price": 2.1,
    "COL ppu": "$4.94 per 1L",
    "COL Size": "425mL"
  },
  {
    "Brand_Product_Size": "Kiddylicious Strawberry Fruit Wriggles 12+ Months 12g",
    "COL Price": 1.8,
    "COL ppu": "$15.00 per 100G",
    "COL Size": "12g"
  },
  {
    "Brand_Product_Size": "Coles Free Range RSPCA Approved Chicken Whole approx. 1.6kg",
    "COL Price": 10.4,
    "COL ppu": "$6.50 per 1Kg",
    "COL Size": "approx. 1.6kg"
  },
  {
    "Brand_Product_Size": "Kikkoman Tamari Soy Sauce 250mL",
    "COL Price": 5.2,
    "COL ppu": "$2.08 per 100mL",
    "COL Size": "250mL"
  },
  {
    "Brand_Product_Size": "Primo Cheese Kransky each",
    "COL Price": 2.3,
    "COL ppu": "$2.30 per 1Ea",
    "COL Size": "each"
  },
  {
    "Brand_Product_Size": "Jesses Bakery Chocolate Bubka 850g",
    "COL Price": 15,
    "COL ppu": "$1.76 per 100G",
    "COL Size": "850g"
  },
  {
    "Brand_Product_Size": "Pattu Green Cardamom 50g",
    "COL Price": 5.15,
    "COL ppu": "$1.03 per 10G",
    "COL Size": "50g"
  },
  {
    "Brand_Product_Size": "Sharwood's Creamy Coconut Korma Cooking Sauce Pouch 250g",
    "COL Price": 3.5,
    "COL ppu": "$1.40 per 100G",
    "COL Size": "250g"
  },
  {
    "Brand_Product_Size": "Mentholatum Ice Spray 90g",
    "COL Price": 13,
    "COL ppu": "$14.44 per 100G",
    "COL Size": "90g"
  },
  {
    "Brand_Product_Size": "Woofin Good Chunks In Gravy Beef Rice & Veg Dog Food 720g",
    "COL Price": 3.4,
    "COL ppu": "$0.47 per 100G",
    "COL Size": "720g"
  },
  {
    "Brand_Product_Size": "Cottee's Orange Cordial 1L",
    "COL Price": 4.2,
    "COL ppu": "$4.20 per 1L",
    "COL Size": "1L"
  },
  {
    "Brand_Product_Size": "Queen Yellow Food Colour 50mL",
    "COL Price": 1.1,
    "COL ppu": "$0.22 per 10mL",
    "COL Size": "50mL"
  },
  {
    "Brand_Product_Size": "Oreo Mini Snack Cookie Mixed 230g",
    "COL Price": 3.95,
    "COL ppu": "$1.72 per 100G",
    "COL Size": "230g"
  },
  {
    "Brand_Product_Size": "San Remo Wholemeal Pasta Spirals 500g",
    "COL Price": 1.95,
    "COL ppu": "$0.39 per 100G",
    "COL Size": "500g"
  },
  {
    "Brand_Product_Size": "Carman's Dark Choc Espresso Nut Bar 5 pack 160g",
    "COL Price": 6,
    "COL ppu": "$3.75 per 100G",
    "COL Size": "160g"
  },
  {
    "Brand_Product_Size": "Ambi Pur Premium Clip For Her Car Air Freshener Refill 7.5mL",
    "COL Price": 5,
    "COL ppu": "$6.67 per 10mL",
    "COL Size": "7.5mL"
  },
  {
    "Brand_Product_Size": "McCain Frozen Cheese & Bacon Family Pizza 500g",
    "COL Price": 5.5,
    "COL ppu": "$1.10 per 100G",
    "COL Size": "500g"
  },
  {
    "Brand_Product_Size": "Prima Apple Raspberry Fruit Drink Multipack 200mL 6 pack",
    "COL Price": 3.45,
    "COL ppu": "$0.58 per 1Ea",
    "COL Size": "6 pack"
  },
  {
    "Brand_Product_Size": "Joiner Lychee Drink 320mL",
    "COL Price": 1.6,
    "COL ppu": "$0.50 per 100mL",
    "COL Size": "320mL"
  },
  {
    "Brand_Product_Size": "Always Fresh Organic Kalamata Olives 220g",
    "COL Price": 5.4,
    "COL ppu": "$2.45 per 100G",
    "COL Size": "220g"
  },
  {
    "Brand_Product_Size": "Herron Nicaway Mini Lozenges 4mg 162 pack",
    "COL Price": 40,
    "COL ppu": "$0.25 per 1Ea",
    "COL Size": "162 pack"
  },
  {
    "Brand_Product_Size": "Aofc Organic Tomato & Basil Napoli Sauce Pouch 400g",
    "COL Price": 4.75,
    "COL ppu": "$1.19 per 100G",
    "COL Size": "400g"
  },
  {
    "Brand_Product_Size": "Streets Blue Ribbon Sticky Honeycomb Caramel Ice Cream 1L",
    "COL Price": 6,
    "COL ppu": "$0.60 per 100mL",
    "COL Size": "1L"
  },
  {
    "Brand_Product_Size": "Bundaberg Ginger Beer Multipack Cans 200mL 6 pack",
    "COL Price": 6.9,
    "COL ppu": "$5.75 per 1L",
    "COL Size": "6 pack"
  },
  {
    "Brand_Product_Size": "Razzamatazz Luxe Anklet Pantyhose Natural Size 1 1 pack",
    "COL Price": 5,
    "COL ppu": "",
    "COL Size": "1 pack"
  },
  {
    "Brand_Product_Size": "Lavazza Prontissimo Coffee Espresso 95g",
    "COL Price": 10,
    "COL ppu": "$10.53 per 100G",
    "COL Size": "95g"
  },
  {
    "Brand_Product_Size": "Ricci's Bikkies Herbed Turkish Bread 120g",
    "COL Price": 6.9,
    "COL ppu": "$5.75 per 100G",
    "COL Size": "120g"
  },
  {
    "Brand_Product_Size": "Helgas Mini Loaf Mixed Grain 415g",
    "COL Price": 2.9,
    "COL ppu": "$0.70 per 100G",
    "COL Size": "415g"
  },
  {
    "Brand_Product_Size": "Masterfoods Veggie Spicy Seasonings 20g",
    "COL Price": 2.5,
    "COL ppu": "$1.25 per 10G",
    "COL Size": "20g"
  },
  {
    "Brand_Product_Size": "Schweppes Dry Ginger Ale Classic Mixers Multipack Bottles 300mL 4 pack",
    "COL Price": 5.9,
    "COL ppu": "$4.92 per 1L",
    "COL Size": "4 pack"
  },
  {
    "Brand_Product_Size": "Coles Ultra Concentrate Dishwasher Powder Lemon Fresh 1kg",
    "COL Price": 4,
    "COL ppu": "$4.00 per 1Kg",
    "COL Size": "1kg"
  },
  {
    "Brand_Product_Size": "Hart & Soul Classic Tarka Yellow Lentil Dahl Curry 300g",
    "COL Price": 4,
    "COL ppu": "$1.33 per 100G",
    "COL Size": "300g"
  },
  {
    "Brand_Product_Size": "Que Cola Soft Drink 1.25L",
    "COL Price": 1,
    "COL ppu": "$0.80 per 1L",
    "COL Size": "1.25L"
  },
  {
    "Brand_Product_Size": "Birds Eye Frozen Broccoli & Cauliflower Rice 500g",
    "COL Price": 4.2,
    "COL ppu": "$8.40 per 1Kg",
    "COL Size": "500g"
  },
  {
    "Brand_Product_Size": "V.I.P. Chicken Gourmet Dog Roll 3kg",
    "COL Price": 7,
    "COL ppu": "$0.23 per 100G",
    "COL Size": "3kg"
  },
  {
    "Brand_Product_Size": "Oral B Cross Action Indicator Rainbow Manual Toothbrush 1 pack",
    "COL Price": 6,
    "COL ppu": "$6.00 per 1Ea",
    "COL Size": "1 pack"
  },
  {
    "Brand_Product_Size": "TCC Coconut Milk 165mL",
    "COL Price": 0.9,
    "COL ppu": "$0.55 per 100mL",
    "COL Size": "165mL"
  },
  {
    "Brand_Product_Size": "Go Ahead Sultana & Forest Fruit Crispy Slice 218g",
    "COL Price": 1.97,
    "COL ppu": "$0.90 per 100G",
    "COL Size": "218g"
  },
  {
    "Brand_Product_Size": "Helga's Spinach & Herb Large Wraps 7 pack 490g",
    "COL Price": 4,
    "COL ppu": "$0.82 per 100G",
    "COL Size": "490g"
  },
  {
    "Brand_Product_Size": "Coles Kitchen Spaghetti Carbonara 350g",
    "COL Price": 7.5,
    "COL ppu": "$2.14 per 100G",
    "COL Size": "350g"
  },
  {
    "Brand_Product_Size": "Bega Stringers Cheddar Cheese 8 pack 160g",
    "COL Price": 5.5,
    "COL ppu": "$34.38 per 1Kg",
    "COL Size": "160g"
  },
  {
    "Brand_Product_Size": "Bean Ground & Drunk Organic Classic Medium Roast Fairtrade Coffee 250g",
    "COL Price": 8.8,
    "COL ppu": "$3.52 per 100G",
    "COL Size": "250g"
  },
  {
    "Brand_Product_Size": "Coles Bake & Create Vanilla Buttercream 400g",
    "COL Price": 4,
    "COL ppu": "$1.00 per 100G",
    "COL Size": "400g"
  },
  {
    "Brand_Product_Size": "Clairol Root Touch Up Colour Blending Gel Light Brown 45mL",
    "COL Price": 12.6,
    "COL ppu": "$2.80 per 10mL",
    "COL Size": "45mL"
  },
  {
    "Brand_Product_Size": "Schwarzkopf Extra Care Shampoo Marrakesh Oil & Coconut 900mL",
    "COL Price": 14,
    "COL ppu": "$1.56 per 100mL",
    "COL Size": "900mL"
  },
  {
    "Brand_Product_Size": "Toni & Guy Casual Sea Salt Texturising Spray 200mL",
    "COL Price": 16,
    "COL ppu": "$8.00 per 100mL",
    "COL Size": "200mL"
  },
  {
    "Brand_Product_Size": "Just For Men Real Black Hair Colour 100g",
    "COL Price": 13.5,
    "COL ppu": "$13.50 per 100mL",
    "COL Size": "100g"
  },
  {
    "Brand_Product_Size": "McCain Basil Garlic & Parmesan Delish Chips 600g",
    "COL Price": 4.3,
    "COL ppu": "$7.17 per 1Kg",
    "COL Size": "600g"
  },
  {
    "Brand_Product_Size": "Slow Hills RSPCA Approved Chicken Drumsticks 450g",
    "COL Price": 6,
    "COL ppu": "$1.33 per 100G",
    "COL Size": "450g"
  },
  {
    "Brand_Product_Size": "Patties Sundried Tomato Parme & Basil Croquette 300g",
    "COL Price": 6,
    "COL ppu": "$2.00 per 100G",
    "COL Size": "300g"
  },
  {
    "Brand_Product_Size": "Aveeno Daily Moisturising Body Wash 532mL",
    "COL Price": 12.7,
    "COL ppu": "$2.39 per 100mL",
    "COL Size": "532mL"
  },
  {
    "Brand_Product_Size": "Maybelline Volume Express Falsies Blackest Black Mascara 7.5mL",
    "COL Price": 14,
    "COL ppu": "$18.67 per 10mL",
    "COL Size": "7.5mL"
  },
  {
    "Brand_Product_Size": "Chux Scourer Pads 3 pack",
    "COL Price": 3,
    "COL ppu": "$1.00 per 1Ea",
    "COL Size": "3 pack"
  },
  {
    "Brand_Product_Size": "Knorr Aromat Canister 200g",
    "COL Price": 8,
    "COL ppu": "$4.00 per 100G",
    "COL Size": "200g"
  },
  {
    "Brand_Product_Size": "Toni & Guy Instant Refresh Dry Shampoo 250mL",
    "COL Price": 16,
    "COL ppu": "$6.40 per 100mL",
    "COL Size": "250mL"
  },
  {
    "Brand_Product_Size": "Red Kellys Glutan Free Sweet Chilli & Lime Dressing 250mL",
    "COL Price": 4,
    "COL ppu": "$1.60 per 100mL",
    "COL Size": "250mL"
  },
  {
    "Brand_Product_Size": "Coles Bakery High Fibre Low Gi White Sandwich Bread Loaf 680g",
    "COL Price": 3,
    "COL ppu": "$0.44 per 100G",
    "COL Size": "680g"
  },
  {
    "Brand_Product_Size": "Kellogg's Coco Pops Chocolatey Breakfast Cereal 650g",
    "COL Price": 7.5,
    "COL ppu": "$1.15 per 100G",
    "COL Size": "650g"
  },
  {
    "Brand_Product_Size": "Primo Spanish Style Tapas Platter 100g",
    "COL Price": 7,
    "COL ppu": "$70.00 per 1Kg",
    "COL Size": "100g"
  },
  {
    "Brand_Product_Size": "Purr Tuna Whitebait Cat Food Pouch 85g",
    "COL Price": 1,
    "COL ppu": "$1.18 per 100G",
    "COL Size": "85g"
  },
  {
    "Brand_Product_Size": "Betadine Antiseptic Topical Solution 100mL",
    "COL Price": 21,
    "COL ppu": "$21.00 per 100mL",
    "COL Size": "100mL"
  },
  {
    "Brand_Product_Size": "Coles Cup Mushrooms Prepacked 500g",
    "COL Price": 5,
    "COL ppu": "$10.00 per 1Kg",
    "COL Size": "500g"
  },
  {
    "Brand_Product_Size": "Bertocchi Mortadella Olive approx. 125g",
    "COL Price": 1.25,
    "COL ppu": "$10.00 per 1Kg",
    "COL Size": "approx. 125g"
  },
  {
    "Brand_Product_Size": "Coles Urban Coffee Culture Strong Beans 1kg",
    "COL Price": 12,
    "COL ppu": "$12.00 per 1Kg",
    "COL Size": "1kg"
  },
  {
    "Brand_Product_Size": "Danone Yopro Vanilla Yoghurt 700g",
    "COL Price": 6,
    "COL ppu": "$0.86 per 100G",
    "COL Size": "700g"
  },
  {
    "Brand_Product_Size": "Impressed Jack Rose Juice 325mL",
    "COL Price": 3.6,
    "COL ppu": "$11.08 per 1L",
    "COL Size": "325mL"
  },
  {
    "Brand_Product_Size": "Coles Marine Fresh Toilet Cleaner Gel 700mL",
    "COL Price": 2.3,
    "COL ppu": "$0.33 per 100mL",
    "COL Size": "700mL"
  },
  {
    "Brand_Product_Size": "K-Roo Kangaroo Mince 1kg",
    "COL Price": 11.5,
    "COL ppu": "$11.50 per 1Kg",
    "COL Size": "1kg"
  },
  {
    "Brand_Product_Size": "Arnott's Original BBQ Shapes 175g",
    "COL Price": 3.2,
    "COL ppu": "$1.83 per 100G",
    "COL Size": "175g"
  },
  {
    "Brand_Product_Size": "Hans Salami & Beetroot Relish Lunch Plate Mild 110g",
    "COL Price": 6.5,
    "COL ppu": "$5.91 per 100G",
    "COL Size": "110g"
  },
  {
    "Brand_Product_Size": "Pana White Macadamia 45g",
    "COL Price": 6,
    "COL ppu": "$13.33 per 100G",
    "COL Size": "45g"
  },
  {
    "Brand_Product_Size": "Simply Wize Irresistible Party Mix 150g",
    "COL Price": 2.95,
    "COL ppu": "$1.97 per 100G",
    "COL Size": "150g"
  },
  {
    "Brand_Product_Size": "Cadbury Sharepack Freddo Dairy Milk 144 gram",
    "COL Price": 2.5,
    "COL ppu": "",
    "COL Size": "144 gram"
  },
  {
    "Brand_Product_Size": "Nescafe Blend 43 Instant Coffee 50g",
    "COL Price": 5,
    "COL ppu": "$10.00 per 100G",
    "COL Size": "50g"
  },
  {
    "Brand_Product_Size": "Selleys Talon Cockroach Killer Bait 5g",
    "COL Price": 8,
    "COL ppu": "$160.00 per 100G",
    "COL Size": "5g"
  },
  {
    "Brand_Product_Size": "Smith's Crinkle Cut Variety Multipack 20 pack",
    "COL Price": 5.5,
    "COL ppu": "$1.45 per 100G",
    "COL Size": "20 pack"
  },
  {
    "Brand_Product_Size": "OB Finest Gluten Free Pistachio & Fig Speciality Crackers 130g",
    "COL Price": 6,
    "COL ppu": "$4.62 per 100G",
    "COL Size": "130g"
  },
  {
    "Brand_Product_Size": "Jiinju Bamboo Charcoal Sheet Mask 25mL",
    "COL Price": 5,
    "COL ppu": "$20.00 per 100mL",
    "COL Size": "25mL"
  },
  {
    "Brand_Product_Size": "Moira Mac's RSPCA Approved Premium Chicken Breast approx. 250g each",
    "COL Price": 4.75,
    "COL ppu": "$19.00 per 1Kg",
    "COL Size": "approx. 250g each"
  },
  {
    "Brand_Product_Size": "Bonne Maman Orange Marmalade 370g",
    "COL Price": 5.2,
    "COL ppu": "$1.41 per 100G",
    "COL Size": "370g"
  },
  {
    "Brand_Product_Size": "Glade Sense & Spray Automatic Air Freshener Lavender & Vanilla Refill 12.2g",
    "COL Price": 5.9,
    "COL ppu": "$48.36 per 100G",
    "COL Size": "12.2g"
  },
  {
    "Brand_Product_Size": "Rainmate Unisex Poncho/Raincoat each",
    "COL Price": 5,
    "COL ppu": "$5.00 per 1Ea",
    "COL Size": "each"
  },
  {
    "Brand_Product_Size": "Coles Deli Pendle Leg Ham On the Bone approx. 125g",
    "COL Price": 3.125,
    "COL ppu": "$25.00 per 1Kg",
    "COL Size": "approx. 125g"
  },
  {
    "Brand_Product_Size": "Garnier Fructis Coconut Water Conditioner 850mL",
    "COL Price": 7.5,
    "COL ppu": "$0.88 per 100mL",
    "COL Size": "850mL"
  },
  {
    "Brand_Product_Size": "Coles Italian Style Salami approx.125g",
    "COL Price": 4.125,
    "COL ppu": "$33.00 per 1Kg",
    "COL Size": "approx.125g"
  },
  {
    "Brand_Product_Size": "Nivea Men Deep Antibacterial After Shave Lotion 100mL",
    "COL Price": 12,
    "COL ppu": "$12.00 per 100mL",
    "COL Size": "100mL"
  },
  {
    "Brand_Product_Size": "Bertocchi Brothers Gluten Free Short Rindless Hickory Smoked Bacon 400g",
    "COL Price": 7.5,
    "COL ppu": "$18.75 per 1Kg",
    "COL Size": "400g"
  },
  {
    "Brand_Product_Size": "Coles Rosted & Salted Pistachios 200g",
    "COL Price": 7.65,
    "COL ppu": "$3.83 per 100G",
    "COL Size": "200g"
  },
  {
    "Brand_Product_Size": "Coles Vegetable Oil Tuna 185g",
    "COL Price": 1.3,
    "COL ppu": "$7.03 per 1Kg",
    "COL Size": "185g"
  },
  {
    "Brand_Product_Size": "Decor Jumbo Chug Titan Bottle 2.2L each",
    "COL Price": 10.5,
    "COL ppu": "$10.50 per 1Ea",
    "COL Size": "each"
  },
  {
    "Brand_Product_Size": "Coles Sensitive Sunscreen SPF 50+ 200mL",
    "COL Price": 5,
    "COL ppu": "$2.50 per 100mL",
    "COL Size": "200mL"
  },
  {
    "Brand_Product_Size": "Renu Fresh Multi Purpose Solution Bausch + Lomb 500mL",
    "COL Price": 15,
    "COL ppu": "$3.00 per 100mL",
    "COL Size": "500mL"
  },
  {
    "Brand_Product_Size": "Cornwell's Brown Malt Vinegar 375mL",
    "COL Price": 2.15,
    "COL ppu": "$0.57 per 100mL",
    "COL Size": "375mL"
  },
  {
    "Brand_Product_Size": "Coles Deli Salads Tub Medium Classic Potato medium",
    "COL Price": 5,
    "COL ppu": "$5.00 per 1Ea",
    "COL Size": "medium"
  },
  {
    "Brand_Product_Size": "180 Degrees Parmesan Oat Crackers 135g",
    "COL Price": 5.5,
    "COL ppu": "$4.07 per 100G",
    "COL Size": "135g"
  },
  {
    "Brand_Product_Size": "Leiber's Classic Coconut Cream 400mL",
    "COL Price": 4.8,
    "COL ppu": "$1.20 per 100mL",
    "COL Size": "400mL"
  },
  {
    "Brand_Product_Size": "Coles Marinated Danish Fetta 300g",
    "COL Price": 5.3,
    "COL ppu": "$17.67 per 1Kg",
    "COL Size": "300g"
  },
  {
    "Brand_Product_Size": "Coles Gold Sweet Potatoes Prepacked 1kg",
    "COL Price": 4.5,
    "COL ppu": "$4.50 per 1Kg",
    "COL Size": "1kg"
  },
  {
    "Brand_Product_Size": "Coles Wombok Cabbage Half each",
    "COL Price": 2.9,
    "COL ppu": "$2.90 per 1Ea",
    "COL Size": "each"
  },
  {
    "Brand_Product_Size": "MasterFoods Whole Fennel Seeds 26g",
    "COL Price": 3.25,
    "COL ppu": "$1.25 per 10G",
    "COL Size": "26g"
  },
  {
    "Brand_Product_Size": "Coles Slow Cooked Pork Knuckle approx. 1kg each",
    "COL Price": 9,
    "COL ppu": "$9.00 per 1Kg",
    "COL Size": "approx. 1kg each"
  },
  {
    "Brand_Product_Size": "Centrum Advance Multivitamin Tablets 60 pack",
    "COL Price": 17,
    "COL ppu": "$28.33 per 100Ea",
    "COL Size": "60 pack"
  },
  {
    "Brand_Product_Size": "Sanitarium UP&GO Liquid Breakfast Strawberry 250mL 3 pack",
    "COL Price": 4.95,
    "COL ppu": "$0.66 per 100mL",
    "COL Size": "3 pack"
  },
  {
    "Brand_Product_Size": "Borg's Feta & Spinach Gozleme 300g",
    "COL Price": 6,
    "COL ppu": "$2.00 per 100G",
    "COL Size": "300g"
  },
  {
    "Brand_Product_Size": "Bennys Pink And White Marshmallows 150g",
    "COL Price": 4.35,
    "COL ppu": "$3.06 per 100G",
    "COL Size": "150g"
  },
  {
    "Brand_Product_Size": "DermaVeen Extra Gentle Shower & Bath Oil 500mL",
    "COL Price": 13.6,
    "COL ppu": "$2.72 per 100mL",
    "COL Size": "500mL"
  },
  {
    "Brand_Product_Size": "D'argental Washed Rind Brie Cheese approx. 100g",
    "COL Price": 7.5,
    "COL ppu": "$75.00 per 1Kg",
    "COL Size": "approx. 100g"
  },
  {
    "Brand_Product_Size": "U.K. Whole Wheat Biscuits 430g",
    "COL Price": 8.3,
    "COL ppu": "$1.93 per 100G",
    "COL Size": "430g"
  },
  {
    "Brand_Product_Size": "Katoomba Baby Okra 12 Pack 312g",
    "COL Price": 2,
    "COL ppu": "$0.64 per 100G",
    "COL Size": "312g"
  },
  {
    "Brand_Product_Size": "Coles Mushrooms Mince 300g",
    "COL Price": 4.5,
    "COL ppu": "$1.50 per 100G",
    "COL Size": "300g"
  },
  {
    "Brand_Product_Size": "Nice & Natural Fruit Oddities 8 Pack per Box 136g",
    "COL Price": 4,
    "COL ppu": "$2.94 per 100G",
    "COL Size": "136g"
  },
  {
    "Brand_Product_Size": "Coles Cup Tea Bags 100 Pack 185g",
    "COL Price": 1.9,
    "COL ppu": "$1.03 per 100G",
    "COL Size": "185g"
  },
  {
    "Brand_Product_Size": "Primo Hungarian Salami Sliced Hot 80g",
    "COL Price": 3.25,
    "COL ppu": "$4.06 per 100G",
    "COL Size": "80g"
  },
  {
    "Brand_Product_Size": "Mr Fishi Matje Herring Fillets 1kg",
    "COL Price": 18,
    "COL ppu": "$18.00 per 1Kg",
    "COL Size": "1kg"
  },
  {
    "Brand_Product_Size": "Coles Turmeric loose approx. 30g",
    "COL Price": 1.35,
    "COL ppu": "$45.02 per 1Kg",
    "COL Size": "approx. 30g"
  },
  {
    "Brand_Product_Size": "Pedigree Homestyle Lamb Pasta & Vegies Adult Wet Dog Food Can 700g",
    "COL Price": 2.5,
    "COL ppu": "$0.36 per 100G",
    "COL Size": "700g"
  },
  {
    "Brand_Product_Size": "Coles Dual Sided Cleansing Pad 1 pack",
    "COL Price": 5,
    "COL ppu": "$5.00 per 1Ea",
    "COL Size": "1 pack"
  },
  {
    "Brand_Product_Size": "Angas Park Super Blend Antioxidant Mix 170g",
    "COL Price": 4.95,
    "COL ppu": "$2.91 per 100G",
    "COL Size": "170g"
  },
  {
    "Brand_Product_Size": "Black Swan Tzatziki Dip 200g",
    "COL Price": 3.5,
    "COL ppu": "$1.75 per 100G",
    "COL Size": "200g"
  },
  {
    "Brand_Product_Size": "Coles Gluten Free Soy & Linseed Bread 500g",
    "COL Price": 4.5,
    "COL ppu": "$0.90 per 100G",
    "COL Size": "500g"
  },
  {
    "Brand_Product_Size": "L'Oreal Paris Excellence 8 Blonde Hair Colour 1 pack",
    "COL Price": 20,
    "COL ppu": "$20.00 per 1Ea",
    "COL Size": "1 pack"
  },
  {
    "Brand_Product_Size": "Coles Tasty Light Cheddar Cheese Slices 24 Pack 500g",
    "COL Price": 6.5,
    "COL ppu": "$13.00 per 1Kg",
    "COL Size": "500g"
  },
  {
    "Brand_Product_Size": "Manicare Face Powder Brush 1 pack",
    "COL Price": 16.8,
    "COL ppu": "$16.80 per 1Ea",
    "COL Size": "1 pack"
  },
  {
    "Brand_Product_Size": "Coles Oyster Sauce 300mL",
    "COL Price": 2.1,
    "COL ppu": "$0.70 per 100mL",
    "COL Size": "300mL"
  },
  {
    "Brand_Product_Size": "Coles 100's & 1000's Mini Biscuits 200g",
    "COL Price": 2,
    "COL ppu": "$1.00 per 100G",
    "COL Size": "200g"
  },
  {
    "Brand_Product_Size": "Dairylea Less Fat Light Cheese Slices 24 Pack 432g",
    "COL Price": 5.5,
    "COL ppu": "$12.73 per 1Kg",
    "COL Size": "432g"
  },
  {
    "Brand_Product_Size": "Macy & Tailor Pressed Pretzels Honey Mustard 180g",
    "COL Price": 3,
    "COL ppu": "$1.67 per 100G",
    "COL Size": "180g"
  },
  {
    "Brand_Product_Size": "Mortein No Touch Mouse Trap Twin Pack 2 pack",
    "COL Price": 10,
    "COL ppu": "$5.00 per 1Ea",
    "COL Size": "2 pack"
  },
  {
    "Brand_Product_Size": "Ferrero Rocher Chocolate 5 pack 62.5g",
    "COL Price": 4.2,
    "COL ppu": "$6.72 per 100G",
    "COL Size": "62.5g"
  },
  {
    "Brand_Product_Size": "Coles IM Free From Chicken Tenders 400g",
    "COL Price": 8,
    "COL ppu": "$20.00 per 1Kg",
    "COL Size": "400g"
  },
  {
    "Brand_Product_Size": "Nerada Organics Rooibos & Vanilla Flavour Tea Bags 50 pack 92g",
    "COL Price": 4.7,
    "COL ppu": "$5.22 per 100G",
    "COL Size": "92g"
  },
  {
    "Brand_Product_Size": "Organic Choice Lemongrass & Green Tea Dishwashing Liquid 500mL",
    "COL Price": 5,
    "COL ppu": "$1.00 per 100mL",
    "COL Size": "500mL"
  },
  {
    "Brand_Product_Size": "Hanabi Surimi Crispy Tofu Balls 500g",
    "COL Price": 4.5,
    "COL ppu": "$0.90 per 100G",
    "COL Size": "500g"
  },
  {
    "Brand_Product_Size": "Schick Stylist Electric Grooming Kit each",
    "COL Price": 25,
    "COL ppu": "$25.00 per 1Ea",
    "COL Size": "each"
  },
  {
    "Brand_Product_Size": "Lee Kum Kee Pure Sesame Oil 207mL",
    "COL Price": 5.95,
    "COL ppu": "$2.87 per 100mL",
    "COL Size": "207mL"
  },
  {
    "Brand_Product_Size": "Starbucks Pike Place Beans 200g",
    "COL Price": 9,
    "COL ppu": "$4.50 per 100G",
    "COL Size": "200g"
  },
  {
    "Brand_Product_Size": "Sanitarium Up&Go Vanilla No Added Sugar 250mL 12 pack",
    "COL Price": 14,
    "COL ppu": "$4.67 per 1L",
    "COL Size": "12 pack"
  },
  {
    "Brand_Product_Size": "Lavazza Decaffeinated Ground Coffee Medium Roast 250g",
    "COL Price": 7.5,
    "COL ppu": "$3.00 per 100G",
    "COL Size": "250g"
  },
  {
    "Brand_Product_Size": "Tresemme Professional Shampoo Salon Silk 900mL",
    "COL Price": 7,
    "COL ppu": "$0.78 per 100mL",
    "COL Size": "900mL"
  },
  {
    "Brand_Product_Size": "Coles Cheesy Cauliflower Soup Serves 2 60g",
    "COL Price": 1,
    "COL ppu": "$1.67 per 100G",
    "COL Size": "60g"
  },
  {
    "Brand_Product_Size": "Guzzi's Golden Linguine Pasta 2x250g 500g",
    "COL Price": 5.65,
    "COL ppu": "$1.13 per 100G",
    "COL Size": "500g"
  },
  {
    "Brand_Product_Size": "Madame Flavour Melbourne Morning Blend Black Tea Bags 40 pack 80g",
    "COL Price": 6.15,
    "COL ppu": "$7.69 per 100G",
    "COL Size": "80g"
  },
  {
    "Brand_Product_Size": "Latina Fresh Roast Chicken & Garlic Ravioli 375g",
    "COL Price": 4,
    "COL ppu": "$1.07 per 100G",
    "COL Size": "375g"
  },
  {
    "Brand_Product_Size": "Coles Chicken Flavour Noodle Snacks 12pack 300g",
    "COL Price": 2.85,
    "COL ppu": "$0.95 per 100G",
    "COL Size": "300g"
  },
  {
    "Brand_Product_Size": "John Frieda Sheer Blonde Colour Renew Tone-Refreshing Shampoo 250mL",
    "COL Price": 18,
    "COL ppu": "$7.20 per 100mL",
    "COL Size": "250mL"
  },
  {
    "Brand_Product_Size": "Ayam Gado Gado Peanut Sauce 250mL",
    "COL Price": 3.5,
    "COL ppu": "$1.40 per 100mL",
    "COL Size": "250mL"
  },
  {
    "Brand_Product_Size": "Coles Pure Australian Honey 1kg",
    "COL Price": 13,
    "COL ppu": "$1.30 per 100G",
    "COL Size": "1kg"
  },
  {
    "Brand_Product_Size": "Coles Ultra Microfibre Cloths 3 pack",
    "COL Price": 3,
    "COL ppu": "$1.00 per 1Ea",
    "COL Size": "3 pack"
  },
  {
    "Brand_Product_Size": "OB Finest Activated Charcoal Sourdough Crispbread 110g",
    "COL Price": 5,
    "COL ppu": "$4.55 per 100G",
    "COL Size": "110g"
  },
  {
    "Brand_Product_Size": "Pepsi Cola Soft Drink 375mL 24 pack",
    "COL Price": 24.55,
    "COL ppu": "$2.73 per 1L",
    "COL Size": "24 pack"
  },
  {
    "Brand_Product_Size": "Sukin The Hand Cream Trio 1 pack",
    "COL Price": 15,
    "COL ppu": "$15.00 per 1Ea",
    "COL Size": "1 pack"
  },
  {
    "Brand_Product_Size": "Coles Bakery Eclairs Chocolate 2 pack",
    "COL Price": 3.5,
    "COL ppu": "$1.75 per 1Ea",
    "COL Size": "2 pack"
  },
  {
    "Brand_Product_Size": "Lucky Oven Roasted Almonds 350g",
    "COL Price": 8.5,
    "COL ppu": "$24.29 per 1Kg",
    "COL Size": "350g"
  },
  {
    "Brand_Product_Size": "Taamti Vegetarian Cigars 408g",
    "COL Price": 10,
    "COL ppu": "$2.45 per 100G",
    "COL Size": "408g"
  },
  {
    "Brand_Product_Size": "Farmers Market Grainfree Adult Real Chicken In Gravy Cat Food 80g",
    "COL Price": 1.9,
    "COL ppu": "$2.38 per 100G",
    "COL Size": "80g"
  },
  {
    "Brand_Product_Size": "Coles Deli Bulk Slicing Danish Salami approx. 125g",
    "COL Price": 3.5,
    "COL ppu": "$28.00 per 1Kg",
    "COL Size": "approx. 125g"
  },
  {
    "Brand_Product_Size": "Coles Simply Dog Cord Leash 1.2M 1 pack",
    "COL Price": 13.65,
    "COL ppu": "$13.65 per 1Ea",
    "COL Size": "1 pack"
  },
  {
    "Brand_Product_Size": "Abbott's Village Bakery Country Grains Bread 800g",
    "COL Price": 3.8,
    "COL ppu": "$0.48 per 100G",
    "COL Size": "800g"
  },
  {
    "Brand_Product_Size": "Turning Point 2 in 1 Normal Shampoo & Conditioner 400mL",
    "COL Price": 2.8,
    "COL ppu": "$0.70 per 100mL",
    "COL Size": "400mL"
  },
  {
    "Brand_Product_Size": "Avalanche Cappuccino Sugar Free Coffee Sachets 10 pack",
    "COL Price": 5.5,
    "COL ppu": "$0.55 per 1Ea",
    "COL Size": "10 pack"
  },
  {
    "Brand_Product_Size": "Baby U Cushie Step Up Padded Toilet Seat With Step Stool each",
    "COL Price": 39,
    "COL ppu": "$39.00 per 1Ea",
    "COL Size": "each"
  },
  {
    "Brand_Product_Size": "MasterFoods Roast Vegetable Seasoning 38g",
    "COL Price": 2.8,
    "COL ppu": "$0.74 per 10G",
    "COL Size": "38g"
  },
  {
    "Brand_Product_Size": "Nestle Milo Chocolate Malt Powder Drink 460g",
    "COL Price": 7,
    "COL ppu": "$1.52 per 100G",
    "COL Size": "460g"
  },
  {
    "Brand_Product_Size": "Carman's Cranberry & Blueberry Oat Slice 210g",
    "COL Price": 6,
    "COL ppu": "$2.86 per 100G",
    "COL Size": "210g"
  },
  {
    "Brand_Product_Size": "Carman's Crunchy Clusters Cereal Golden Oat & Super Seed 750g",
    "COL Price": 8,
    "COL ppu": "$1.07 per 100G",
    "COL Size": "750g"
  },
  {
    "Brand_Product_Size": "Hoyts Mix Herbs 280g",
    "COL Price": 11,
    "COL ppu": "$0.39 per 10G",
    "COL Size": "280g"
  },
  {
    "Brand_Product_Size": "John West Wild Alaskan Red Sockeye Salmon Skin On 280g",
    "COL Price": 15,
    "COL ppu": "$53.57 per 1Kg",
    "COL Size": "280g"
  },
  {
    "Brand_Product_Size": "Jalna Farm To Pot Organic Yoghourt Honey 170g",
    "COL Price": 2.4,
    "COL ppu": "$1.41 per 100G",
    "COL Size": "170g"
  },
  {
    "Brand_Product_Size": "Rexona Women Antiperspirant Roll On Deodorant Hypoallergenic 50mL",
    "COL Price": 4,
    "COL ppu": "$8.00 per 100mL",
    "COL Size": "50mL"
  },
  {
    "Brand_Product_Size": "Nestle Kit Kat Chunky Chocolate Gold Krisp 45g",
    "COL Price": 2,
    "COL ppu": "$4.44 per 100G",
    "COL Size": "45g"
  },
  {
    "Brand_Product_Size": "Coles Pillow Sandwich Bags 150 pack",
    "COL Price": 1,
    "COL ppu": "$0.01 per 1Ea",
    "COL Size": "150 pack"
  },
  {
    "Brand_Product_Size": "Mix Opaque Tights 40d 3 pack",
    "COL Price": 10,
    "COL ppu": "",
    "COL Size": "3 pack"
  },
  {
    "Brand_Product_Size": "Nerada Organic Rooibos Tea Cup Or Pot Bags 100 pack",
    "COL Price": 7.6,
    "COL ppu": "$0.08 per 1Ea",
    "COL Size": "100 pack"
  },
  {
    "Brand_Product_Size": "Coles Cinnamon Swirl 2 pack",
    "COL Price": 3,
    "COL ppu": "$1.50 per 1Ea",
    "COL Size": "2 pack"
  },
  {
    "Brand_Product_Size": "Winners Energy Gel Espresso 4 Pack 180g",
    "COL Price": 6.8,
    "COL ppu": "$3.78 per 100G",
    "COL Size": "180g"
  },
  {
    "Brand_Product_Size": "Coles Garlic Cloves Prepacked 70g",
    "COL Price": 2.5,
    "COL ppu": "$3.57 per 100G",
    "COL Size": "70g"
  },
  {
    "Brand_Product_Size": "Head & Shoulders Supreme Smooth Conditioner 400mL",
    "COL Price": 7.5,
    "COL ppu": "$1.88 per 100mL",
    "COL Size": "400mL"
  },
  {
    "Brand_Product_Size": "Johnson & Johnson Baby Bath Wash Bedtime 500mL",
    "COL Price": 9.5,
    "COL ppu": "$1.90 per 100mL",
    "COL Size": "500mL"
  },
  {
    "Brand_Product_Size": "Bee Products Manuka Honey MG30+ 500g",
    "COL Price": 20,
    "COL ppu": "$4.00 per 100G",
    "COL Size": "500g"
  },
  {
    "Brand_Product_Size": "Uncle Ben's Microwave Golden Vegetable Rice Pouch 250g",
    "COL Price": 2.5,
    "COL ppu": "$1.00 per 100G",
    "COL Size": "250g"
  },
  {
    "Brand_Product_Size": "TKO Out For The Count Crawling Insect Killer Odourless 300g",
    "COL Price": 6,
    "COL ppu": "$2.00 per 100G",
    "COL Size": "300g"
  },
  {
    "Brand_Product_Size": "Coles Chicken Gravy Mix 120g",
    "COL Price": 1.65,
    "COL ppu": "$0.14 per 10G",
    "COL Size": "120g"
  },
  {
    "Brand_Product_Size": "Cheezels Chilli Cheese Snacks Box 110g",
    "COL Price": 2,
    "COL ppu": "$1.82 per 100G",
    "COL Size": "110g"
  },
  {
    "Brand_Product_Size": "Gourmet Emporium Mixed Sweets 300g",
    "COL Price": 7,
    "COL ppu": "$2.33 per 100G",
    "COL Size": "300g"
  },
  {
    "Brand_Product_Size": "Coles Beef Sausages Honey BBQ Gluten Free 8 Pack 560g",
    "COL Price": 5.5,
    "COL ppu": "$9.82 per 1Kg",
    "COL Size": "560g"
  },
  {
    "Brand_Product_Size": "Coles Made Easy Chicken Strips In Souvlaki Seasoning 500g",
    "COL Price": 10,
    "COL ppu": "$20.00 per 1Kg",
    "COL Size": "500g"
  },
  {
    "Brand_Product_Size": "Smith's Poppables Sweet Chilli & Sour Cream 90g",
    "COL Price": 3.5,
    "COL ppu": "$3.89 per 100G",
    "COL Size": "90g"
  },
  {
    "Brand_Product_Size": "Bluey S2 Plush each",
    "COL Price": 12,
    "COL ppu": "",
    "COL Size": "each"
  },
  {
    "Brand_Product_Size": "Nexba Kombucha Rose Lemonade 450mL",
    "COL Price": 3.15,
    "COL ppu": "$7.00 per 1L",
    "COL Size": "450mL"
  },
  {
    "Brand_Product_Size": "Coles Effervescent Tablets Orange 15 pack",
    "COL Price": 5,
    "COL ppu": "$0.33 per 1Ea",
    "COL Size": "15 pack"
  },
  {
    "Brand_Product_Size": "Coles Red Salmon 105g",
    "COL Price": 3.7,
    "COL ppu": "$35.24 per 1Kg",
    "COL Size": "105g"
  },
  {
    "Brand_Product_Size": "Murray River Organics Apple Cinnamon Muesli 400g",
    "COL Price": 7.5,
    "COL ppu": "$1.88 per 100G",
    "COL Size": "400g"
  },
  {
    "Brand_Product_Size": "L'Oreal Paris Elvive Total Repair 5 Restoring Shampoo 700mL",
    "COL Price": 10,
    "COL ppu": "$1.43 per 100mL",
    "COL Size": "700mL"
  },
  {
    "Brand_Product_Size": "Bushells Breakfast Tea Bags 100 pack",
    "COL Price": 3.5,
    "COL ppu": "$0.04 per 1Ea",
    "COL Size": "100 pack"
  },
  {
    "Brand_Product_Size": "Don Virginian Leg Ham Sliced approx. 125g",
    "COL Price": 2.5,
    "COL ppu": "$20.00 per 1Kg",
    "COL Size": "approx. 125g"
  },
  {
    "Brand_Product_Size": "Coles Kitchen Beef Stroganoff & Rice 350g",
    "COL Price": 7.5,
    "COL ppu": "$2.14 per 100G",
    "COL Size": "350g"
  },
  {
    "Brand_Product_Size": "McVities Penguins Multipack Orange Chocolate Biscuits 147g",
    "COL Price": 2.8,
    "COL ppu": "$1.90 per 100G",
    "COL Size": "147g"
  },
  {
    "Brand_Product_Size": "Kez's Kitchen Gluten Free Fudge Chocolate Flourless Brownies 210g",
    "COL Price": 7,
    "COL ppu": "$3.33 per 100G",
    "COL Size": "210g"
  },
  {
    "Brand_Product_Size": "Campbell's V8 Hot & Spicy Vegetable Juice 1.25L",
    "COL Price": 4.6,
    "COL ppu": "$3.68 per 1L",
    "COL Size": "1.25L"
  },
  {
    "Brand_Product_Size": "Arnott's Jatz Cracked Pepper Biscuits 225g",
    "COL Price": 3.2,
    "COL ppu": "$1.42 per 100G",
    "COL Size": "225g"
  },
  {
    "Brand_Product_Size": "Mitchum Natural Power Eucalyptus 40g",
    "COL Price": 7.5,
    "COL ppu": "$18.75 per 100G",
    "COL Size": "40g"
  },
  {
    "Brand_Product_Size": "Blistex Lip Conditioning Balm SPF30 4.25g",
    "COL Price": 4,
    "COL ppu": "$94.12 per 100G",
    "COL Size": "4.25g"
  },
  {
    "Brand_Product_Size": "Golden Wok Frozen Diana Chan's Szechuan Pork Dumplings 230g",
    "COL Price": 7.5,
    "COL ppu": "$3.26 per 100G",
    "COL Size": "230g"
  },
  {
    "Brand_Product_Size": "Powerade Gold Rush Sports Drink 600mL",
    "COL Price": 3.65,
    "COL ppu": "$6.08 per 1L",
    "COL Size": "600mL"
  },
  {
    "Brand_Product_Size": "Belvita Cranberry & Sultana Soft Bakes Biscuit 200g",
    "COL Price": 3,
    "COL ppu": "$1.50 per 100G",
    "COL Size": "200g"
  },
  {
    "Brand_Product_Size": "The Spice Tailor Bengali Coconut Lentil Daal 400g",
    "COL Price": 5.5,
    "COL ppu": "$1.38 per 100G",
    "COL Size": "400g"
  },
  {
    "Brand_Product_Size": "Coles Wooden Pegs 48 pack",
    "COL Price": 2.1,
    "COL ppu": "$0.04 per 1Ea",
    "COL Size": "48 pack"
  },
  {
    "Brand_Product_Size": "Lewis & Son Kimchi 500g",
    "COL Price": 13.25,
    "COL ppu": "$2.65 per 100G",
    "COL Size": "500g"
  },
  {
    "Brand_Product_Size": "Herbert Adams Quiche Pumpkin Parmesan Spinach 200g",
    "COL Price": 5.5,
    "COL ppu": "$2.75 per 100G",
    "COL Size": "200g"
  },
  {
    "Brand_Product_Size": "Darrell Lea Choc Coated Balls 140g",
    "COL Price": 4.4,
    "COL ppu": "$3.14 per 100G",
    "COL Size": "140g"
  },
  {
    "Brand_Product_Size": "MasterFoods Corn Relish 250g",
    "COL Price": 3.5,
    "COL ppu": "$1.40 per 100G",
    "COL Size": "250g"
  },
  {
    "Brand_Product_Size": "Katoomba Garlic Naan 320g",
    "COL Price": 3,
    "COL ppu": "$0.94 per 100G",
    "COL Size": "320g"
  },
  {
    "Brand_Product_Size": "Jon-Jon Ginger Kisses Cream Filled Sponge Cake 8 pack 200g",
    "COL Price": 3.7,
    "COL ppu": "$1.85 per 100G",
    "COL Size": "200g"
  },
  {
    "Brand_Product_Size": "Bushells Breakfast Tea Bags 100 pack",
    "COL Price": 3.5,
    "COL ppu": "$0.04 per 1Ea",
    "COL Size": "100 pack"
  },
  {
    "Brand_Product_Size": "Peters Drumstick Vegan Affogato 4 Cones 475mL",
    "COL Price": 10,
    "COL ppu": "$2.11 per 100mL",
    "COL Size": "475mL"
  },
  {
    "Brand_Product_Size": "V Sugar Free Blue Energy Drink 500mL",
    "COL Price": 3.15,
    "COL ppu": "$6.30 per 1L",
    "COL Size": "500mL"
  },
  {
    "Brand_Product_Size": "Herbal Essences Aloe & Mango Conditioner 350mL",
    "COL Price": 20,
    "COL ppu": "$5.71 per 100mL",
    "COL Size": "350mL"
  },
  {
    "Brand_Product_Size": "Normandie Chicken With Cointreau Pate 150g",
    "COL Price": 4.5,
    "COL ppu": "$3.00 per 100G",
    "COL Size": "150g"
  },
  {
    "Brand_Product_Size": "Taste Traders Banhmi Cracker 150g",
    "COL Price": 2,
    "COL ppu": "$1.33 per 100G",
    "COL Size": "150g"
  },
  {
    "Brand_Product_Size": "Kikkoman Salt Reduced Soy Sauce 250mL",
    "COL Price": 4.8,
    "COL ppu": "$1.92 per 100mL",
    "COL Size": "250mL"
  },
  {
    "Brand_Product_Size": "Coles Chicken & Pesto Pasta Bake 1.2 kg",
    "COL Price": 10,
    "COL ppu": "$0.83 per 100G",
    "COL Size": "1.2 kg"
  },
  {
    "Brand_Product_Size": "Bega Strong & Bitey Vintage Cheese Slices 30 Pack 500g",
    "COL Price": 9,
    "COL ppu": "$18.00 per 1Kg",
    "COL Size": "500g"
  },
  {
    "Brand_Product_Size": "Coles Deli Salads Tub Small Classic Coleslaw smaLL",
    "COL Price": 4,
    "COL ppu": "$4.00 per 1Ea",
    "COL Size": "smaLL"
  },
  {
    "Brand_Product_Size": "Oak Chocolate Malt Thickshake 425mL",
    "COL Price": 2.1,
    "COL ppu": "$4.94 per 1L",
    "COL Size": "425mL"
  },
  {
    "Brand_Product_Size": "Pine O Cleen Simply Wipes Apple 90 pack",
    "COL Price": 7,
    "COL ppu": "$0.08 per 1Ea",
    "COL Size": "90 pack"
  },
  {
    "Brand_Product_Size": "Taste Traders Thai Red Curry Crackers 150g",
    "COL Price": 2,
    "COL ppu": "$1.33 per 100G",
    "COL Size": "150g"
  },
  {
    "Brand_Product_Size": "Pampas Frozen Pastry Tart Sweet 12 pack 275g",
    "COL Price": 5.1,
    "COL ppu": "$1.85 per 100G",
    "COL Size": "275g"
  },
  {
    "Brand_Product_Size": "Smile Classic Pork Buns 310g",
    "COL Price": 8.5,
    "COL ppu": "$2.74 per 100G",
    "COL Size": "310g"
  },
  {
    "Brand_Product_Size": "Advanced Hair Thickening Serum 100mL",
    "COL Price": 19,
    "COL ppu": "$19.00 per 100mL",
    "COL Size": "100mL"
  },
  {
    "Brand_Product_Size": "Lean Cuisine Lamb & Rosemary Hotpot 280g",
    "COL Price": 4.5,
    "COL ppu": "$1.61 per 100G",
    "COL Size": "280g"
  },
  {
    "Brand_Product_Size": "Smiths Cheese Onion Crinkle 60g",
    "COL Price": 2.1,
    "COL ppu": "$3.50 per 100G",
    "COL Size": "60g"
  },
  {
    "Brand_Product_Size": "Coles Bakery Stone Baked Light Rye Sourdough Vienna each",
    "COL Price": 4,
    "COL ppu": "$4.00 per 1Ea",
    "COL Size": "each"
  },
  {
    "Brand_Product_Size": "Atkins Advantage Choc Raspberry Bars 5 pack 150g",
    "COL Price": 12,
    "COL ppu": "$8.00 per 100G",
    "COL Size": "150g"
  },
  {
    "Brand_Product_Size": "Kellogg's Coco Pops Gaytime 330g",
    "COL Price": 5.4,
    "COL ppu": "$1.64 per 100G",
    "COL Size": "330g"
  },
  {
    "Brand_Product_Size": "Herbal Essences Moroccan My Shine Shampoo 300mL",
    "COL Price": 6.5,
    "COL ppu": "$2.17 per 100mL",
    "COL Size": "300mL"
  },
  {
    "Brand_Product_Size": "Coles Platter Ploughmans each",
    "COL Price": 25,
    "COL ppu": "$25.00 per 1Ea",
    "COL Size": "each"
  },
  {
    "Brand_Product_Size": "Carefree Barely There Liners G String 24 pack",
    "COL Price": 3,
    "COL ppu": "$0.13 per 1Ea",
    "COL Size": "24 pack"
  },
  {
    "Brand_Product_Size": "Trill Bird Seed Budgie Mix 1.8 kg",
    "COL Price": 6,
    "COL ppu": "",
    "COL Size": "1.8 kg"
  },
  {
    "Brand_Product_Size": "Massel Salt Reduced Chicken Stock Cubes 105g",
    "COL Price": 3.4,
    "COL ppu": "$0.32 per 10G",
    "COL Size": "105g"
  },
  {
    "Brand_Product_Size": "Uno Card Game 1 pack",
    "COL Price": 10,
    "COL ppu": "$10.00 per 1ea",
    "COL Size": "1 pack"
  },
  {
    "Brand_Product_Size": "Coles Honey Sliced Ham 400g",
    "COL Price": 5.5,
    "COL ppu": "$13.75 per 1Kg",
    "COL Size": "400g"
  },
  {
    "Brand_Product_Size": "Vaseline Cocoa Glow Body Lotion 225mL",
    "COL Price": 4.5,
    "COL ppu": "$2.00 per 100mL",
    "COL Size": "225mL"
  },
  {
    "Brand_Product_Size": "Colgate Total Advanced Clean Toothpaste 115g",
    "COL Price": 5.5,
    "COL ppu": "$4.78 per 100G",
    "COL Size": "115g"
  },
  {
    "Brand_Product_Size": "Philadelphia Sweet Chilli Pourover 150g",
    "COL Price": 4,
    "COL ppu": "$26.67 per 1Kg",
    "COL Size": "150g"
  },
  {
    "Brand_Product_Size": "Uncle Toby's Nutritious Snacks Oat Slice Chocolate Chip 140g",
    "COL Price": 5.5,
    "COL ppu": "$3.93 per 100G",
    "COL Size": "140g"
  },
  {
    "Brand_Product_Size": "Felix Sensations Jellies Fish Selection Cat Food 85g 27 pack",
    "COL Price": 22,
    "COL ppu": "$0.96 per 100G",
    "COL Size": "27 pack"
  },
  {
    "Brand_Product_Size": "Coles Butcher Lamb Forequarter Chops approx. 1.177kg",
    "COL Price": 14.124,
    "COL ppu": "$12.00 per 1Kg",
    "COL Size": "approx. 1.177kg"
  },
  {
    "Brand_Product_Size": "Patak's Ready To Eat Plain Pappadums 6 Pieces 58g",
    "COL Price": 3,
    "COL ppu": "$5.17 per 100G",
    "COL Size": "58g"
  },
  {
    "Brand_Product_Size": "Optimum Light & Healthy With Chicken & Rice Wet Dog Food Can 680g",
    "COL Price": 3,
    "COL ppu": "$0.44 per 100G",
    "COL Size": "680g"
  },
  {
    "Brand_Product_Size": "Chris' Heritage Blue Cheese Fig & Pistachio Savoury Dip 170g",
    "COL Price": 8,
    "COL ppu": "$4.71 per 100G",
    "COL Size": "170g"
  },
  {
    "Brand_Product_Size": "Buono Boru Boru Genmaicha Non-Dairy Dessert 473g",
    "COL Price": 8,
    "COL ppu": "$1.69 per 100G",
    "COL Size": "473g"
  },
  {
    "Brand_Product_Size": "1000 Hour Envious Black Lashes 1 pack",
    "COL Price": 9.5,
    "COL ppu": "$9.50 per 1Ea",
    "COL Size": "1 pack"
  },
  {
    "Brand_Product_Size": "Tooshies By Tom Organic Hypoallergenic Fragrance Free 280 Baby Wipes 4x70 pack 4 pack",
    "COL Price": 14.85,
    "COL ppu": "$3.71 per 1Ea",
    "COL Size": "4 pack"
  },
  {
    "Brand_Product_Size": "Scunci Brunettes Elastics 60 pieces 1 pack",
    "COL Price": 10,
    "COL ppu": "$10.00 per 1Ea",
    "COL Size": "1 pack"
  },
  {
    "Brand_Product_Size": "Oral-B Power Vitality Refill Gum Care 2 pack",
    "COL Price": 16.75,
    "COL ppu": "$8.38 per 1Ea",
    "COL Size": "2 pack"
  },
  {
    "Brand_Product_Size": "Gillette Sensor 3 Comfort Disposable Razors 8 pack",
    "COL Price": 11.5,
    "COL ppu": "$1.44 per 1Ea",
    "COL Size": "8 pack"
  },
  {
    "Brand_Product_Size": "Masterfoods Charred Memphis Rub 50g",
    "COL Price": 3.75,
    "COL ppu": "$0.75 per 10G",
    "COL Size": "50g"
  },
  {
    "Brand_Product_Size": "Natralus Natural Paw Paw Balm 25g",
    "COL Price": 6,
    "COL ppu": "$2.40 per 10G",
    "COL Size": "25g"
  },
  {
    "Brand_Product_Size": "Continental Kosher Butchers Beef Gravy Boneless approx. 500g each",
    "COL Price": 13,
    "COL ppu": "$26.00 per 1Kg",
    "COL Size": "approx. 500g each"
  },
  {
    "Brand_Product_Size": "Vittoria Coffee Ground Special Italian Blend 1kg",
    "COL Price": 19,
    "COL ppu": "$1.90 per 100G",
    "COL Size": "1kg"
  },
  {
    "Brand_Product_Size": "MasterFoods Mild American Mustard 250g",
    "COL Price": 3.5,
    "COL ppu": "$1.40 per 100G",
    "COL Size": "250g"
  },
  {
    "Brand_Product_Size": "Sunrice Brown Rice Chips Wild Rice 150g",
    "COL Price": 5,
    "COL ppu": "$3.33 per 100G",
    "COL Size": "150g"
  },
  {
    "Brand_Product_Size": "V.I.P. Natures Goodness Dog Roll Chicken With Duck And Garden Vegetables 1.08kg",
    "COL Price": 3.4,
    "COL ppu": "$0.31 per 100G",
    "COL Size": "1.08kg"
  },
  {
    "Brand_Product_Size": "Schick Xtreme 3 Sensitive with Aloe Disposable Razor 4 pack",
    "COL Price": 2.5,
    "COL ppu": "$0.63 per 1Ea",
    "COL Size": "4 pack"
  },
  {
    "Brand_Product_Size": "Angas Park Dried Pitted Prunes 250g",
    "COL Price": 4.3,
    "COL ppu": "$17.20 per 1Kg",
    "COL Size": "250g"
  },
  {
    "Brand_Product_Size": "Coles Rice Bran Oil 500mL",
    "COL Price": 3,
    "COL ppu": "$0.60 per 100mL",
    "COL Size": "500mL"
  },
  {
    "Brand_Product_Size": "Cook & Dine Roasting Pan each",
    "COL Price": 8,
    "COL ppu": "$8.00 per 1Ea",
    "COL Size": "each"
  },
  {
    "Brand_Product_Size": "Original Juice Co. Black Label Chilled Orange Juice 600mL",
    "COL Price": 3.5,
    "COL ppu": "$5.83 per 1L",
    "COL Size": "600mL"
  },
  {
    "Brand_Product_Size": "Tassal Smoked Salmon approx. 250g",
    "COL Price": 11.25,
    "COL ppu": "$45.00 per 1Kg",
    "COL Size": "approx. 250g"
  },
  {
    "Brand_Product_Size": "Method Sea Minerals Handwash Foam 300mL",
    "COL Price": 5,
    "COL ppu": "$1.67 per 100mL",
    "COL Size": "300mL"
  },
  {
    "Brand_Product_Size": "Uncle Tobys Breakfast Bakes Berry Harvest Oats 4 pack 260g",
    "COL Price": 6,
    "COL ppu": "$2.31 per 100G",
    "COL Size": "260g"
  },
  {
    "Brand_Product_Size": "Babylove Unisex Junior Nappy Pants 15-25 Kg Size 6 42 pack",
    "COL Price": 27,
    "COL ppu": "$0.64 per 1Ea",
    "COL Size": "42 pack"
  },
  {
    "Brand_Product_Size": "Amoy Light Soy Sauce 500mL",
    "COL Price": 3.85,
    "COL ppu": "$0.77 per 100mL",
    "COL Size": "500mL"
  },
  {
    "Brand_Product_Size": "Farmers Market Homestyle Shreds With Chicken Carrot & Cranberries Dog Food 750g",
    "COL Price": 13,
    "COL ppu": "$1.73 per 100G",
    "COL Size": "750g"
  },
  {
    "Brand_Product_Size": "McCain Frozen Superfries Straight Cut Potato Chips 900g",
    "COL Price": 3,
    "COL ppu": "$3.33 per 1Kg",
    "COL Size": "900g"
  },
  {
    "Brand_Product_Size": "Arnott's Family Assorted Biscuits 500g",
    "COL Price": 4,
    "COL ppu": "$0.80 per 100G",
    "COL Size": "500g"
  },
  {
    "Brand_Product_Size": "Coles Goat's Cheese 110g",
    "COL Price": 4,
    "COL ppu": "$3.64 per 100G",
    "COL Size": "110g"
  },
  {
    "Brand_Product_Size": "Bickfords Diet Lime Cordial 750mL",
    "COL Price": 3.2,
    "COL ppu": "$0.43 per 100mL",
    "COL Size": "750mL"
  },
  {
    "Brand_Product_Size": "Fussy Cat Grainfree Tartare With Kangaroo Cat Food 70g",
    "COL Price": 1.9,
    "COL ppu": "$2.71 per 100G",
    "COL Size": "70g"
  },
  {
    "Brand_Product_Size": "Coles Red Plums Loose approx. 130g each",
    "COL Price": 0.507,
    "COL ppu": "$3.90 per 1Kg",
    "COL Size": "approx. 130g each"
  },
  {
    "Brand_Product_Size": "Nature's Way Kids Smart Gummies Multi-Vitamin +Vegies 120 pack",
    "COL Price": 26,
    "COL ppu": "$0.22 per 1Ea",
    "COL Size": "120 pack"
  },
  {
    "Brand_Product_Size": "Glad To Be Green Compostable Kitchen Liners Small 20 pack",
    "COL Price": 4,
    "COL ppu": "$0.20 per 1Ea",
    "COL Size": "20 pack"
  },
  {
    "Brand_Product_Size": "Norsca Aluminium Free Anti-Perspirant Roll On Deodorant 50mL",
    "COL Price": 2.5,
    "COL ppu": "$5.00 per 100mL",
    "COL Size": "50mL"
  },
  {
    "Brand_Product_Size": "Purina One Tuna Salmon Cat Food 1.5kg",
    "COL Price": 12,
    "COL ppu": "$0.80 per 100G",
    "COL Size": "1.5kg"
  },
  {
    "Brand_Product_Size": "Prima Tropical Fruit Drink Multipack 200mL 6 pack",
    "COL Price": 3.45,
    "COL ppu": "$0.58 per 1Ea",
    "COL Size": "6 pack"
  },
  {
    "Brand_Product_Size": "Melrose Apple Cider Vinegar 500mL",
    "COL Price": 4.4,
    "COL ppu": "$0.88 per 100mL",
    "COL Size": "500mL"
  },
  {
    "Brand_Product_Size": "Munchkin Brica Baby In Sight Mirror each",
    "COL Price": 20,
    "COL ppu": "$20.00 per 1Ea",
    "COL Size": "each"
  },
  {
    "Brand_Product_Size": "Coles Chocolate Cake Mix 340g",
    "COL Price": 0.75,
    "COL ppu": "$0.22 per 100G",
    "COL Size": "340g"
  },
  {
    "Brand_Product_Size": "Kirks Creaming Soda Multipack cans 375mL 10 pack",
    "COL Price": 6.2,
    "COL ppu": "$1.65 per 1L",
    "COL Size": "10 pack"
  },
  {
    "Brand_Product_Size": "Love' Em Jerky With Rosemary Dog Treat 200g",
    "COL Price": 4,
    "COL ppu": "$2.00 per 100G",
    "COL Size": "200g"
  },
  {
    "Brand_Product_Size": "Glade Lavender & Vanilla Solid Air Freshener Gel 170g",
    "COL Price": 3,
    "COL ppu": "$1.76 per 100G",
    "COL Size": "170g"
  },
  {
    "Brand_Product_Size": "Fancy Feast Petit Cuisine With Grilled Tuna Grilled Salmon & Grilled Cod Gourmet Cat Food 50g 6 pack",
    "COL Price": 5,
    "COL ppu": "$1.67 per 100G",
    "COL Size": "6 pack"
  },
  {
    "Brand_Product_Size": "Coles Pancake & Pikelet Mix 300g",
    "COL Price": 1,
    "COL ppu": "$0.33 per 100G",
    "COL Size": "300g"
  },
  {
    "Brand_Product_Size": "Mc Ilhenney Co. Tabasco Pepper Sauce 150mL",
    "COL Price": 7.5,
    "COL ppu": "$5.00 per 100mL",
    "COL Size": "150mL"
  },
  {
    "Brand_Product_Size": "Coles Nature's Kitchen Vegetable Gyozas 300g",
    "COL Price": 6.5,
    "COL ppu": "$2.17 per 100G",
    "COL Size": "300g"
  },
  {
    "Brand_Product_Size": "Palmolive Kids 3 In 1 Happy Apple Shampoo Conditioner & Body Wash 350mL",
    "COL Price": 4.5,
    "COL ppu": "$1.29 per 100mL",
    "COL Size": "350mL"
  },
  {
    "Brand_Product_Size": "Schwarzkopf Dark Brown Hair Mascara 1 pack",
    "COL Price": 22,
    "COL ppu": "$22.00 per 1Ea",
    "COL Size": "1 pack"
  },
  {
    "Brand_Product_Size": "Obela Classic Tzatziki With Cucumber Pieces 220g",
    "COL Price": 4.5,
    "COL ppu": "$2.05 per 100G",
    "COL Size": "220g"
  },
  {
    "Brand_Product_Size": "Starbucks Nescafe Dolce Gusto Capsules Cappuccino 12 pack",
    "COL Price": 5,
    "COL ppu": "$0.42 per 1Ea",
    "COL Size": "12 pack"
  },
  {
    "Brand_Product_Size": "Chicken Tonight Cacciatore with Mushroom & Herbs Simmer Sauce 500g",
    "COL Price": 2.5,
    "COL ppu": "$0.50 per 100G",
    "COL Size": "500g"
  },
  {
    "Brand_Product_Size": "Oral-B Pro Health Advanced Whitening Toothpaste 110g",
    "COL Price": 2.5,
    "COL ppu": "$2.27 per 100G",
    "COL Size": "110g"
  },
  {
    "Brand_Product_Size": "Daley Street Medium/Dark Coffee Beans 200g",
    "COL Price": 4.5,
    "COL ppu": "$2.25 per 100G",
    "COL Size": "200g"
  },
  {
    "Brand_Product_Size": "Tofutti Dairy Cheese Sour Supreme 340g",
    "COL Price": 4.5,
    "COL ppu": "$13.24 per 1Kg",
    "COL Size": "340g"
  },
  {
    "Brand_Product_Size": "Coles Seafood Whole Flathead approx. 500g",
    "COL Price": 8.5,
    "COL ppu": "$17.00 per 1Kg",
    "COL Size": "approx. 500g"
  },
  {
    "Brand_Product_Size": "MasterFoods Mixed Spice 30g",
    "COL Price": 2.9,
    "COL ppu": "$0.97 per 10G",
    "COL Size": "30g"
  },
  {
    "Brand_Product_Size": "Loacker Gran Pasticceria Original Tortina Chocolate Biscuit 125g",
    "COL Price": 4,
    "COL ppu": "$3.20 per 100G",
    "COL Size": "125g"
  },
  {
    "Brand_Product_Size": "Pro:Voke Touch Of Silver Intensive Conditioner 500mL",
    "COL Price": 20,
    "COL ppu": "$4.00 per 100mL",
    "COL Size": "500mL"
  },
  {
    "Brand_Product_Size": "Maltesers Milk Chocolate Bag Medium 140g",
    "COL Price": 3,
    "COL ppu": "$2.14 per 100G",
    "COL Size": "140g"
  },
  {
    "Brand_Product_Size": "Coles Oat Bran For Baking And Finishing 500g",
    "COL Price": 2,
    "COL ppu": "$0.40 per 100G",
    "COL Size": "500g"
  },
  {
    "Brand_Product_Size": "Sharwood's Tandoori Paste 290g",
    "COL Price": 4.5,
    "COL ppu": "$1.55 per 100G",
    "COL Size": "290g"
  },
  {
    "Brand_Product_Size": "Connoisseur Chocolate Brownie With Chocolate Custard Gourmet Ice Cream Tub 1L",
    "COL Price": 7.5,
    "COL ppu": "$0.75 per 100mL",
    "COL Size": "1L"
  },
  {
    "Brand_Product_Size": "Coles The Original Beef Sausage 550g",
    "COL Price": 5.5,
    "COL ppu": "$10.00 per 1Kg",
    "COL Size": "550g"
  },
  {
    "Brand_Product_Size": "Uncle Tobys Chewy Muesli Bars Variety Value 12 Pack 375g",
    "COL Price": 5,
    "COL ppu": "$1.33 per 100G",
    "COL Size": "375g"
  },
  {
    "Brand_Product_Size": "Pedigree Real Beef Adult Dry Dog Food 3kg",
    "COL Price": 8.4,
    "COL ppu": "$2.80 per 1Kg",
    "COL Size": "3kg"
  },
  {
    "Brand_Product_Size": "Continental Kosher Butchers Veal Mince 500g",
    "COL Price": 14.9,
    "COL ppu": "$29.80 per 1Kg",
    "COL Size": "500g"
  },
  {
    "Brand_Product_Size": "Coles Deli Thawed Peeled Raw Banana Cutlet Prawns approx. 250g",
    "COL Price": 8.75,
    "COL ppu": "$35.00 per 1Kg",
    "COL Size": "approx. 250g"
  },
  {
    "Brand_Product_Size": "Coles Frozen Tempura Chicken Breast Nuggets 400g",
    "COL Price": 3.6,
    "COL ppu": "$0.90 per 100G",
    "COL Size": "400g"
  },
  {
    "Brand_Product_Size": "Mersey Valley Original Cheddar Cheese 180g",
    "COL Price": 4.7,
    "COL ppu": "$26.11 per 1Kg",
    "COL Size": "180g"
  },
  {
    "Brand_Product_Size": "Coles Microgreen Redvein Sorrel each",
    "COL Price": 3,
    "COL ppu": "$3.00 per 1Ea",
    "COL Size": "each"
  },
  {
    "Brand_Product_Size": "Bundaberg Diet Ginger Beer Multipack Bottles 375mL 10 pack",
    "COL Price": 14.95,
    "COL ppu": "$3.99 per 1L",
    "COL Size": "10 pack"
  },
  {
    "Brand_Product_Size": "Coles Medium Rubber Gloves 2 pack",
    "COL Price": 1.25,
    "COL ppu": "$0.63 per 1Ea",
    "COL Size": "2 pack"
  },
  {
    "Brand_Product_Size": "Tresemme Salon Finish Freeze HOld Hairspray 75g",
    "COL Price": 2.8,
    "COL ppu": "$3.73 per 100G",
    "COL Size": "75g"
  },
  {
    "Brand_Product_Size": "Connoisseur Vanilla Caramel Brownie Gourmet Ice Cream Tub 1L",
    "COL Price": 7.5,
    "COL ppu": "$0.75 per 100mL",
    "COL Size": "1L"
  },
  {
    "Brand_Product_Size": "Pukka Relax Tea Bags 20 pack 40g",
    "COL Price": 7.5,
    "COL ppu": "$0.38 per 1Ea",
    "COL Size": "40g"
  },
  {
    "Brand_Product_Size": "Voss Artesian Sparkling Water 800mL",
    "COL Price": 4.65,
    "COL ppu": "$5.81 per 1L",
    "COL Size": "800mL"
  },
  {
    "Brand_Product_Size": "Swisse Ultiboost Vitamin C Effervescent Tablets 60 pack",
    "COL Price": 16.5,
    "COL ppu": "$0.28 per 1Ea",
    "COL Size": "60 pack"
  },
  {
    "Brand_Product_Size": "Coles Ultimate 40% Chocolate Chip Cookies 400g",
    "COL Price": 3.5,
    "COL ppu": "$0.88 per 100G",
    "COL Size": "400g"
  },
  {
    "Brand_Product_Size": "MasterFoods Garlic Kebab Sauce 250mL",
    "COL Price": 3.15,
    "COL ppu": "$1.26 per 100mL",
    "COL Size": "250mL"
  },
  {
    "Brand_Product_Size": "Norco Mighty Cool Chocolate Flavoured Milk 250mL",
    "COL Price": 2,
    "COL ppu": "$8.00 per 1L",
    "COL Size": "250mL"
  },
  {
    "Brand_Product_Size": "Coles Finest Fig & Walnut Pepperberry Paste 100g",
    "COL Price": 4.5,
    "COL ppu": "$4.50 per 100G",
    "COL Size": "100g"
  },
  {
    "Brand_Product_Size": "MasterFoods Ground Coriander Seeds 25g",
    "COL Price": 2.3,
    "COL ppu": "$0.92 per 10G",
    "COL Size": "25g"
  },
  {
    "Brand_Product_Size": "Coles Plant Based Kitchen Tidy Bags Medium 30 pack",
    "COL Price": 3.8,
    "COL ppu": "$0.13 per 1Ea",
    "COL Size": "30 pack"
  },
  {
    "Brand_Product_Size": "Coles Kitchen Beetroot Slaw 200g",
    "COL Price": 2,
    "COL ppu": "$10.00 per 1Kg",
    "COL Size": "200g"
  },
  {
    "Brand_Product_Size": "Dolmio Creamy Tomato & Mozzarella Sauce For Pasta Bake 495g",
    "COL Price": 3,
    "COL ppu": "$0.61 per 100G",
    "COL Size": "495g"
  },
  {
    "Brand_Product_Size": "Nood Cage Free Chicken Recipe With Garden Vegetables Dog Food 100g 12 pack",
    "COL Price": 15,
    "COL ppu": "$12.50 per 1Kg",
    "COL Size": "12 pack"
  },
  {
    "Brand_Product_Size": "Duracell Alkaline LR44 A76 Batteries 4 pack",
    "COL Price": 8,
    "COL ppu": "$2.00 per 1Ea",
    "COL Size": "4 pack"
  },
  {
    "Brand_Product_Size": "The Bar Counter Peanut Butter Caramel Bar 40g",
    "COL Price": 2.5,
    "COL ppu": "$6.25 per 100G",
    "COL Size": "40g"
  },
  {
    "Brand_Product_Size": "Whittaker's Ginger & Mandarin Dark Chocolate 100g",
    "COL Price": 4.5,
    "COL ppu": "$4.50 per 100G",
    "COL Size": "100g"
  },
  {
    "Brand_Product_Size": "Heilala Vanilla Paste 60mL",
    "COL Price": 8,
    "COL ppu": "$12.31 per 100G",
    "COL Size": "60mL"
  },
  {
    "Brand_Product_Size": "Coles Bakery Maple Pecan Plait 2 pack",
    "COL Price": 3,
    "COL ppu": "$1.50 per 1Ea",
    "COL Size": "2 pack"
  },
  {
    "Brand_Product_Size": "Coles RSPCA Approved Chicken Wings Nibbles approx. 1.1kg",
    "COL Price": 7.26,
    "COL ppu": "$6.60 per 1Kg",
    "COL Size": "approx. 1.1kg"
  },
  {
    "Brand_Product_Size": "Leggos Tuna Bake Pasta Sauce 500g",
    "COL Price": 3,
    "COL ppu": "$0.60 per 100G",
    "COL Size": "500g"
  },
  {
    "Brand_Product_Size": "Dilmah Caffeine Free Rooibos Cinnamon, Turmeric, Ginger & Nutmeg Tea Bags 20 pack 40g",
    "COL Price": 2,
    "COL ppu": "$0.10 per 1Ea",
    "COL Size": "40g"
  },
  {
    "Brand_Product_Size": "Coles Bakery Multigrain Sandwich Loaf 680g",
    "COL Price": 2,
    "COL ppu": "$0.29 per 100G",
    "COL Size": "680g"
  },
  {
    "Brand_Product_Size": "Schweppes Sunkist Sugar Free Diet Orange Crush 1.25L",
    "COL Price": 1.3,
    "COL ppu": "$1.04 per 1L",
    "COL Size": "1.25L"
  },
  {
    "Brand_Product_Size": "Air Wick Pure Aerosol White Vanilla 159g",
    "COL Price": 7,
    "COL ppu": "$4.40 per 100G",
    "COL Size": "159g"
  },
  {
    "Brand_Product_Size": "Vanish Stain Remover Fabric Powder 2.7kg",
    "COL Price": 30,
    "COL ppu": "$11.11 per 1Kg",
    "COL Size": "2.7kg"
  },
  {
    "Brand_Product_Size": "Farmers Market Chicken Stew With Vegetables And Brown Rice Dog Food 400g",
    "COL Price": 2.75,
    "COL ppu": "$0.69 per 100G",
    "COL Size": "400g"
  },
  {
    "Brand_Product_Size": "Fancy Feast Chicken Feast In Gravy Grilled Cat Food 85g 12 pack",
    "COL Price": 12,
    "COL ppu": "$1.00 per 1Ea",
    "COL Size": "12 pack"
  },
  {
    "Brand_Product_Size": "Coles RSPCA Approved Chicken Tenderloins approx. 600g each",
    "COL Price": 9.6,
    "COL ppu": "$16.00 per 1Kg",
    "COL Size": "approx. 600g each"
  },
  {
    "Brand_Product_Size": "Viva White Paper Towels 2 pack",
    "COL Price": 3.5,
    "COL ppu": "$2.92 per 100Ea",
    "COL Size": "2 pack"
  },
  {
    "Brand_Product_Size": "Carmans Dark Choc & Cranberry Protein Bar 40g",
    "COL Price": 3.2,
    "COL ppu": "$8.00 per 100G",
    "COL Size": "40g"
  },
  {
    "Brand_Product_Size": "Shelbys Nuts Raspberry Almonds 40g",
    "COL Price": 3,
    "COL ppu": "$7.50 per 100G",
    "COL Size": "40g"
  },
  {
    "Brand_Product_Size": "McCain Frozen Onion Rings 500g",
    "COL Price": 4,
    "COL ppu": "$0.80 per 100G",
    "COL Size": "500g"
  },
  {
    "Brand_Product_Size": "Coles Ocean Barramundi Portions 260g",
    "COL Price": 12,
    "COL ppu": "$46.15 per 1Kg",
    "COL Size": "260g"
  },
  {
    "Brand_Product_Size": "Tuckers Natural Artisan Cracker Tomato Basil 100g",
    "COL Price": 3.75,
    "COL ppu": "$3.75 per 100G",
    "COL Size": "100g"
  },
  {
    "Brand_Product_Size": "Tena Large Pants for Women 8 pack",
    "COL Price": 10,
    "COL ppu": "$1.25 per 1Ea",
    "COL Size": "8 pack"
  },
  {
    "Brand_Product_Size": "Schwarzkopf Extra Care Ultimate Style Hair Spray 250g",
    "COL Price": 7,
    "COL ppu": "$2.80 per 100G",
    "COL Size": "250g"
  },
  {
    "Brand_Product_Size": "Ocean King Black Lumpfish Caviar 50g",
    "COL Price": 6,
    "COL ppu": "$12.00 per 100G",
    "COL Size": "50g"
  },
  {
    "Brand_Product_Size": "Carman's Gourmet Porridge Sachet Super Berry & Coconut 320g",
    "COL Price": 4,
    "COL ppu": "$1.25 per 100G",
    "COL Size": "320g"
  },
  {
    "Brand_Product_Size": "Nexba Pineapple Flavoured Sparkling Infusion 1L",
    "COL Price": 2.65,
    "COL ppu": "$2.65 per 1L",
    "COL Size": "1L"
  },
  {
    "Brand_Product_Size": "Coles Hazelnuts 150g",
    "COL Price": 4,
    "COL ppu": "$26.67 per 1Kg",
    "COL Size": "150g"
  },
  {
    "Brand_Product_Size": "Listerine Total Care Mouthwash 500mL",
    "COL Price": 9.3,
    "COL ppu": "$1.86 per 100mL",
    "COL Size": "500mL"
  },
  {
    "Brand_Product_Size": "Bonne Maman Strawberry Jam 370g",
    "COL Price": 5.2,
    "COL ppu": "$1.41 per 100G",
    "COL Size": "370g"
  },
  {
    "Brand_Product_Size": "Ion Laundry Liquid Concentrate 2L",
    "COL Price": 9,
    "COL ppu": "$4.50 per 1L",
    "COL Size": "2L"
  },
  {
    "Brand_Product_Size": "Ottogi Jin Ramen Cup Noodle Spicy 65g",
    "COL Price": 1.9,
    "COL ppu": "$2.92 per 100G",
    "COL Size": "65g"
  },
  {
    "Brand_Product_Size": "Band-Aid Adhesive Plastic Strips 100 pack",
    "COL Price": 7,
    "COL ppu": "$0.07 per 1Ea",
    "COL Size": "100 pack"
  },
  {
    "Brand_Product_Size": "Made By Cow Cold Pressed Raw Milk 1.5L",
    "COL Price": 4.99,
    "COL ppu": "$3.33 per 1L",
    "COL Size": "1.5L"
  },
  {
    "Brand_Product_Size": "Beerenberg Dressing Ranch 300mL",
    "COL Price": 5.5,
    "COL ppu": "$1.83 per 100mL",
    "COL Size": "300mL"
  },
  {
    "Brand_Product_Size": "Blue Bay Quark 500g",
    "COL Price": 13.99,
    "COL ppu": "$27.98 per 1Kg",
    "COL Size": "500g"
  },
  {
    "Brand_Product_Size": "Loacker Gran Pasticceria Coconut Wafer Biscuit 100g",
    "COL Price": 4,
    "COL ppu": "$4.00 per 100G",
    "COL Size": "100g"
  },
  {
    "Brand_Product_Size": "Head & Shoulders Ultra Men 2 In 1 Old Spice Shampoo 400mL",
    "COL Price": 7.5,
    "COL ppu": "$1.88 per 100mL",
    "COL Size": "400mL"
  },
  {
    "Brand_Product_Size": "Dettol Healthy Clean Multipurpose Cleaner Trigger Spray Lemon Burst 500mL",
    "COL Price": 4,
    "COL ppu": "$0.80 per 100mL",
    "COL Size": "500mL"
  },
  {
    "Brand_Product_Size": "South Cape Greek Style Fetta 200g",
    "COL Price": 5,
    "COL ppu": "$25.00 per 1Kg",
    "COL Size": "200g"
  },
  {
    "Brand_Product_Size": "Coles Parsley Sleeved 1 bunch",
    "COL Price": 2.98,
    "COL ppu": "$2.98 per 1Ea",
    "COL Size": "1 bunch"
  },
  {
    "Brand_Product_Size": "Dynamo Profession 7 In 1 Laundry Liquid 3.6L",
    "COL Price": 23.8,
    "COL ppu": "$6.61 per 1L",
    "COL Size": "3.6L"
  },
  {
    "Brand_Product_Size": "Old El Paso Spice Mix For Burritos Mild 40g",
    "COL Price": 2,
    "COL ppu": "$5.00 per 100G",
    "COL Size": "40g"
  },
  {
    "Brand_Product_Size": "Twinings Pure Camomile Infusions Tea Bags 80 pack 120g",
    "COL Price": 5.6,
    "COL ppu": "$0.07 per 1Ea",
    "COL Size": "120g"
  },
  {
    "Brand_Product_Size": "Kezs Kitchen Gluten Free All Natural Fudgy Choc Brownie Bar 45g",
    "COL Price": 2,
    "COL ppu": "$4.44 per 100G",
    "COL Size": "45g"
  },
  {
    "Brand_Product_Size": "Mother Earth Baked Oaty Slices Chocolate Chip 240g",
    "COL Price": 3,
    "COL ppu": "$1.25 per 100G",
    "COL Size": "240g"
  },
  {
    "Brand_Product_Size": "Chang's Pad Thai Style Rice Noodles 250g",
    "COL Price": 2,
    "COL ppu": "$0.80 per 100G",
    "COL Size": "250g"
  },
  {
    "Brand_Product_Size": "Coles Microwave Rice Basmati 250g",
    "COL Price": 1.5,
    "COL ppu": "$0.60 per 100G",
    "COL Size": "250g"
  },
  {
    "Brand_Product_Size": "Tip Top White Bread Hot Dog Rolls 6 pack",
    "COL Price": 4,
    "COL ppu": "$0.67 per 1Ea",
    "COL Size": "6 pack"
  },
  {
    "Brand_Product_Size": "Fever-Tree Dry Ginger AleMultipack 4x200mL",
    "COL Price": 6,
    "COL ppu": "",
    "COL Size": ""
  },
  {
    "Brand_Product_Size": "Coca-Cola Classic Coke 1.25L",
    "COL Price": 3.15,
    "COL ppu": "$2.52 per 1L",
    "COL Size": "1.25L"
  },
  {
    "Brand_Product_Size": "Green's Chunkies Chocolate Chip Cookies Mini Multipack 200g",
    "COL Price": 4.1,
    "COL ppu": "$2.05 per 100G",
    "COL Size": "200g"
  },
  {
    "Brand_Product_Size": "Telstra Essential Plus 3 4GX each",
    "COL Price": 119,
    "COL ppu": "$119.00 per 1Ea",
    "COL Size": "each"
  },
  {
    "Brand_Product_Size": "Maltesers Teasers Mint Chocolate Blocks 146g",
    "COL Price": 5,
    "COL ppu": "$3.42 per 100G",
    "COL Size": "146g"
  },
  {
    "Brand_Product_Size": "Coles Gluten Free Focaccia 250g",
    "COL Price": 4.5,
    "COL ppu": "$1.80 per 100G",
    "COL Size": "250g"
  },
  {
    "Brand_Product_Size": "Pauls Soleil Low Fat Chocolate Mousse 2 pack 124g",
    "COL Price": 2,
    "COL ppu": "$1.61 per 100G",
    "COL Size": "124g"
  },
  {
    "Brand_Product_Size": "Coles Green Cayenne Chillies Prepacked 50g",
    "COL Price": 3,
    "COL ppu": "$60.00 per 1kg",
    "COL Size": "50g"
  },
  {
    "Brand_Product_Size": "Weis Passionfruit Coconut Bars 280mL",
    "COL Price": 7.5,
    "COL ppu": "$2.68 per 100mL",
    "COL Size": "280mL"
  },
  {
    "Brand_Product_Size": "Swisse Ultiboost Vitamin D Capsules 250 pack",
    "COL Price": 26,
    "COL ppu": "$10.40 per 100Ea",
    "COL Size": "250 pack"
  },
  {
    "Brand_Product_Size": "Coles Neon Water Balloons 125 pack",
    "COL Price": 2,
    "COL ppu": "$0.02 per 1Ea",
    "COL Size": "125 pack"
  },
  {
    "Brand_Product_Size": "Mix Curve Silky Sheer Black Size 2 1 pack",
    "COL Price": 4,
    "COL ppu": "$4.00 per 1Ea",
    "COL Size": "1 pack"
  },
  {
    "Brand_Product_Size": "Coles Chocolate Pops Ice Cream Sticks 10 pack 700mL",
    "COL Price": 3.75,
    "COL ppu": "$0.54 per 100mL",
    "COL Size": "700mL"
  },
  {
    "Brand_Product_Size": "Sukin Botanical Body Wash Pineapple & Coconut 500mL",
    "COL Price": 9.95,
    "COL ppu": "$1.99 per 100mL",
    "COL Size": "500mL"
  },
  {
    "Brand_Product_Size": "Fresh Pasta Linguine 300g",
    "COL Price": 3,
    "COL ppu": "$1.00 per 100G",
    "COL Size": "300g"
  },
  {
    "Brand_Product_Size": "Gourmet Garden Thai Seasoning Cold Blended Paste 80g",
    "COL Price": 3.5,
    "COL ppu": "$0.44 per 10G",
    "COL Size": "80g"
  },
  {
    "Brand_Product_Size": "Koi Blood Orange & Ginger Dry Coffee Scrub 100g",
    "COL Price": 8,
    "COL ppu": "$8.00 per 100G",
    "COL Size": "100g"
  },
  {
    "Brand_Product_Size": "Fountain Steak Sauce 250mL",
    "COL Price": 2.7,
    "COL ppu": "$1.08 per 100mL",
    "COL Size": "250mL"
  },
  {
    "Brand_Product_Size": "MasterFoods Regular Garam Masala 30g",
    "COL Price": 2.8,
    "COL ppu": "$0.93 per 10G",
    "COL Size": "30g"
  },
  {
    "Brand_Product_Size": "Dine Salmon In Seafood Sauce Cat Food Tray 85g 7 pack",
    "COL Price": 7.5,
    "COL ppu": "$1.26 per 100G",
    "COL Size": "7 pack"
  },
  {
    "Brand_Product_Size": "Swisse Hemp Seed Oil + Mct Capsules 60 pack",
    "COL Price": 10,
    "COL ppu": "",
    "COL Size": "60 pack"
  },
  {
    "Brand_Product_Size": "Coles A4 Copy Paper 1 pack",
    "COL Price": 5,
    "COL ppu": "$5.00 per 1Ea",
    "COL Size": "1 pack"
  },
  {
    "Brand_Product_Size": "OB Finest Gluten Free Pistachio & Fig Speciality Crackers 130g",
    "COL Price": 6,
    "COL ppu": "$4.62 per 100G",
    "COL Size": "130g"
  },
  {
    "Brand_Product_Size": "Maybelline New York Colossal Go Extreme Leather Black Washable Mascara each",
    "COL Price": 14,
    "COL ppu": "$14.74 per 10mL",
    "COL Size": "each"
  },
  {
    "Brand_Product_Size": "Coles Left Double Adapter each",
    "COL Price": 2.25,
    "COL ppu": "$2.25 per 1ea",
    "COL Size": "each"
  },
  {
    "Brand_Product_Size": "Pascall Chocolate Eclairs Lollies 300g",
    "COL Price": 5,
    "COL ppu": "$1.67 per 100G",
    "COL Size": "300g"
  },
  {
    "Brand_Product_Size": "Coles Beauty Soap Case 1 pack",
    "COL Price": 1.8,
    "COL ppu": "$1.80 per 1Ea",
    "COL Size": "1 pack"
  },
  {
    "Brand_Product_Size": "Schweppes Tonic Water Mixers Multipack Bottles 300mL 4 pack",
    "COL Price": 5.9,
    "COL ppu": "$4.92 per 1L",
    "COL Size": "4 pack"
  },
  {
    "Brand_Product_Size": "Dettol Multipurpose Antibacterial Disinfectant Surface Cleaning Trigger Spray Lime and Mint 500mL",
    "COL Price": 3.35,
    "COL ppu": "$0.67 per 100mL",
    "COL Size": "500mL"
  },
  {
    "Brand_Product_Size": "Coles Wellness Road Nutty Spread 280g",
    "COL Price": 4,
    "COL ppu": "$1.43 per 100G",
    "COL Size": "280g"
  },
  {
    "Brand_Product_Size": "Naturli Plant Based Burgers 227g",
    "COL Price": 7.5,
    "COL ppu": "$33.04 per 1Kg",
    "COL Size": "227g"
  },
  {
    "Brand_Product_Size": "Soulseed Cold Pressed Hemp Oil 250mL",
    "COL Price": 16.5,
    "COL ppu": "$6.60 per 100mL",
    "COL Size": "250mL"
  },
  {
    "Brand_Product_Size": "Olay Regenerist Miracle Boost Youth Pre-Essence 40mL",
    "COL Price": 40,
    "COL ppu": "$100.00 per 100mL",
    "COL Size": "40mL"
  },
  {
    "Brand_Product_Size": "Sunrice Jasmine Rice Cup 2 pack 250g",
    "COL Price": 2.5,
    "COL ppu": "$1.00 per 100G",
    "COL Size": "250g"
  },
  {
    "Brand_Product_Size": "Dainty Food Sabra Houmous With Techina Dip 500g",
    "COL Price": 13.5,
    "COL ppu": "$2.70 per 100G",
    "COL Size": "500g"
  },
  {
    "Brand_Product_Size": "Restaurant Collection Shawarma Grilled Lamb Shoulder 500g",
    "COL Price": 18.5,
    "COL ppu": "$3.70 per 100G",
    "COL Size": "500g"
  },
  {
    "Brand_Product_Size": "Mr Fishi Herring Fillets In Marinade 600g",
    "COL Price": 11.5,
    "COL ppu": "$19.17 per 1Kg",
    "COL Size": "600g"
  },
  {
    "Brand_Product_Size": "Praise Traditional Mayonnaise 490g",
    "COL Price": 3.5,
    "COL ppu": "$0.71 per 100G",
    "COL Size": "490g"
  },
  {
    "Brand_Product_Size": "Maggi Dry Recipe Base Chilli Con Carne 42g",
    "COL Price": 1.75,
    "COL ppu": "$4.17 per 100G",
    "COL Size": "42g"
  },
  {
    "Brand_Product_Size": "Natures Commonscents Natural Goats Milk & Paw Paw Body Wash 600mL",
    "COL Price": 6,
    "COL ppu": "$1.00 per 100mL",
    "COL Size": "600mL"
  },
  {
    "Brand_Product_Size": "Coles Plums Prepacked 1 each",
    "COL Price": 3.9,
    "COL ppu": "$3.90 per 1Ea",
    "COL Size": "1 each"
  },
  {
    "Brand_Product_Size": "Finish Rinse Aid 0% Dishwasher 400mL",
    "COL Price": 8,
    "COL ppu": "$2.00 per 100mL",
    "COL Size": "400mL"
  },
  {
    "Brand_Product_Size": "Arnott's Shapes Crackers Double Cheesebugers 165g",
    "COL Price": 3.2,
    "COL ppu": "$1.94 per 100G",
    "COL Size": "165g"
  },
  {
    "Brand_Product_Size": "Coles Frozen  RSPCA Approved Honey Soy Chicken Wing Nibbles 550g",
    "COL Price": 6.6,
    "COL ppu": "$12.00 per 1Kg",
    "COL Size": "550g"
  },
  {
    "Brand_Product_Size": "Keep It Cleaner Truffles Chocolate 20g",
    "COL Price": 7,
    "COL ppu": "$35.00 per 100G",
    "COL Size": "20g"
  },
  {
    "Brand_Product_Size": "Coles Finest Artisan Sesame & Linseed Crispbread 130g",
    "COL Price": 3,
    "COL ppu": "$2.31 per 100G",
    "COL Size": "130g"
  },
  {
    "Brand_Product_Size": "Coles Lantern 6V Battery 1 pack",
    "COL Price": 5,
    "COL ppu": "$5.00 per 1Ea",
    "COL Size": "1 pack"
  },
  {
    "Brand_Product_Size": "Cenovis Hair Skin And Nails Tablets 60 pack",
    "COL Price": 16.5,
    "COL ppu": "$0.28 per 1Ea",
    "COL Size": "60 pack"
  },
  {
    "Brand_Product_Size": "Blackmores Echinacea Ace + Zinc Tablets 60 pack",
    "COL Price": 20.5,
    "COL ppu": "$34.17 per 100Ea",
    "COL Size": "60 pack"
  },
  {
    "Brand_Product_Size": "Pedigree Dentastix Medium Dog Treats Daily Oral Care Dental Chews 7 pack",
    "COL Price": 5.2,
    "COL ppu": "$0.74 per 1Ea",
    "COL Size": "7 pack"
  },
  {
    "Brand_Product_Size": "Glade Mini Gel Air Freshner Jasmine 70g",
    "COL Price": 2.5,
    "COL ppu": "$3.57 per 100G",
    "COL Size": "70g"
  },
  {
    "Brand_Product_Size": "Coles Brown Portabella Mushrooms Prepacked 375g",
    "COL Price": 6.9,
    "COL ppu": "$18.40 per 1Kg",
    "COL Size": "375g"
  },
  {
    "Brand_Product_Size": "Coles Spreadable Light Cream Cheese Tub 250g",
    "COL Price": 2.75,
    "COL ppu": "$11.00 per 1Kg",
    "COL Size": "250g"
  },
  {
    "Brand_Product_Size": "Dolmio Spicy Peppers  Pasta Sauce Pouch 170g",
    "COL Price": 2,
    "COL ppu": "$1.18 per 100G",
    "COL Size": "170g"
  },
  {
    "Brand_Product_Size": "Dilmah Pure Ceylon Premium Tea Bags 50 Pack 100g",
    "COL Price": 3.6,
    "COL ppu": "$3.60 per 100G",
    "COL Size": "100g"
  },
  {
    "Brand_Product_Size": "Multix Greener Recycled Alfoil 10m",
    "COL Price": 3,
    "COL ppu": "$0.30 per 1M",
    "COL Size": "10m"
  },
  {
    "Brand_Product_Size": "BX Earth Dog Gentle Puppy Coconut Oatmeal & Aloe Vera All Natural Shampoo 500mL",
    "COL Price": 12,
    "COL ppu": "$2.40 per 100mL",
    "COL Size": "500mL"
  },
  {
    "Brand_Product_Size": "Coles White Compound Choc Buttons 375g",
    "COL Price": 2.5,
    "COL ppu": "$0.67 per 100G",
    "COL Size": "375g"
  },
  {
    "Brand_Product_Size": "Twinings Caffeine Free Camomile, Honey & Vanilla Flavoured Herbal Infusions Tea Bags 10 Serve 15g",
    "COL Price": 2.9,
    "COL ppu": "$0.29 per 1Ea",
    "COL Size": "15g"
  },
  {
    "Brand_Product_Size": "Brut Splash On Deodorant For Men 200mL",
    "COL Price": 5,
    "COL ppu": "$2.50 per 100mL",
    "COL Size": "200mL"
  },
  {
    "Brand_Product_Size": "St Dalfour Thick Apricot Spread 284g",
    "COL Price": 3,
    "COL ppu": "$1.06 per 100G",
    "COL Size": "284g"
  },
  {
    "Brand_Product_Size": "Organic Love Beets Beetroot 250g",
    "COL Price": 4.5,
    "COL ppu": "$18.00 per 1Kg",
    "COL Size": "250g"
  },
  {
    "Brand_Product_Size": "SPC Aussie Diced Apricots in Juice 120g 4 pack",
    "COL Price": 3,
    "COL ppu": "$6.25 per 1Kg",
    "COL Size": "4 pack"
  },
  {
    "Brand_Product_Size": "Garnier Hydrabomb Tissue Mask Lavender 28g",
    "COL Price": 3,
    "COL ppu": "$10.71 per 100G",
    "COL Size": "28g"
  },
  {
    "Brand_Product_Size": "Deep Heat Low Odour Pain Relief Cream 100g",
    "COL Price": 7,
    "COL ppu": "$7.00 per 100G",
    "COL Size": "100g"
  },
  {
    "Brand_Product_Size": "Coles Organic Iceberg Lettuce each",
    "COL Price": 3.98,
    "COL ppu": "$3.98 per 1Ea",
    "COL Size": "each"
  },
  {
    "Brand_Product_Size": "Keep It Cleaner Bliss Balls Chocolate Orange 40g",
    "COL Price": 2.5,
    "COL ppu": "$6.25 per 100mL",
    "COL Size": "40g"
  },
  {
    "Brand_Product_Size": "South Cape Danish Style Fetta Reduced Fat 200g",
    "COL Price": 5,
    "COL ppu": "$25.00 per 1Kg",
    "COL Size": "200g"
  },
  {
    "Brand_Product_Size": "Coles Asia Nori 10 Sheets 28g",
    "COL Price": 2.9,
    "COL ppu": "$10.36 per 100G",
    "COL Size": "28g"
  },
  {
    "Brand_Product_Size": "Omo Active Dilute At Home Laundry Liquid 17 pack",
    "COL Price": 12,
    "COL ppu": "$0.71 per 1Ea",
    "COL Size": "17 pack"
  },
  {
    "Brand_Product_Size": "Gaviscon Antacid Tablets Peppermint 24 pack",
    "COL Price": 5.8,
    "COL ppu": "$0.24 per 1Ea",
    "COL Size": "24 pack"
  },
  {
    "Brand_Product_Size": "Coles Kitchen Thai Green Chicken Curry With Rice 350g",
    "COL Price": 6.5,
    "COL ppu": "$1.86 per 100G",
    "COL Size": "350g"
  },
  {
    "Brand_Product_Size": "Achva Organic Tahini 500g",
    "COL Price": 11,
    "COL ppu": "$2.20 per 100G",
    "COL Size": "500g"
  },
  {
    "Brand_Product_Size": "Campbell's Real Vegetable Stock 500mL",
    "COL Price": 2.3,
    "COL ppu": "$0.46 per 100mL",
    "COL Size": "500mL"
  },
  {
    "Brand_Product_Size": "Cadbury Baking White Chocolate Block 180g",
    "COL Price": 3,
    "COL ppu": "$1.67 per 100G",
    "COL Size": "180g"
  },
  {
    "Brand_Product_Size": "Dine Daily Cat Food Poultry Selection 85g 14 pack",
    "COL Price": 13.5,
    "COL ppu": "$0.96 per 1Ea",
    "COL Size": "14 pack"
  },
  {
    "Brand_Product_Size": "Kooka's Tray Pack Cookies Lemon 500g",
    "COL Price": 4.2,
    "COL ppu": "$0.84 per 100G",
    "COL Size": "500g"
  },
  {
    "Brand_Product_Size": "Wet Stuff Personal Lubricant 270g",
    "COL Price": 8.5,
    "COL ppu": "$3.15 per 100G",
    "COL Size": "270g"
  },
  {
    "Brand_Product_Size": "Birds Eye Frozen Shanghai Stir Fry 500g",
    "COL Price": 2.8,
    "COL ppu": "$0.56 per 100G",
    "COL Size": "500g"
  },
  {
    "Brand_Product_Size": "Praise Whole Egg Mayonnaise 670g",
    "COL Price": 6,
    "COL ppu": "$0.90 per 100G",
    "COL Size": "670g"
  },
  {
    "Brand_Product_Size": "L'Oreal Paris C'est Magic BB Cream Medium Light 30mL",
    "COL Price": 17.5,
    "COL ppu": "$5.83 per 10mL",
    "COL Size": "30mL"
  },
  {
    "Brand_Product_Size": "Sharwood's Tangy Butter Chicken Cooking Sauce Pouch 250g",
    "COL Price": 3.5,
    "COL ppu": "$1.40 per 100G",
    "COL Size": "250g"
  },
  {
    "Brand_Product_Size": "Pedigree Loaf With 5 Kinds Of Meat Adult Wet Dog Food Can 1.2kg",
    "COL Price": 3.5,
    "COL ppu": "$0.29 per 100G",
    "COL Size": "1.2kg"
  },
  {
    "Brand_Product_Size": "L'Oreal Revitalift Filler Serum 30mL",
    "COL Price": 31.5,
    "COL ppu": "$105.00 per 100mL",
    "COL Size": "30mL"
  },
  {
    "Brand_Product_Size": "Coles Ham Hock Meat 500g",
    "COL Price": 9,
    "COL ppu": "$18.00 per 1Kg",
    "COL Size": "500g"
  },
  {
    "Brand_Product_Size": "Coles Frozen Beef Lasagne Pasta 400g",
    "COL Price": 2.25,
    "COL ppu": "$0.56 per 100G",
    "COL Size": "400g"
  },
  {
    "Brand_Product_Size": "Lucky Smart Snax Mind & Body 140g",
    "COL Price": 4,
    "COL ppu": "$28.57 per 1Kg",
    "COL Size": "140g"
  },
  {
    "Brand_Product_Size": "Voss Artesian Still Spring Water 375mL",
    "COL Price": 3.2,
    "COL ppu": "$8.53 per 1L",
    "COL Size": "375mL"
  },
  {
    "Brand_Product_Size": "Devondale Smart Plus Long Life Milk 1L",
    "COL Price": 1.9,
    "COL ppu": "$1.90 per 1L",
    "COL Size": "1L"
  },
  {
    "Brand_Product_Size": "Purina Lucky Dog Meaty Chews With Real Kangaroo & Chewy Rawhide Mini Dog Treat 5 pack",
    "COL Price": 4.5,
    "COL ppu": "$0.90 per 1Ea",
    "COL Size": "5 pack"
  },
  {
    "Brand_Product_Size": "Solo Zero Sugar Lemon Flavour Drink 1.25L",
    "COL Price": 1.3,
    "COL ppu": "$1.04 per 1L",
    "COL Size": "1.25L"
  },
  {
    "Brand_Product_Size": "Coles Fresh Seafood Salmon Head approx. 300g",
    "COL Price": 1.2,
    "COL ppu": "$4.00 per 1Kg",
    "COL Size": "approx. 300g"
  },
  {
    "Brand_Product_Size": "Coles Slow Cooker Vegetable Kit 500g",
    "COL Price": 5,
    "COL ppu": "$10.00 per 1Kg",
    "COL Size": "500g"
  },
  {
    "Brand_Product_Size": "SKYN Original Condoms 20 pack",
    "COL Price": 17,
    "COL ppu": "$0.85 per 1Ea",
    "COL Size": "20 pack"
  },
  {
    "Brand_Product_Size": "Nature's Way Vita Gummies Sugar Free Multi Trio 75 pack",
    "COL Price": 20,
    "COL ppu": "$0.27 per 1Ea",
    "COL Size": "75 pack"
  },
  {
    "Brand_Product_Size": "Always Fresh Cucumbers Dill 680g",
    "COL Price": 3.74,
    "COL ppu": "$5.50 per 1Kg",
    "COL Size": "680g"
  },
  {
    "Brand_Product_Size": "L'Oreal Magic Retouch Brown 75mL",
    "COL Price": 12.8,
    "COL ppu": "$17.07 per 100mL",
    "COL Size": "75mL"
  },
  {
    "Brand_Product_Size": "Colman's Horseradish Sauce 136g",
    "COL Price": 4.4,
    "COL ppu": "$3.24 per 100G",
    "COL Size": "136g"
  },
  {
    "Brand_Product_Size": "Coles Ultimate Choc Dipped Chip Cookie 400g",
    "COL Price": 4.5,
    "COL ppu": "$1.13 per 100G",
    "COL Size": "400g"
  },
  {
    "Brand_Product_Size": "Liddells Lactose Free Strawberry Yoghurt Pouch 140g",
    "COL Price": 1.5,
    "COL ppu": "$1.07 per 100G",
    "COL Size": "140g"
  },
  {
    "Brand_Product_Size": "Maggi Chow Mein Dry Recipe Bases 32g",
    "COL Price": 1.75,
    "COL ppu": "$5.47 per 100G",
    "COL Size": "32g"
  },
  {
    "Brand_Product_Size": "Mortein Mice Kill Reusable Trap 1 pack",
    "COL Price": 7,
    "COL ppu": "$7.00 per 1Ea",
    "COL Size": "1 pack"
  },
  {
    "Brand_Product_Size": "Coles RSPCA Approved Chicken Breast Stir Fry approx. 500g",
    "COL Price": 8.5,
    "COL ppu": "$17.00 per 1Kg",
    "COL Size": "approx. 500g"
  },
  {
    "Brand_Product_Size": "Abbott's Village Bakery Light Rye Bread 680g",
    "COL Price": 3.8,
    "COL ppu": "$0.56 per 100G",
    "COL Size": "680g"
  },
  {
    "Brand_Product_Size": "Western Star Unsalted Butter 250g",
    "COL Price": 3.2,
    "COL ppu": "$1.28 per 100G",
    "COL Size": "250g"
  },
  {
    "Brand_Product_Size": "Jesses Bakery Boiled Bagels 5 pack 5 pack",
    "COL Price": 6.2,
    "COL ppu": "$1.24 per 1Ea",
    "COL Size": "5 pack"
  },
  {
    "Brand_Product_Size": "Voltaren Emulgel Muscle and Back Pain Relief 100g",
    "COL Price": 17,
    "COL ppu": "$17.00 per 100G",
    "COL Size": "100g"
  },
  {
    "Brand_Product_Size": "Coles Banana Chips 200g",
    "COL Price": 2,
    "COL ppu": "$10.00 per 1Kg",
    "COL Size": "200g"
  },
  {
    "Brand_Product_Size": "Gravox Traditional Gravy Mix 29g",
    "COL Price": 1.1,
    "COL ppu": "$0.38 per 10G",
    "COL Size": "29g"
  },
  {
    "Brand_Product_Size": "Mum Dry Antiperspirant Cool Pink All Day Roll On Deodorant 50mL",
    "COL Price": 3,
    "COL ppu": "$6.00 per 100mL",
    "COL Size": "50mL"
  },
  {
    "Brand_Product_Size": "Nakula Natural Coconut Milk Yoghurt 500g",
    "COL Price": 5,
    "COL ppu": "$1.00 per 100G",
    "COL Size": "500g"
  },
  {
    "Brand_Product_Size": "Pringles Sour Cream & Onion Stacked Potato Chips 53g",
    "COL Price": 1.5,
    "COL ppu": "$2.83 per 100G",
    "COL Size": "53g"
  },
  {
    "Brand_Product_Size": "Pascall Cadbury Clinkers Lollies 300g",
    "COL Price": 5,
    "COL ppu": "$1.67 per 100G",
    "COL Size": "300g"
  },
  {
    "Brand_Product_Size": "McCain Frozen Scalloped Potatoes 600g",
    "COL Price": 2.5,
    "COL ppu": "$0.42 per 100G",
    "COL Size": "600g"
  },
  {
    "Brand_Product_Size": "Leggo's Spreadable Sweet Mustard Sandwich Pickles 250g",
    "COL Price": 1.75,
    "COL ppu": "$0.70 per 100G",
    "COL Size": "250g"
  },
  {
    "Brand_Product_Size": "Gillette Blue 3 Disposable Razor 4 pack",
    "COL Price": 5.5,
    "COL ppu": "$1.38 per 1Ea",
    "COL Size": "4 pack"
  },
  {
    "Brand_Product_Size": "Dari's Table Gluten Free Olive Hummus Dip 200g",
    "COL Price": 5,
    "COL ppu": "$2.50 per 100G",
    "COL Size": "200g"
  },
  {
    "Brand_Product_Size": "Weis Dairy Free Mango Sorbet Tub 1L",
    "COL Price": 7,
    "COL ppu": "$0.70 per 100mL",
    "COL Size": "1L"
  },
  {
    "Brand_Product_Size": "Selleys Sugar Soap Cleaning Wipes 25 pack",
    "COL Price": 7.5,
    "COL ppu": "$0.30 per 1Ea",
    "COL Size": "25 pack"
  },
  {
    "Brand_Product_Size": "MasterFoods All Purpose Seasoning 65g",
    "COL Price": 2.35,
    "COL ppu": "$0.36 per 10G",
    "COL Size": "65g"
  },
  {
    "Brand_Product_Size": "Dettol Disinfectant Wipes Multipurpose Tropical Lavender 120 pack",
    "COL Price": 10,
    "COL ppu": "$8.33 per 100Ea",
    "COL Size": "120 pack"
  },
  {
    "Brand_Product_Size": "Remedy Organic Kombucha Ginger Lemon Sparkling Drink 300mL",
    "COL Price": 3.5,
    "COL ppu": "$11.67 per 1L",
    "COL Size": "300mL"
  },
  {
    "Brand_Product_Size": "Dose & Co. Pure Collagen Powder Unflavoured 200g",
    "COL Price": 28,
    "COL ppu": "$14.00 per 100G",
    "COL Size": "200g"
  },
  {
    "Brand_Product_Size": "Modo Eco Living Sugarcane Disposable Side Plates 10 pack",
    "COL Price": 2,
    "COL ppu": "$0.20 per 1Ea",
    "COL Size": "10 pack"
  },
  {
    "Brand_Product_Size": "Aeroplane Orange Orbit Jelly Crystals 85g",
    "COL Price": 1.15,
    "COL ppu": "$1.35 per 100G",
    "COL Size": "85g"
  },
  {
    "Brand_Product_Size": "Twinings Lemon & Ginger Infusions Tea Bags 80 pack 120g",
    "COL Price": 5.6,
    "COL ppu": "$0.07 per 1Ea",
    "COL Size": "120g"
  },
  {
    "Brand_Product_Size": "Sanitarium So Good Almond Vanilla Long Life Milk 1L",
    "COL Price": 2.9,
    "COL ppu": "$2.90 per 1L",
    "COL Size": "1L"
  },
  {
    "Brand_Product_Size": "Kleenex Lightly Fragranced Flushable 42 Wipes 1 pack",
    "COL Price": 3.95,
    "COL ppu": "$3.95 per 1Ea",
    "COL Size": "1 pack"
  },
  {
    "Brand_Product_Size": "Jade Phoenix Premium Grade Black Fungus 100g",
    "COL Price": 5.8,
    "COL ppu": "$58.00 per 1Kg",
    "COL Size": "100g"
  },
  {
    "Brand_Product_Size": "Coles I'm Free From Gluten Free Mi Goreng Flavour Brown Rice Noodle Cup 75g",
    "COL Price": 2,
    "COL ppu": "$2.67 per 100G",
    "COL Size": "75g"
  },
  {
    "Brand_Product_Size": "South Melbourne Dim Sims 600g",
    "COL Price": 12,
    "COL ppu": "$2.00 per 100G",
    "COL Size": "600g"
  },
  {
    "Brand_Product_Size": "The Bar Counter High Protein Chocolate Brownie Crunch",
    "COL Price": 2.5,
    "COL ppu": "",
    "COL Size": ""
  },
  {
    "Brand_Product_Size": "Nescafe Skim Cappuccino Coffee Sachets 10 pack",
    "COL Price": 6.3,
    "COL ppu": "$0.63 per 1Ea",
    "COL Size": "10 pack"
  },
  {
    "Brand_Product_Size": "Zwan Chicken Franks 300g",
    "COL Price": 5.5,
    "COL ppu": "$1.83 per 100G",
    "COL Size": "300g"
  },
  {
    "Brand_Product_Size": "Codral Relief Cold & Flu Decongestant Tablets 20 pack",
    "COL Price": 11,
    "COL ppu": "$0.55 per 1Ea",
    "COL Size": "20 pack"
  },
  {
    "Brand_Product_Size": "Oral B Charcoal Bamboo Toothbrush Soft 1 pack",
    "COL Price": 6,
    "COL ppu": "$6.00 per 1Ea",
    "COL Size": "1 pack"
  },
  {
    "Brand_Product_Size": "U By Kotex Ultra Thin Designs Regular Pads With Wings 22 pack",
    "COL Price": 7,
    "COL ppu": "$0.32 per 1Ea",
    "COL Size": "22 pack"
  },
  {
    "Brand_Product_Size": "L'Oreal Wrinkle Intensive Cream 50mL",
    "COL Price": 15,
    "COL ppu": "$30.00 per 100mL",
    "COL Size": "50mL"
  },
  {
    "Brand_Product_Size": "Sunrice Medium Grain Brown Rice 5kg",
    "COL Price": 16,
    "COL ppu": "$3.20 per 1KG",
    "COL Size": "5kg"
  },
  {
    "Brand_Product_Size": "Coles Quick Oats 900g",
    "COL Price": 1.65,
    "COL ppu": "$0.18 per 100G",
    "COL Size": "900g"
  },
  {
    "Brand_Product_Size": "Coles Soft Grip Scissors 19Cm each",
    "COL Price": 3.5,
    "COL ppu": "$3.50 per 1Ea",
    "COL Size": "each"
  },
  {
    "Brand_Product_Size": "Street Tropical Hawaiian Pizza 365g",
    "COL Price": 5,
    "COL ppu": "$1.37 per 100G",
    "COL Size": "365g"
  },
  {
    "Brand_Product_Size": "Purr Chicken Egg & Vegetables in Gravy Cat Food 85g",
    "COL Price": 1,
    "COL ppu": "$1.18 per 100G",
    "COL Size": "85g"
  },
  {
    "Brand_Product_Size": "Cottee's Strawberry Jam 500g",
    "COL Price": 2.8,
    "COL ppu": "$0.56 per 100G",
    "COL Size": "500g"
  },
  {
    "Brand_Product_Size": "Bostik Glu Dots Removable 64 pack",
    "COL Price": 4,
    "COL ppu": "$0.06 per 1Ea",
    "COL Size": "64 pack"
  },
  {
    "Brand_Product_Size": "Oasis Greek Style Coffee 200g",
    "COL Price": 4,
    "COL ppu": "$2.00 per 100G",
    "COL Size": "200g"
  },
  {
    "Brand_Product_Size": "Coles Deli Express Honey Ham 150g",
    "COL Price": 5.3,
    "COL ppu": "$35.34 per 1Ea",
    "COL Size": "150g"
  },
  {
    "Brand_Product_Size": "Mrs Mac's Frozen Microwave Giant Sausage Roll 175g",
    "COL Price": 2.5,
    "COL ppu": "$1.43 per 100G",
    "COL Size": "175g"
  },
  {
    "Brand_Product_Size": "Coles Pink Lady Apples Prepacked 1kg",
    "COL Price": 4.9,
    "COL ppu": "$4.90 per 1Kg",
    "COL Size": "1kg"
  },
  {
    "Brand_Product_Size": "Cook & Dine Skimmer each",
    "COL Price": 5,
    "COL ppu": "$5.00 per 1Ea",
    "COL Size": "each"
  },
  {
    "Brand_Product_Size": "Coles Apple Sauce 375g",
    "COL Price": 1.8,
    "COL ppu": "$0.48 per 100G",
    "COL Size": "375g"
  },
  {
    "Brand_Product_Size": "Coles Chillies Birdseye 40g",
    "COL Price": 3,
    "COL ppu": "$7.50 per 100G",
    "COL Size": "40g"
  },
  {
    "Brand_Product_Size": "Pauls Goats Milk Carton 1L",
    "COL Price": 5.3,
    "COL ppu": "$5.30 per 1L",
    "COL Size": "1L"
  },
  {
    "Brand_Product_Size": "Maggi Fusian Thai Tom Yum Noodles 5 Pack 400g",
    "COL Price": 3.95,
    "COL ppu": "$0.99 per 100G",
    "COL Size": "400g"
  },
  {
    "Brand_Product_Size": "Coles Bakery Stone Baked Pane Di Casa Rolls 4 pack",
    "COL Price": 3,
    "COL ppu": "$0.75 per 1Ea",
    "COL Size": "4 pack"
  },
  {
    "Brand_Product_Size": "Olay Detoxifying Black Charcoal Scrubs Cleanser 125mL",
    "COL Price": 19,
    "COL ppu": "$15.20 per 100mL",
    "COL Size": "125mL"
  },
  {
    "Brand_Product_Size": "Dominate Rok Waxx Extreme Hair Tamer 85g",
    "COL Price": 6,
    "COL ppu": "$7.06 per 100G",
    "COL Size": "85g"
  },
  {
    "Brand_Product_Size": "Dick Smith's Bush Foods Breakfast Cereal 500g",
    "COL Price": 5.35,
    "COL ppu": "$1.07 per 100G",
    "COL Size": "500g"
  },
  {
    "Brand_Product_Size": "Temptations Hearty Beef Flavour Cat Treats 180g",
    "COL Price": 6,
    "COL ppu": "$3.33 per 100G",
    "COL Size": "180g"
  },
  {
    "Brand_Product_Size": "Lee Kum Kee Char Siu Sauce 240g",
    "COL Price": 4.2,
    "COL ppu": "$1.75 per 100G",
    "COL Size": "240g"
  },
  {
    "Brand_Product_Size": "Greens Apple Crumble Muffin Mix 450g",
    "COL Price": 3.2,
    "COL ppu": "$0.71 per 100G",
    "COL Size": "450g"
  },
  {
    "Brand_Product_Size": "Primo Diced Ham & Cookies Bites 45g",
    "COL Price": 4,
    "COL ppu": "$8.89 per 100G",
    "COL Size": "45g"
  },
  {
    "Brand_Product_Size": "Coles Light Sour Cream 500g",
    "COL Price": 3.4,
    "COL ppu": "$0.68 per 100G",
    "COL Size": "500g"
  },
  {
    "Brand_Product_Size": "Coles Pork Crackling approx. 750g",
    "COL Price": 4.5,
    "COL ppu": "$6.00 per 1Kg",
    "COL Size": "approx. 750g"
  },
  {
    "Brand_Product_Size": "Jila Sugar Free Spearmint Mints 34g",
    "COL Price": 2,
    "COL ppu": "$5.88 per 100G",
    "COL Size": "34g"
  },
  {
    "Brand_Product_Size": "Earth Choice Aqua Toilet Cleaner 750mL",
    "COL Price": 3.2,
    "COL ppu": "$0.43 per 100mL",
    "COL Size": "750mL"
  },
  {
    "Brand_Product_Size": "Smith's Cheese Twisties 6 pack 114g",
    "COL Price": 3.14,
    "COL ppu": "$2.75 per 100G",
    "COL Size": "114g"
  },
  {
    "Brand_Product_Size": "Elite Pesek Zman Classic 45g",
    "COL Price": 2,
    "COL ppu": "$4.44 per 100G",
    "COL Size": "45g"
  },
  {
    "Brand_Product_Size": "L'Oreal Paris Age Perfect Natural Rose Blonde 8.32 Hair Colour 1 pack",
    "COL Price": 20,
    "COL ppu": "$20.00 per 1Ea",
    "COL Size": "1 pack"
  },
  {
    "Brand_Product_Size": "Ayam Premium Coconut Milk Powder 3 Pack 150g",
    "COL Price": 3.5,
    "COL ppu": "$2.33 per 100G",
    "COL Size": "150g"
  },
  {
    "Brand_Product_Size": "Edgell Lentil Bean Salad 200g",
    "COL Price": 2.8,
    "COL ppu": "$1.40 per 100G",
    "COL Size": "200g"
  },
  {
    "Brand_Product_Size": "Stone Baked Pizza Bases Twin pack 560g",
    "COL Price": 4.2,
    "COL ppu": "$0.75 per 100G",
    "COL Size": "560g"
  },
  {
    "Brand_Product_Size": "Coles English Ham Sliced 100g",
    "COL Price": 2,
    "COL ppu": "$20.00 per 1Kg",
    "COL Size": "100g"
  },
  {
    "Brand_Product_Size": "Red Rock Deli Potato Chips Honey Soy Chicken 5 Pack 140g",
    "COL Price": 4.65,
    "COL ppu": "$3.32 per 100G",
    "COL Size": "140g"
  },
  {
    "Brand_Product_Size": "Colgate Travel Pack 1 pack",
    "COL Price": 8,
    "COL ppu": "$8.00 per 1Ea",
    "COL Size": "1 pack"
  },
  {
    "Brand_Product_Size": "Monster Green Can Energy Drink 500mL",
    "COL Price": 3.6,
    "COL ppu": "$7.20 per 1L",
    "COL Size": "500mL"
  },
  {
    "Brand_Product_Size": "Coles I'M Free From Anzac Biscuits 160g",
    "COL Price": 3,
    "COL ppu": "$1.88 per 100G",
    "COL Size": "160g"
  },
  {
    "Brand_Product_Size": "Coles Deli Express Honey Ham 150g",
    "COL Price": 5.3,
    "COL ppu": "$35.34 per 1Ea",
    "COL Size": "150g"
  },
  {
    "Brand_Product_Size": "Coles Pork Bones approx. 700g",
    "COL Price": 2.8,
    "COL ppu": "$4.00 per 1Kg",
    "COL Size": "approx. 700g"
  },
  {
    "Brand_Product_Size": "Queen Pillar Box Red Food Colour 50mL",
    "COL Price": 1.1,
    "COL ppu": "$0.22 per 10mL",
    "COL Size": "50mL"
  },
  {
    "Brand_Product_Size": "Streets Magnum Luxe Ice Cream Caramel Ego 4 Pack 388mL",
    "COL Price": 5.25,
    "COL ppu": "$1.35 per 100mL",
    "COL Size": "388mL"
  },
  {
    "Brand_Product_Size": "Meat Mates Feline Lamb Dinner Cat Food 85g",
    "COL Price": 2.4,
    "COL ppu": "$2.82 per 100G",
    "COL Size": "85g"
  },
  {
    "Brand_Product_Size": "Coles Pizza Blend Shredded Cheese 250g",
    "COL Price": 4.2,
    "COL ppu": "$1.68 per 100G",
    "COL Size": "250g"
  },
  {
    "Brand_Product_Size": "Cook & Dine Stainless Steel Masher each",
    "COL Price": 6,
    "COL ppu": "$6.00 per 1Ea",
    "COL Size": "each"
  },
  {
    "Brand_Product_Size": "Golden Circle Breakfast Juice 3L",
    "COL Price": 4,
    "COL ppu": "$1.33 per 1L",
    "COL Size": "3L"
  },
  {
    "Brand_Product_Size": "Coles Dairy Free Classic Vanilla 4 pack 400mL",
    "COL Price": 6,
    "COL ppu": "$1.50 per 100mL",
    "COL Size": "400mL"
  },
  {
    "Brand_Product_Size": "Meat Servery RSPCA Approved Free Range Chicken Drumsticks approx. 3kg",
    "COL Price": 19.5,
    "COL ppu": "$6.50 per 1Kg",
    "COL Size": "approx. 3kg"
  },
  {
    "Brand_Product_Size": "Fancy Feast Seafood Classic Pate Collection Cat Food 85g 12 pack",
    "COL Price": 12,
    "COL ppu": "$1.00 per 1Ea",
    "COL Size": "12 pack"
  },
  {
    "Brand_Product_Size": "VS Sassoon Ceramic Dryer 1 pack",
    "COL Price": 26,
    "COL ppu": "$26.00 per 1Ea",
    "COL Size": "1 pack"
  },
  {
    "Brand_Product_Size": "Seyran Sunflower Seeds 400g",
    "COL Price": 5.5,
    "COL ppu": "$13.75 per 1Kg",
    "COL Size": "400g"
  },
  {
    "Brand_Product_Size": "Belvita Minis Chocolate Biscuits 6 Packs 210g",
    "COL Price": 3,
    "COL ppu": "$1.43 per 100G",
    "COL Size": "210g"
  },
  {
    "Brand_Product_Size": "Clairol Nice 'N Easy 101 Natural Baby Blonde Hair Colour 1 pack",
    "COL Price": 9,
    "COL ppu": "$9.00 per 1Ea",
    "COL Size": "1 pack"
  },
  {
    "Brand_Product_Size": "Aeroplane Lemon Delicious Jelly Crystals 85g",
    "COL Price": 1.15,
    "COL ppu": "$1.35 per 100G",
    "COL Size": "85g"
  },
  {
    "Brand_Product_Size": "Magnum Luxe Gold Caramelised Choc 4 Pack 360mL",
    "COL Price": 5.25,
    "COL ppu": "$1.46 per 100mL",
    "COL Size": "360mL"
  },
  {
    "Brand_Product_Size": "Pyrex Simply Store Rectangle Container 1.5L each",
    "COL Price": 9.8,
    "COL ppu": "$9.80 per 1Ea",
    "COL Size": "each"
  },
  {
    "Brand_Product_Size": "Gillette Fusion Proshield Razor Cartridge 8 pack",
    "COL Price": 44.5,
    "COL ppu": "$5.56 per 1Ea",
    "COL Size": "8 pack"
  },
  {
    "Brand_Product_Size": "OBAP Roasted Seasoned Seaweed 2 Pack 10g",
    "COL Price": 1.6,
    "COL ppu": "$16.00 per 100G",
    "COL Size": "10g"
  },
  {
    "Brand_Product_Size": "MasterFoods Freshly Chopped Chilli 160g",
    "COL Price": 3,
    "COL ppu": "$0.19 per 10G",
    "COL Size": "160g"
  },
  {
    "Brand_Product_Size": "Garden Fresh Polish Dill Cucumbers Pickle 850g",
    "COL Price": 4.4,
    "COL ppu": "$0.52 per 100G",
    "COL Size": "850g"
  },
  {
    "Brand_Product_Size": "Schweppes Lemonade Multipack Cans 375mL 10 pack",
    "COL Price": 7.5,
    "COL ppu": "$2.00 per 1L",
    "COL Size": "10 pack"
  },
  {
    "Brand_Product_Size": "Coles Green Zucchini approx. 150g each",
    "COL Price": 0.735,
    "COL ppu": "$4.90 per 1Kg",
    "COL Size": "approx. 150g each"
  },
  {
    "Brand_Product_Size": "Bega Smooth Peanut Butter 325g",
    "COL Price": 4,
    "COL ppu": "$1.23 per 100G",
    "COL Size": "325g"
  },
  {
    "Brand_Product_Size": "Well Naturally No Added Sugar Creamy Milk Chocolate 45g",
    "COL Price": 2.85,
    "COL ppu": "$6.33 per 100G",
    "COL Size": "45g"
  },
  {
    "Brand_Product_Size": "Mortein Power Gard Automatic Insect Control Prime & Refill 1 pack",
    "COL Price": 32,
    "COL ppu": "$32.00 per 1Ea",
    "COL Size": "1 pack"
  },
  {
    "Brand_Product_Size": "Nutino Hazelnut Spread 220g",
    "COL Price": 2.5,
    "COL ppu": "$1.14 per 100G",
    "COL Size": "220g"
  },
  {
    "Brand_Product_Size": "Lipton Black Tea Bags 25 pack",
    "COL Price": 1.75,
    "COL ppu": "$0.07 per 1Ea",
    "COL Size": "25 pack"
  },
  {
    "Brand_Product_Size": "Coles Finest Pure Canadian Maple Syrup 250mL",
    "COL Price": 6,
    "COL ppu": "$2.40 per 100mL",
    "COL Size": "250mL"
  },
  {
    "Brand_Product_Size": "VS Sassoon Mini Pro Straightener 1 pack",
    "COL Price": 15.5,
    "COL ppu": "$15.50 per 1Ea",
    "COL Size": "1 pack"
  },
  {
    "Brand_Product_Size": "Coles Mint Punnet 15g",
    "COL Price": 3,
    "COL ppu": "$2.00 per 10G",
    "COL Size": "15g"
  },
  {
    "Brand_Product_Size": "Rafferty's Garden Chickpea Corn & Carrot 8+ Months 120g",
    "COL Price": 1.9,
    "COL ppu": "$1.58 per 100G",
    "COL Size": "120g"
  },
  {
    "Brand_Product_Size": "MTR Dal Fry Mild 300g",
    "COL Price": 2.75,
    "COL ppu": "$0.92 per 100G",
    "COL Size": "300g"
  },
  {
    "Brand_Product_Size": "Crayola Doodle Magic Travel Pack each",
    "COL Price": 15,
    "COL ppu": "$15.00 per 1ea",
    "COL Size": "each"
  },
  {
    "Brand_Product_Size": "Auricchio Grana Padano Grated Cheese approx. 100g",
    "COL Price": 4.2,
    "COL ppu": "$42.00 per 1Kg",
    "COL Size": "approx. 100g"
  },
  {
    "Brand_Product_Size": "Alpro Almond & Strawberry Yoghurt 150g",
    "COL Price": 3,
    "COL ppu": "$2.00 per 100G",
    "COL Size": "150g"
  },
  {
    "Brand_Product_Size": "Peters Original Party Cake Ice Cream 1.5L",
    "COL Price": 13,
    "COL ppu": "$0.87 per 100mL",
    "COL Size": "1.5L"
  },
  {
    "Brand_Product_Size": "Natural Chip Co. Corn Chips Chilli & Lime 225g",
    "COL Price": 4.5,
    "COL ppu": "$2.00 per 100G",
    "COL Size": "225g"
  },
  {
    "Brand_Product_Size": "Coles Bakery Brioche Slider Bun 8 Pack 190g",
    "COL Price": 2.7,
    "COL ppu": "$1.42 per 100G",
    "COL Size": "190g"
  },
  {
    "Brand_Product_Size": "Sunny Queen Organic Eggs 12 pack 700g",
    "COL Price": 11,
    "COL ppu": "$1.57 per 100G",
    "COL Size": "700g"
  },
  {
    "Brand_Product_Size": "King Island Dairy Cape Wickham Double Brie approx. 100g",
    "COL Price": 5,
    "COL ppu": "$50.00 per 1Kg",
    "COL Size": "approx. 100g"
  },
  {
    "Brand_Product_Size": "Frantelle Passionfruit Sparkling Water 375mL",
    "COL Price": 8,
    "COL ppu": "",
    "COL Size": ""
  },
  {
    "Brand_Product_Size": "Uncle Tobys Original Oats Quick Sachets 10 pack 340g",
    "COL Price": 4.8,
    "COL ppu": "$1.41 per 100G",
    "COL Size": "340g"
  },
  {
    "Brand_Product_Size": "Herbal Essences Hello Hydration Shampoo 300mL",
    "COL Price": 6.5,
    "COL ppu": "$2.17 per 100mL",
    "COL Size": "300mL"
  },
  {
    "Brand_Product_Size": "Three Threes Sweet Mustard Pickles 520g",
    "COL Price": 3,
    "COL ppu": "$0.58 per 100G",
    "COL Size": "520g"
  },
  {
    "Brand_Product_Size": "Crave Real Salmon Pate Cat Food 75g",
    "COL Price": 2.2,
    "COL ppu": "$2.93 per 100G",
    "COL Size": "75g"
  },
  {
    "Brand_Product_Size": "Cornwell's White Vinegar 750mL",
    "COL Price": 2.4,
    "COL ppu": "$0.32 per 100mL",
    "COL Size": "750mL"
  },
  {
    "Brand_Product_Size": "Fairy Ultra Dishwashing Concentrate Anti Bacterial 475mL",
    "COL Price": 5,
    "COL ppu": "$1.05 per 100mL",
    "COL Size": "475mL"
  },
  {
    "Brand_Product_Size": "Restaurant Collection Grilled Miso Eggplant 377g",
    "COL Price": 12,
    "COL ppu": "$3.18 per 100G",
    "COL Size": "377g"
  },
  {
    "Brand_Product_Size": "Covergirl Clean Fresh Concealer Fair/Light 7mL",
    "COL Price": 16,
    "COL ppu": "$22.86 per 10mL",
    "COL Size": "7mL"
  },
  {
    "Brand_Product_Size": "My Life Bio Cheese Haloumi 200g",
    "COL Price": 6.4,
    "COL ppu": "$32.00 per 1Kg",
    "COL Size": "200g"
  },
  {
    "Brand_Product_Size": "Cool Pak Butter Flavoured Popcorn 6 Pack 66g",
    "COL Price": 3.14,
    "COL ppu": "$4.76 per 100G",
    "COL Size": "66g"
  },
  {
    "Brand_Product_Size": "Coles Kitchen Mash Potato 350g",
    "COL Price": 6,
    "COL ppu": "$1.71 per 100G",
    "COL Size": "350g"
  },
  {
    "Brand_Product_Size": "KanTong Honey Sesame & Garlic Cooking Sauce 520g",
    "COL Price": 3.3,
    "COL ppu": "$0.63 per 100G",
    "COL Size": "520g"
  },
  {
    "Brand_Product_Size": "Passage Foods Passage To India Rogan Josh Simmer Sauce Pouch 375g",
    "COL Price": 2.35,
    "COL ppu": "$0.63 per 100G",
    "COL Size": "375g"
  },
  {
    "Brand_Product_Size": "McCain Emotibites 750g",
    "COL Price": 4,
    "COL ppu": "$5.33 per 1Kg",
    "COL Size": "750g"
  },
  {
    "Brand_Product_Size": "Herbal Essences Bio Renew Morocco Argan Oil Shampoo 400mL",
    "COL Price": 12,
    "COL ppu": "$3.00 per 100mL",
    "COL Size": "400mL"
  },
  {
    "Brand_Product_Size": "Zafarelli Spaghettini No 3 500g",
    "COL Price": 1.6,
    "COL ppu": "$0.32 per 100G",
    "COL Size": "500g"
  },
  {
    "Brand_Product_Size": "Twinings Vanilla Matcha Latte 200g",
    "COL Price": 9.65,
    "COL ppu": "$4.83 per 100G",
    "COL Size": "200g"
  },
  {
    "Brand_Product_Size": "John West Tempters Oven Dried Tomato & Basil Tuna 95g",
    "COL Price": 2.3,
    "COL ppu": "$24.21 per 1Kg",
    "COL Size": "95g"
  },
  {
    "Brand_Product_Size": "Ceres Guava Delight Fruit Juice 1L",
    "COL Price": 2.8,
    "COL ppu": "$2.80 per 1L",
    "COL Size": "1L"
  },
  {
    "Brand_Product_Size": "Wag Single Ingredient Beef Jerky Dog Treat 100g",
    "COL Price": 7.5,
    "COL ppu": "$7.50 per 100G",
    "COL Size": "100g"
  },
  {
    "Brand_Product_Size": "Nature's Way Activated Curcumin Tablets 30 pack",
    "COL Price": 27,
    "COL ppu": "$0.90 per 1Ea",
    "COL Size": "30 pack"
  },
  {
    "Brand_Product_Size": "Veet Spawax Starter Kit 150g",
    "COL Price": 35,
    "COL ppu": "$23.33 per 100G",
    "COL Size": "150g"
  },
  {
    "Brand_Product_Size": "Coles Radicchio Lettuce each",
    "COL Price": 3.9,
    "COL ppu": "$3.90 per 1Ea",
    "COL Size": "each"
  },
  {
    "Brand_Product_Size": "Coles Queensland Macadamia Honey 400g",
    "COL Price": 7.5,
    "COL ppu": "$1.88 per 100G",
    "COL Size": "400g"
  },
  {
    "Brand_Product_Size": "Pop Tops Apple Blackcurrant Fruit Drink Multipack 250mL 6 pack",
    "COL Price": 4.9,
    "COL ppu": "$0.82 per 1Ea",
    "COL Size": "6 pack"
  },
  {
    "Brand_Product_Size": "Life-Space Baby Probiotic Powder 6 Months -3 Years 40g",
    "COL Price": 27,
    "COL ppu": "$67.50 per 100G",
    "COL Size": "40g"
  },
  {
    "Brand_Product_Size": "Cook & Dine Tongs 30cm each",
    "COL Price": 5,
    "COL ppu": "$5.00 per 1Ea",
    "COL Size": "each"
  },
  {
    "Brand_Product_Size": "Coles Extra Lean Pork Mince 500g",
    "COL Price": 8,
    "COL ppu": "$1.60 per 100Kg",
    "COL Size": "500g"
  },
  {
    "Brand_Product_Size": "Cetaphil UVA/UVB Defence SPF 50+ Moisturiser 50mL",
    "COL Price": 23,
    "COL ppu": "$46.00 per 100mL",
    "COL Size": "50mL"
  },
  {
    "Brand_Product_Size": "Dare Double Espresso Robusta & Arabica Iced Coffee 750mL",
    "COL Price": 4.1,
    "COL ppu": "$5.47 per 1L",
    "COL Size": "750mL"
  },
  {
    "Brand_Product_Size": "The Spice Tailor Delicate Korma Curry 300g",
    "COL Price": 5.5,
    "COL ppu": "$1.83 per 100G",
    "COL Size": "300g"
  },
  {
    "Brand_Product_Size": "Bic Intensity Felt Tip Markers 1.0Mm 8 pack",
    "COL Price": 7.2,
    "COL ppu": "$0.90 per 1Ea",
    "COL Size": "8 pack"
  },
  {
    "Brand_Product_Size": "Coles Macadamia Oil 250mL",
    "COL Price": 5,
    "COL ppu": "$2.00 per 100mL",
    "COL Size": "250mL"
  },
  {
    "Brand_Product_Size": "Moccona Classic Medium Roast Instant Coffee 200g",
    "COL Price": 13,
    "COL ppu": "$6.50 per 100G",
    "COL Size": "200g"
  },
  {
    "Brand_Product_Size": "Glad Wavetop Tie Small Kitchen Bags 50 pack",
    "COL Price": 3,
    "COL ppu": "$0.06 per 1Ea",
    "COL Size": "50 pack"
  },
  {
    "Brand_Product_Size": "Coles Primo HGP Free Silverside approx. 130g",
    "COL Price": 2.34,
    "COL ppu": "$18.00 per 1Kg",
    "COL Size": "approx. 130g"
  },
  {
    "Brand_Product_Size": "Coles Thawed Seafood Chilli Prawn Skewers 5 pack",
    "COL Price": 7.5,
    "COL ppu": "$1.50 per 1Ea",
    "COL Size": "5 pack"
  },
  {
    "Brand_Product_Size": "Coles Pears in Blackcurrant Flavoured Jelly 500g",
    "COL Price": 2.2,
    "COL ppu": "$4.40 per 1Kg",
    "COL Size": "500g"
  },
  {
    "Brand_Product_Size": "Lindt Le Assorted Cornet 333g",
    "COL Price": 20,
    "COL ppu": "$6.01 per 100G",
    "COL Size": "333g"
  },
  {
    "Brand_Product_Size": "Sabco Slide To Wring Refill each",
    "COL Price": 6,
    "COL ppu": "$6.00 per 1Ea",
    "COL Size": "each"
  },
  {
    "Brand_Product_Size": "Huggies Ultra Dry Nappy For Girls 10-15 Kg Size 4 72 pack",
    "COL Price": 30,
    "COL ppu": "$0.42 per 1Ea",
    "COL Size": "72 pack"
  },
  {
    "Brand_Product_Size": "Our Mate Yeast Extract Delicious Savoury Spread 125g",
    "COL Price": 4,
    "COL ppu": "$3.20 per 100G",
    "COL Size": "125g"
  },
  {
    "Brand_Product_Size": "Berocca Energy Vitamin Orange 45 Effervescent Tablets 1 pack",
    "COL Price": 22.8,
    "COL ppu": "$22.80 per 1Ea",
    "COL Size": "1 pack"
  },
  {
    "Brand_Product_Size": "Aveeno Baby Daily Moisturising Lotion 227mL",
    "COL Price": 10,
    "COL ppu": "$4.41 per 100mL",
    "COL Size": "227mL"
  },
  {
    "Brand_Product_Size": "Greens Learn To Bake Troll's Cupcake Mix 280g",
    "COL Price": 3.2,
    "COL ppu": "$1.14 per 100G",
    "COL Size": "280g"
  },
  {
    "Brand_Product_Size": "Schwarzkopf Brilliance Dark Amethyst 03 Permanent Hair Colour 1 pack",
    "COL Price": 14.4,
    "COL ppu": "$14.40 per 1Ea",
    "COL Size": "1 pack"
  },
  {
    "Brand_Product_Size": "Splenda Sweetener Tablets 500 pack",
    "COL Price": 10.3,
    "COL ppu": "$0.02 per 1Ea",
    "COL Size": "500 pack"
  },
  {
    "Brand_Product_Size": "Nature's Gift Sustain Just Natural Beef Dry Dog Food 2.5kg",
    "COL Price": 9.5,
    "COL ppu": "$0.38 per 100G",
    "COL Size": "2.5kg"
  },
  {
    "Brand_Product_Size": "Band-Aid Tough Regular Adhesive Dressing Strips 40 pack",
    "COL Price": 4.3,
    "COL ppu": "$0.11 per 1Ea",
    "COL Size": "40 pack"
  },
  {
    "Brand_Product_Size": "Coles A5 Mixed Planner each",
    "COL Price": 6,
    "COL ppu": "$6.00 per 1Ea",
    "COL Size": "each"
  },
  {
    "Brand_Product_Size": "Capilano Creamed Honey 500g",
    "COL Price": 8.8,
    "COL ppu": "$1.76 per 100G",
    "COL Size": "500g"
  },
  {
    "Brand_Product_Size": "Coles Dairy Olive Oil Spread 500g",
    "COL Price": 2,
    "COL ppu": "$0.40 per 100G",
    "COL Size": "500g"
  },
  {
    "Brand_Product_Size": "Fancy Plants Chocolate Chia Pod 150g",
    "COL Price": 2.5,
    "COL ppu": "$1.67 per 100G",
    "COL Size": "150g"
  },
  {
    "Brand_Product_Size": "Coles Kitchen Special Fried Rice 350g",
    "COL Price": 6.5,
    "COL ppu": "$1.86 per 100G",
    "COL Size": "350g"
  },
  {
    "Brand_Product_Size": "Coles Kitchen Chicken & Mushroom Pie 700g",
    "COL Price": 13.5,
    "COL ppu": "$1.93 per 100G",
    "COL Size": "700g"
  },
  {
    "Brand_Product_Size": "Green & Blacks Organic Milk Chocolate 90g",
    "COL Price": 3,
    "COL ppu": "$3.33 per 100G",
    "COL Size": "90g"
  },
  {
    "Brand_Product_Size": "McCain Frozen Ham & Pineapple Pizza Singles 400g",
    "COL Price": 7,
    "COL ppu": "$1.75 per 100G",
    "COL Size": "400g"
  },
  {
    "Brand_Product_Size": "Original Source Tingly Mint & Tea Tree Shower Gel 250mL",
    "COL Price": 4,
    "COL ppu": "$1.60 per 100mL",
    "COL Size": "250mL"
  },
  {
    "Brand_Product_Size": "Schwarzkopf Live Salon Very Light Pearl Blonde 1 pack",
    "COL Price": 7,
    "COL ppu": "$7.00 per 1Ea",
    "COL Size": "1 pack"
  },
  {
    "Brand_Product_Size": "Lilydale Frozen Free Range Lemon & Pepper Baked Chicken Tenders 350g",
    "COL Price": 9.5,
    "COL ppu": "$27.14 per 1Kg",
    "COL Size": "350g"
  },
  {
    "Brand_Product_Size": "Lindt Excellence 85% Cocoa Dark Chocolate Block 100g",
    "COL Price": 4.5,
    "COL ppu": "$4.50 per 100G",
    "COL Size": "100g"
  },
  {
    "Brand_Product_Size": "Cottee's Pine Lime Cordial 1L",
    "COL Price": 4.2,
    "COL ppu": "$4.20 per 1L",
    "COL Size": "1L"
  },
  {
    "Brand_Product_Size": "Coles Frozen Baby Peas 500g",
    "COL Price": 1.7,
    "COL ppu": "$3.40 per 1Kg",
    "COL Size": "500g"
  },
  {
    "Brand_Product_Size": "Mr Fishi Hot Smoked Mackerel 350g",
    "COL Price": 15,
    "COL ppu": "$42.86 per 1Kg",
    "COL Size": "350g"
  },
  {
    "Brand_Product_Size": "Primo Gourmet Spicy Relish Beef Sausage 450g",
    "COL Price": 7.5,
    "COL ppu": "$1.67 per 100G",
    "COL Size": "450g"
  },
  {
    "Brand_Product_Size": "Goulburn Valley Fruit Salad In Juice 700g",
    "COL Price": 3.7,
    "COL ppu": "$5.29 per 1Kg",
    "COL Size": "700g"
  },
  {
    "Brand_Product_Size": "Cottee's Fruit Cup Cordial No Added Sugar 1L",
    "COL Price": 4.2,
    "COL ppu": "$4.20 per 1L",
    "COL Size": "1L"
  },
  {
    "Brand_Product_Size": "The Detangler Purple Leopard 1 pack",
    "COL Price": 10,
    "COL ppu": "$10.00 per 1Ea",
    "COL Size": "1 pack"
  },
  {
    "Brand_Product_Size": "Red Tractor Organic Instant Oats 1kg",
    "COL Price": 6.5,
    "COL ppu": "$0.65 per 100G",
    "COL Size": "1kg"
  },
  {
    "Brand_Product_Size": "Cascade Soda Water & Lime Multipack Mini Cans 200mL 4 pack",
    "COL Price": 4.4,
    "COL ppu": "$5.50 per 1L",
    "COL Size": "4 pack"
  },
  {
    "Brand_Product_Size": "Winners Berry Gel 4 pack",
    "COL Price": 6.8,
    "COL ppu": "$4.25 per 100G",
    "COL Size": "4 pack"
  },
  {
    "Brand_Product_Size": "Blue Diamond Almond Breeze Vanilla Flavoured Unsweetened Almond Milk 1L",
    "COL Price": 2.7,
    "COL ppu": "$2.70 per 1L",
    "COL Size": "1L"
  },
  {
    "Brand_Product_Size": "Mars Maltesers Bucket 465g",
    "COL Price": 12,
    "COL ppu": "$2.58 per 100G",
    "COL Size": "465g"
  },
  {
    "Brand_Product_Size": "Leabrook Farms Garlic Infused Capsicum 275g",
    "COL Price": 4.8,
    "COL ppu": "$17.45 per 1Kg",
    "COL Size": "275g"
  },
  {
    "Brand_Product_Size": "Duck Deep Action Toilet Gel Citrus 750mL",
    "COL Price": 2.5,
    "COL ppu": "$0.33 per 100mL",
    "COL Size": "750mL"
  },
  {
    "Brand_Product_Size": "Doritos Original Corn Chips 170g",
    "COL Price": 1.75,
    "COL ppu": "$1.03 per 100G",
    "COL Size": "170g"
  },
  {
    "Brand_Product_Size": "Coles Bi Carbonate Soda 500g",
    "COL Price": 1.8,
    "COL ppu": "$0.36 per 100G",
    "COL Size": "500g"
  },
  {
    "Brand_Product_Size": "Vegeta Gluten Free Real Beef Stock Powder Canned 180g",
    "COL Price": 2.5,
    "COL ppu": "$1.39 per 100G",
    "COL Size": "180g"
  },
  {
    "Brand_Product_Size": "Gravox Brown Onion Gravy Mix 120g",
    "COL Price": 3.5,
    "COL ppu": "$0.29 per 10G",
    "COL Size": "120g"
  },
  {
    "Brand_Product_Size": "Beerenberg Australian Raspberry Jam 300g",
    "COL Price": 5,
    "COL ppu": "$1.67 per 100G",
    "COL Size": "300g"
  },
  {
    "Brand_Product_Size": "Heinz Seriously Good Creamy Tartare 295mL",
    "COL Price": 4,
    "COL ppu": "$1.36 per 100mL",
    "COL Size": "295mL"
  },
  {
    "Brand_Product_Size": "Mccain Potato Bites 1.2kg",
    "COL Price": 5.2,
    "COL ppu": "$4.33 per 1Kg",
    "COL Size": "1.2kg"
  },
  {
    "Brand_Product_Size": "Australian Botanical Soap Coconut With Lime Oil 200g",
    "COL Price": 4,
    "COL ppu": "$2.00 per 100G",
    "COL Size": "200g"
  },
  {
    "Brand_Product_Size": "Arizona Peach Flavour Ice Tea Bottle 500mL",
    "COL Price": 2,
    "COL ppu": "$4.00 per 1L",
    "COL Size": "500mL"
  },
  {
    "Brand_Product_Size": "Arnott's Marie Biscuits 250g",
    "COL Price": 2.3,
    "COL ppu": "$0.92 per 100G",
    "COL Size": "250g"
  },
  {
    "Brand_Product_Size": "Two Good Vanilla Yoghurt 700g",
    "COL Price": 7,
    "COL ppu": "$1.00 per 100G",
    "COL Size": "700g"
  },
  {
    "Brand_Product_Size": "Cook & Dine Porcelain Cereal Bowl each",
    "COL Price": 2.5,
    "COL ppu": "$2.50 per 1Ea",
    "COL Size": "each"
  },
  {
    "Brand_Product_Size": "Coles Tortoiseshell Side Combs Medium 4 pack",
    "COL Price": 2.25,
    "COL ppu": "$0.56 per 1Ea",
    "COL Size": "4 pack"
  },
  {
    "Brand_Product_Size": "Patak's Butter Chicken Curry Paste 312g",
    "COL Price": 5.5,
    "COL ppu": "$1.76 per 100G",
    "COL Size": "312g"
  },
  {
    "Brand_Product_Size": "Allen's Chew Mix 415g",
    "COL Price": 5,
    "COL ppu": "$1.20 per 100G",
    "COL Size": "415g"
  },
  {
    "Brand_Product_Size": "Coles Self Standing Garbage Bags With Draw Tape 3 pack",
    "COL Price": 2.55,
    "COL ppu": "$0.85 per 1Ea",
    "COL Size": "3 pack"
  },
  {
    "Brand_Product_Size": "Palmolive Naturals Black Orchid Shower Gel 500mL",
    "COL Price": 3.78,
    "COL ppu": "$0.76 per 100mL",
    "COL Size": "500mL"
  },
  {
    "Brand_Product_Size": "Spam Lite Canned Ham 200g",
    "COL Price": 3.6,
    "COL ppu": "$18.00 per 1Kg",
    "COL Size": "200g"
  },
  {
    "Brand_Product_Size": "The Spice Tailor Thai Red Curry 275g",
    "COL Price": 4.5,
    "COL ppu": "$1.64 per 100G",
    "COL Size": "275g"
  },
  {
    "Brand_Product_Size": "Kleenex Everyday Hypo-Allergenic Facial Tissues 85 pack",
    "COL Price": 2.3,
    "COL ppu": "$2.71 per 100Ea",
    "COL Size": "85 pack"
  },
  {
    "Brand_Product_Size": "Tandaco Prepared Suet Mix 250g",
    "COL Price": 5.3,
    "COL ppu": "$2.12 per 100G",
    "COL Size": "250g"
  },
  {
    "Brand_Product_Size": "Aunt Betty's Gooey Caramel Steamy Puds 2 Pack 190g",
    "COL Price": 4,
    "COL ppu": "$2.11 per 100G",
    "COL Size": "190g"
  },
  {
    "Brand_Product_Size": "Coles Super Alkaline 9V Battery 2 pack",
    "COL Price": 4,
    "COL ppu": "$2.00 per 1Ea",
    "COL Size": "2 pack"
  },
  {
    "Brand_Product_Size": "Starbucks Caramel Latte Premium Instant Mixes 5 pack",
    "COL Price": 2.95,
    "COL ppu": "$0.59 per 1Ea",
    "COL Size": "5 pack"
  },
  {
    "Brand_Product_Size": "Garnier BB Cream Medium For Normal Skin 50mL",
    "COL Price": 7.85,
    "COL ppu": "$15.70 per 100mL",
    "COL Size": "50mL"
  },
  {
    "Brand_Product_Size": "Coles Bakery Wholemeal Sandwich Loaf 680g",
    "COL Price": 2,
    "COL ppu": "$0.29 per 100G",
    "COL Size": "680g"
  },
  {
    "Brand_Product_Size": "Oak Plus NSA Chocolate Flavoured Milk 500mL",
    "COL Price": 3.45,
    "COL ppu": "$6.90 per 1L",
    "COL Size": "500mL"
  },
  {
    "Brand_Product_Size": "The Culture Co. Kefir Strawberry Yoghurt 150g",
    "COL Price": 1.15,
    "COL ppu": "$0.77 per 100G",
    "COL Size": "150g"
  },
  {
    "Brand_Product_Size": "Schick Sense Hydro 5 Sensitive Kit 1 pack",
    "COL Price": 8,
    "COL ppu": "$8.00 per 1Ea",
    "COL Size": "1 pack"
  },
  {
    "Brand_Product_Size": "Abbott's Village Bakery Harvest Seeds & Grains Bread 750g",
    "COL Price": 3.8,
    "COL ppu": "$0.51 per 100G",
    "COL Size": "750g"
  },
  {
    "Brand_Product_Size": "Coles Xanthan Gum 100g",
    "COL Price": 5,
    "COL ppu": "$5.00 per 100G",
    "COL Size": "100g"
  },
  {
    "Brand_Product_Size": "Huggies Ultra-Dry Nappy Pants For Boys 9-14 Kg Size 4 58 pack",
    "COL Price": 25,
    "COL ppu": "$0.43 per 1Ea",
    "COL Size": "58 pack"
  },
  {
    "Brand_Product_Size": "Ferrero Rocher 30 Pack Boxed Chocolate Gift 375g 375g",
    "COL Price": 20,
    "COL ppu": "$5.33 per 100G",
    "COL Size": "375g"
  },
  {
    "Brand_Product_Size": "Garnier Micellar Cleansing Water 125mL",
    "COL Price": 3.47,
    "COL ppu": "$2.78 per 100mL",
    "COL Size": "125mL"
  },
  {
    "Brand_Product_Size": "Home Proud Peg Basket each",
    "COL Price": 3,
    "COL ppu": "$3.00 per 1Ea",
    "COL Size": "each"
  },
  {
    "Brand_Product_Size": "Coles Wrapped Cheese Brie 125g",
    "COL Price": 3,
    "COL ppu": "$24.00 per 1Kg",
    "COL Size": "125g"
  },
  {
    "Brand_Product_Size": "Coles Paper Stem Cotton Wool Tips 20 pack",
    "COL Price": 1,
    "COL ppu": "$0.05 per 1Ea",
    "COL Size": "20 pack"
  },
  {
    "Brand_Product_Size": "Latina Fresh Beef Bolognese 425g",
    "COL Price": 6,
    "COL ppu": "$1.41 per 100G",
    "COL Size": "425g"
  },
  {
    "Brand_Product_Size": "Gaia 240 Bamboo Baby Wipes 3x80 pack 3 pack",
    "COL Price": 14.7,
    "COL ppu": "$6.13 per 100Ea",
    "COL Size": "3 pack"
  },
  {
    "Brand_Product_Size": "Rafferty's Garden Chicken Basil & Tomato Pasta Baby Food 10+ Months 170g",
    "COL Price": 2.45,
    "COL ppu": "$1.44 per 100G",
    "COL Size": "170g"
  },
  {
    "Brand_Product_Size": "Leggo's Tomato Paste 500g",
    "COL Price": 4,
    "COL ppu": "$0.80 per 100G",
    "COL Size": "500g"
  },
  {
    "Brand_Product_Size": "Moccona Classic Medium Roast Instant Coffee 400g",
    "COL Price": 16,
    "COL ppu": "$4.00 per 100G",
    "COL Size": "400g"
  },
  {
    "Brand_Product_Size": "Dettol Antibacterial Disinfectant Surface Cleaning 45 Wipes 1 pack",
    "COL Price": 4,
    "COL ppu": "$8.89 per 100Ea",
    "COL Size": "1 pack"
  },
  {
    "Brand_Product_Size": "Pattu Fennel Seeds 200g",
    "COL Price": 2.2,
    "COL ppu": "$1.10 per 100G",
    "COL Size": "200g"
  },
  {
    "Brand_Product_Size": "Cool Pak Butter Flavoured Popcorn 6 Pack 66g",
    "COL Price": 3.14,
    "COL ppu": "$4.76 per 100G",
    "COL Size": "66g"
  },
  {
    "Brand_Product_Size": "MasterFoods Savoury Mince Recipe Base 175g",
    "COL Price": 2.2,
    "COL ppu": "$1.26 per 100G",
    "COL Size": "175g"
  },
  {
    "Brand_Product_Size": "Queen Victoria Green Tea 100 pack",
    "COL Price": 10,
    "COL ppu": "$0.10 per 1Ea",
    "COL Size": "100 pack"
  },
  {
    "Brand_Product_Size": "Bref Purple Active Lavender Toilet Cleaner 3 pack",
    "COL Price": 6.5,
    "COL ppu": "$4.33 per 100G",
    "COL Size": "3 pack"
  },
  {
    "Brand_Product_Size": "Baileys Chocolate Truffles 320g",
    "COL Price": 20,
    "COL ppu": "$6.25 per 100G",
    "COL Size": "320g"
  },
  {
    "Brand_Product_Size": "Coles Graze Lamb Mince 500g",
    "COL Price": 9,
    "COL ppu": "$18.00 per 1Kg",
    "COL Size": "500g"
  },
  {
    "Brand_Product_Size": "Hellmann's Real Mayonnaise 400g",
    "COL Price": 6.2,
    "COL ppu": "$1.55 per 100G",
    "COL Size": "400g"
  },
  {
    "Brand_Product_Size": "Coles Triple Blade Womens Disposable Razor 4 pack",
    "COL Price": 2.65,
    "COL ppu": "$0.66 per 1Ea",
    "COL Size": "4 pack"
  },
  {
    "Brand_Product_Size": "Dettol Healthy Touch Liquid Antibacterial Instant Hand Sanitiser 50mL",
    "COL Price": 3.5,
    "COL ppu": "$0.70 per 10mL",
    "COL Size": "50mL"
  },
  {
    "Brand_Product_Size": "Yaru Still Spring Water 500mL",
    "COL Price": 1.65,
    "COL ppu": "$3.30 per 1L",
    "COL Size": "500mL"
  },
  {
    "Brand_Product_Size": "Whistler Tropical Fruit Lorikeet Bar 100g",
    "COL Price": 3.5,
    "COL ppu": "$3.50 per 100G",
    "COL Size": "100g"
  },
  {
    "Brand_Product_Size": "Bottlegreen Elderflower Cordial 500mL",
    "COL Price": 7,
    "COL ppu": "$14.00 per 1L",
    "COL Size": "500mL"
  },
  {
    "Brand_Product_Size": "Deka Mini Wafer Bites Taro Ube 200g",
    "COL Price": 4.3,
    "COL ppu": "$2.15 per 100G",
    "COL Size": "200g"
  },
  {
    "Brand_Product_Size": "Coles Thick Ponytailers Snagless Black 28 pack",
    "COL Price": 6.8,
    "COL ppu": "$0.24 per 1Ea",
    "COL Size": "28 pack"
  },
  {
    "Brand_Product_Size": "Gaia 80 Bamboo Baby Wipes 1 pack",
    "COL Price": 5.95,
    "COL ppu": "$5.95 per 1Ea",
    "COL Size": "1 pack"
  },
  {
    "Brand_Product_Size": "Coles Chipotle Hommus 500g",
    "COL Price": 5,
    "COL ppu": "$1.00 per 100G",
    "COL Size": "500g"
  },
  {
    "Brand_Product_Size": "Queen Victoria English Breakfast Tea 100 pack",
    "COL Price": 10,
    "COL ppu": "$0.10 per 1Ea",
    "COL Size": "100 pack"
  },
  {
    "Brand_Product_Size": "Lavazza Medium Roast Smooth And Aromatic Coffee Beans 1kg",
    "COL Price": 30,
    "COL ppu": "$3.00 per 100G",
    "COL Size": "1kg"
  },
  {
    "Brand_Product_Size": "Fitness Outcomes Sriracha Chicken With Basmati Rice & Broccoli 350g",
    "COL Price": 9.95,
    "COL ppu": "$2.84 per 100G",
    "COL Size": "350g"
  },
  {
    "Brand_Product_Size": "The Good Harvest Self Raising Flour 1kg",
    "COL Price": 2.5,
    "COL ppu": "$2.50 per 1Kg",
    "COL Size": "1kg"
  },
  {
    "Brand_Product_Size": "Coles Lemon & Herb Crumbed Atlantic Salmon 4 pack 500g",
    "COL Price": 15,
    "COL ppu": "$30.00 per 1Kg",
    "COL Size": "500g"
  },
  {
    "Brand_Product_Size": "Bega Dairylea Cheddar Cheese Block 500g",
    "COL Price": 6.6,
    "COL ppu": "$13.20 per 1Kg",
    "COL Size": "500g"
  },
  {
    "Brand_Product_Size": "Skyn Close Feel Condoms 10 pack",
    "COL Price": 10,
    "COL ppu": "$1.00 per 1Ea",
    "COL Size": "10 pack"
  },
  {
    "Brand_Product_Size": "Tommee Tippee Sangenic Twist & Click Refill 1 pack",
    "COL Price": 14,
    "COL ppu": "$14.00 per 1Ea",
    "COL Size": "1 pack"
  },
  {
    "Brand_Product_Size": "Earth Choice Wild Orchid & Magnolia Ultra Fabric Softener 1L",
    "COL Price": 6,
    "COL ppu": "$6.00 per 1L",
    "COL Size": "1L"
  },
  {
    "Brand_Product_Size": "Coles Colby Cheese Slices 12 Pack 250g",
    "COL Price": 4.4,
    "COL ppu": "$17.60 per 1Kg",
    "COL Size": "250g"
  },
  {
    "Brand_Product_Size": "Remedy Kombucha Raspberry Lemonade Drink 330mL",
    "COL Price": 3,
    "COL ppu": "$9.09 per 1L",
    "COL Size": "330mL"
  },
  {
    "Brand_Product_Size": "Fairy Ultra Dishwashing Concentrate Liquid Lemon 495mL",
    "COL Price": 5,
    "COL ppu": "$1.01 per 100mL",
    "COL Size": "495mL"
  },
  {
    "Brand_Product_Size": "St Dalfour Orange Marmalade 284g",
    "COL Price": 3,
    "COL ppu": "$1.06 per 100G",
    "COL Size": "284g"
  },
  {
    "Brand_Product_Size": "Coles Rosemary Punnet 10g",
    "COL Price": 3,
    "COL ppu": "$3.00 per 10G",
    "COL Size": "10g"
  },
  {
    "Brand_Product_Size": "Audeeo Metallic Wireless Headphones Indulgent Assorted Colours 1 pack",
    "COL Price": 50,
    "COL ppu": "$50.00 per 1Ea",
    "COL Size": "1 pack"
  },
  {
    "Brand_Product_Size": "Coles Simply Dog Heat Transfer Large Collar 1 pack",
    "COL Price": 12,
    "COL ppu": "$12.00 per 1Ea",
    "COL Size": "1 pack"
  },
  {
    "Brand_Product_Size": "Coles Bakery Hot Dog Rolls 6 pack",
    "COL Price": 2,
    "COL ppu": "$0.33 per 1Ea",
    "COL Size": "6 pack"
  },
  {
    "Brand_Product_Size": "Wrigley's Air Waves Sugar Free Menthol & Eucalyptus Chewing Gum 4 x 10 Piece Pack 56g",
    "COL Price": 2.8,
    "COL ppu": "$5.00 per 100G",
    "COL Size": "56g"
  },
  {
    "Brand_Product_Size": "BSC Cookies & Cream High Protein Balls 70g",
    "COL Price": 4.5,
    "COL ppu": "$6.43 per 100G",
    "COL Size": "70g"
  },
  {
    "Brand_Product_Size": "Sunrice Thin Original Gluten Free Rice Cakes 150g",
    "COL Price": 2,
    "COL ppu": "$1.33 per 100G",
    "COL Size": "150g"
  },
  {
    "Brand_Product_Size": "Cook & Dine Food Containers 1L 4 pack",
    "COL Price": 2,
    "COL ppu": "$0.50 per 1Ea",
    "COL Size": "4 pack"
  },
  {
    "Brand_Product_Size": "Sara Lee Classic Ultra Chocolate Ice Cream 1L",
    "COL Price": 10,
    "COL ppu": "$1.00 per 100mL",
    "COL Size": "1L"
  },
  {
    "Brand_Product_Size": "L'OR Espresso Supremo Intensity 10 Coffee Capsules10 Pack 52g",
    "COL Price": 4.5,
    "COL ppu": "$8.65 per 1G",
    "COL Size": "52g"
  },
  {
    "Brand_Product_Size": "Pine O Cleen Simply Disinfectant Grapefruit Trigger 500mL",
    "COL Price": 3.5,
    "COL ppu": "$0.70 per 100mL",
    "COL Size": "500mL"
  },
  {
    "Brand_Product_Size": "Coles Beef Lasagne 1.8kg",
    "COL Price": 10,
    "COL ppu": "$5.56 per 1KG",
    "COL Size": "1.8kg"
  },
  {
    "Brand_Product_Size": "Louisiana Beer Batter Mix 240g",
    "COL Price": 6,
    "COL ppu": "$2.50 per 100G",
    "COL Size": "240g"
  },
  {
    "Brand_Product_Size": "Telstra Essential 4GX each",
    "COL Price": 49,
    "COL ppu": "$49.00 per 1Ea",
    "COL Size": "each"
  },
  {
    "Brand_Product_Size": "Beta Genica-8 Range Step 3 800 gram",
    "COL Price": 38,
    "COL ppu": "",
    "COL Size": "800 gram"
  },
  {
    "Brand_Product_Size": "Baishanzu XO Garlic Mushroom Sauce 210g",
    "COL Price": 2.2,
    "COL ppu": "$1.05 per 100G",
    "COL Size": "210g"
  },
  {
    "Brand_Product_Size": "Schwobs Swiss Farmer Rye Cob Multigrain 800g",
    "COL Price": 5.2,
    "COL ppu": "$0.65 per 100G",
    "COL Size": "800g"
  },
  {
    "Brand_Product_Size": "Lurpak Slightly Salted Spreadable Butter 250g",
    "COL Price": 5,
    "COL ppu": "$2.00 per 100G",
    "COL Size": "250g"
  },
  {
    "Brand_Product_Size": "Twinings English Breakfast Decaffeinated Tea Bags 40 pack",
    "COL Price": 7,
    "COL ppu": "$0.18 per 1Ea",
    "COL Size": "40 pack"
  },
  {
    "Brand_Product_Size": "Thursday Plantation Lavender Spray 140g",
    "COL Price": 12.68,
    "COL ppu": "$9.06 per 100G",
    "COL Size": "140g"
  },
  {
    "Brand_Product_Size": "Swisse Ultiboost Calcium + Vitamin D Tablets 90 pack",
    "COL Price": 16,
    "COL ppu": "$17.78 per 100Ea",
    "COL Size": "90 pack"
  },
  {
    "Brand_Product_Size": "Ayam Pure Coconut Cream 270mL",
    "COL Price": 2,
    "COL ppu": "$0.74 per 100mL",
    "COL Size": "270mL"
  },
  {
    "Brand_Product_Size": "Tempo Reduced Fat Cheddar Cheese Block 250g",
    "COL Price": 6.5,
    "COL ppu": "$26.00 per 1Kg",
    "COL Size": "250g"
  },
  {
    "Brand_Product_Size": "Sanitarium UP&GO Liquid Breakfast Strawberry 250mL 6 pack",
    "COL Price": 9.7,
    "COL ppu": "$6.47 per 1L",
    "COL Size": "6 pack"
  },
  {
    "Brand_Product_Size": "Harvest Braised Steak & Onions 425g",
    "COL Price": 3,
    "COL ppu": "$0.71 per 100G",
    "COL Size": "425g"
  },
  {
    "Brand_Product_Size": "Coles G Collar With Steel O Ring & Safety Clip Large 1 pack",
    "COL Price": 6,
    "COL ppu": "$6.00 per 1Ea",
    "COL Size": "1 pack"
  },
  {
    "Brand_Product_Size": "Zietsch Ginger Beer 375mL 6 pack",
    "COL Price": 5.99,
    "COL ppu": "$2.66 per 1L",
    "COL Size": "6 pack"
  },
  {
    "Brand_Product_Size": "Twinings In'Fuse Cold Water Infusion Watermelon Strawberry Mint 30 pack",
    "COL Price": 11,
    "COL ppu": "$0.37 per 1Ea",
    "COL Size": "30 pack"
  },
  {
    "Brand_Product_Size": "Golden Circle Strawberry Squeeze Squeezy Pouch 120g",
    "COL Price": 1.5,
    "COL ppu": "$12.50 per 1Kg",
    "COL Size": "120g"
  },
  {
    "Brand_Product_Size": "Carman's Gourmet Porridge Sachet Super Berry & Coconut 320g",
    "COL Price": 4,
    "COL ppu": "$1.25 per 100G",
    "COL Size": "320g"
  },
  {
    "Brand_Product_Size": "Essano Rosehip Collagen Repair Serum 30mL",
    "COL Price": 30,
    "COL ppu": "$100.00 per 100mL",
    "COL Size": "30mL"
  },
  {
    "Brand_Product_Size": "Best Foods Real Mayonnaise 405g",
    "COL Price": 6,
    "COL ppu": "$1.48 per 100G",
    "COL Size": "405g"
  },
  {
    "Brand_Product_Size": "Australia's Own Barista Organic Almond Milk 1L",
    "COL Price": 3.6,
    "COL ppu": "$3.60 per 1L",
    "COL Size": "1L"
  },
  {
    "Brand_Product_Size": "John West Chilli Infused Oil & Lemon Zest Deli Tuna 90g",
    "COL Price": 2.7,
    "COL ppu": "$30.00 per 1Kg",
    "COL Size": "90g"
  },
  {
    "Brand_Product_Size": "Wellness Road Organic Black Chia Seeds 300g",
    "COL Price": 8,
    "COL ppu": "$2.67 per 100G",
    "COL Size": "300g"
  },
  {
    "Brand_Product_Size": "Barber's English Cheddar approx. 100g",
    "COL Price": 5,
    "COL ppu": "$50.00 per 1Kg",
    "COL Size": "approx. 100g"
  },
  {
    "Brand_Product_Size": "Osem Smokey Bissli Snacks 70g",
    "COL Price": 1.3,
    "COL ppu": "$1.86 per 100G",
    "COL Size": "70g"
  },
  {
    "Brand_Product_Size": "Coles Natures Kitchen Lentil Spag Bolognese 350g",
    "COL Price": 7,
    "COL ppu": "$2.00 per 100G",
    "COL Size": "350g"
  },
  {
    "Brand_Product_Size": "Coles Whole Black Peppercorn Refill Bag 200g",
    "COL Price": 5,
    "COL ppu": "$0.25 per 10G",
    "COL Size": "200g"
  },
  {
    "Brand_Product_Size": "Cobram Estate Extra Virgin Olive Oil Robust 375mL",
    "COL Price": 9.5,
    "COL ppu": "$2.53 per 100mL",
    "COL Size": "375mL"
  },
  {
    "Brand_Product_Size": "Stayfree Regular All Night Wings 10 pack",
    "COL Price": 4.5,
    "COL ppu": "$0.45 per 1Ea",
    "COL Size": "10 pack"
  },
  {
    "Brand_Product_Size": "Sanitarium UP&GO Vanilla Ice Cereal No Added Sugar 6x250mL 1.5",
    "COL Price": 9.7,
    "COL ppu": "$6.47 per 1L",
    "COL Size": 1.5
  },
  {
    "Brand_Product_Size": "Sirena Brown Rice & Quinoa With Tuna 170g",
    "COL Price": 4,
    "COL ppu": "$23.53 per 1Kg",
    "COL Size": "170g"
  },
  {
    "Brand_Product_Size": "Devondale Full Cream Long Life Milk 1L",
    "COL Price": 1.45,
    "COL ppu": "$1.45 per 1L",
    "COL Size": "1L"
  },
  {
    "Brand_Product_Size": "Clairol Root Touch Up Colour Blending Gel Black 45mL",
    "COL Price": 12.6,
    "COL ppu": "$2.80 per 10mL",
    "COL Size": "45mL"
  },
  {
    "Brand_Product_Size": "Cobs Corn Puffs Cheesy Cheddar 120g",
    "COL Price": 3.5,
    "COL ppu": "$2.92 per 100G",
    "COL Size": "120g"
  },
  {
    "Brand_Product_Size": "Sudocrem Healing Cream 125g",
    "COL Price": 9,
    "COL ppu": "$7.20 per 100G",
    "COL Size": "125g"
  },
  {
    "Brand_Product_Size": "Orchard Gluten Free Prepared White Icing Mix 500g",
    "COL Price": 4.1,
    "COL ppu": "$0.82 per 100G",
    "COL Size": "500g"
  },
  {
    "Brand_Product_Size": "Brunnings Blood & Bone Based Fertiliser 2.5kg",
    "COL Price": 7.4,
    "COL ppu": "",
    "COL Size": "2.5kg"
  },
  {
    "Brand_Product_Size": "Fruit Co Juice Plus + Tomato 2L",
    "COL Price": 2.75,
    "COL ppu": "$1.38 per 1L",
    "COL Size": "2L"
  },
  {
    "Brand_Product_Size": "Coles RSPCA Approved Chicken Mixed Portions Southern Fried approx 1.1 kg each",
    "COL Price": 9.9,
    "COL ppu": "$9.00 per 1Kg",
    "COL Size": "approx 1.1 kg each"
  },
  {
    "Brand_Product_Size": "Herbal Essences Argan Oil & Aloe Treatment 100mL",
    "COL Price": 20,
    "COL ppu": "$20.00 per 100mL",
    "COL Size": "100mL"
  },
  {
    "Brand_Product_Size": "King Island Dairy Surprise Bay Cheddar Cheese Block approx.100g",
    "COL Price": 4,
    "COL ppu": "$40.00 per 1Kg",
    "COL Size": "approx.100g"
  },
  {
    "Brand_Product_Size": "Sudocrem Healing Cream 30g",
    "COL Price": 5,
    "COL ppu": "$16.67 per 100G",
    "COL Size": "30g"
  },
  {
    "Brand_Product_Size": "Royal Fields Pumpkin Seeds Salted 500g",
    "COL Price": 8.5,
    "COL ppu": "$1.70 per 100G",
    "COL Size": "500g"
  },
  {
    "Brand_Product_Size": "Selleys BBQ Touch Clean 400g",
    "COL Price": 8.6,
    "COL ppu": "$2.15 per 100G",
    "COL Size": "400g"
  },
  {
    "Brand_Product_Size": "Scholl Corn Removal Waterproof Plasters 8 pack",
    "COL Price": 9.5,
    "COL ppu": "$1.19 per 1Ea",
    "COL Size": "8 pack"
  },
  {
    "Brand_Product_Size": "Band-Aid Assorted Adhesive Plastic Strips 50 pack",
    "COL Price": 5,
    "COL ppu": "$0.10 per 1Ea",
    "COL Size": "50 pack"
  },
  {
    "Brand_Product_Size": "Philadelphia Original Cream Cheese Block 2 pack 500g",
    "COL Price": 8.5,
    "COL ppu": "$17.00 per 1Kg",
    "COL Size": "500g"
  },
  {
    "Brand_Product_Size": "Pledge Grab It Duster with Extendable Handle each",
    "COL Price": 11.4,
    "COL ppu": "$11.40 per 1Ea",
    "COL Size": "each"
  },
  {
    "Brand_Product_Size": "Wellness Road Almond Spread 250g",
    "COL Price": 8,
    "COL ppu": "$3.20 per 100G",
    "COL Size": "250g"
  },
  {
    "Brand_Product_Size": "Schweppes Zero Soft Drink Creamy Brown 1.1L",
    "COL Price": 2.15,
    "COL ppu": "$1.95 per 1L",
    "COL Size": "1.1L"
  },
  {
    "Brand_Product_Size": "Aussie Bodies Collagen Berry Ripe Delite 45g",
    "COL Price": 3,
    "COL ppu": "$6.67 per 100G",
    "COL Size": "45g"
  },
  {
    "Brand_Product_Size": "Coles Finest By Laurent Wholemeal Sourdough Vienna each",
    "COL Price": 6,
    "COL ppu": "$6.00 per 1Ea",
    "COL Size": "each"
  },
  {
    "Brand_Product_Size": "Remedy Kombucha Cola 330mL",
    "COL Price": 3,
    "COL ppu": "$9.09 per 1L",
    "COL Size": "330mL"
  },
  {
    "Brand_Product_Size": "Coles Mini Jam Rolls 6 pack",
    "COL Price": 2.5,
    "COL ppu": "$0.42 per 1Ea",
    "COL Size": "6 pack"
  },
  {
    "Brand_Product_Size": "Coles Nourish Milk & Honeybody Wash 1L",
    "COL Price": 4,
    "COL ppu": "$4.00 per 1L",
    "COL Size": "1L"
  },
  {
    "Brand_Product_Size": "Coles Popcorn 10 Pack 200g",
    "COL Price": 2.75,
    "COL ppu": "$1.38 per 100G",
    "COL Size": "200g"
  },
  {
    "Brand_Product_Size": "Valley Produce Co. Vegetable Flatbread  Carrot Artisan Crackers 130g",
    "COL Price": 4.9,
    "COL ppu": "$3.77 per 100G",
    "COL Size": "130g"
  },
  {
    "Brand_Product_Size": "Nuby Bug A Loop Teether each",
    "COL Price": 11,
    "COL ppu": "$11.00 per 1Ea",
    "COL Size": "each"
  },
  {
    "Brand_Product_Size": "Coles Strawberries Prepacked 250g",
    "COL Price": 4.9,
    "COL ppu": "$19.60 per 1Kg",
    "COL Size": "250g"
  },
  {
    "Brand_Product_Size": "Cadbury Picnic Ice Cream 1.2L",
    "COL Price": 9,
    "COL ppu": "$0.75 per 100mL",
    "COL Size": "1.2L"
  },
  {
    "Brand_Product_Size": "Helga's Spinach & Herb Large Wraps 7 pack 490g",
    "COL Price": 4,
    "COL ppu": "$0.82 per 100G",
    "COL Size": "490g"
  },
  {
    "Brand_Product_Size": "Coles Toothbrush Case 1 pack",
    "COL Price": 1.15,
    "COL ppu": "$1.15 per 1Ea",
    "COL Size": "1 pack"
  },
  {
    "Brand_Product_Size": "The Bar Counter Chocolate Orange Protein Balls 30g",
    "COL Price": 2.5,
    "COL ppu": "$8.33 per 100G",
    "COL Size": "30g"
  },
  {
    "Brand_Product_Size": "Coles Foam Sponge Scourer 6 pack",
    "COL Price": 2,
    "COL ppu": "$0.33 per 1Ea",
    "COL Size": "6 pack"
  },
  {
    "Brand_Product_Size": "Head & Shoulders Conditioner Clean Balanced 200mL",
    "COL Price": 7,
    "COL ppu": "$3.50 per 100mL",
    "COL Size": "200mL"
  },
  {
    "Brand_Product_Size": "Nivea Men Anti Age Face Moisturiser Cream + Folic Acid & Creatine 50mL",
    "COL Price": 17,
    "COL ppu": "$34.00 per 100mL",
    "COL Size": "50mL"
  },
  {
    "Brand_Product_Size": "Lindt Lindor 70% Cocoa Dark Chocolate Balls 123g",
    "COL Price": 6,
    "COL ppu": "$4.88 per 100G",
    "COL Size": "123g"
  },
  {
    "Brand_Product_Size": "Decor Jumbo Chug Titan Bottle 2.2L each",
    "COL Price": 10.5,
    "COL ppu": "$10.50 per 1Ea",
    "COL Size": "each"
  },
  {
    "Brand_Product_Size": "Oak Strawberry Flavoured Milk 750mL",
    "COL Price": 3,
    "COL ppu": "$4.00 per 1L",
    "COL Size": "750mL"
  },
  {
    "Brand_Product_Size": "Coles Cream Cheese Spread Original 250g",
    "COL Price": 2.75,
    "COL ppu": "$11.00 per 1Kg",
    "COL Size": "250g"
  },
  {
    "Brand_Product_Size": "Primo Stacker Leg Ham Cheese & Crackers 50g",
    "COL Price": 4,
    "COL ppu": "",
    "COL Size": "50g"
  },
  {
    "Brand_Product_Size": "Coles Sage Punnet 10g",
    "COL Price": 3,
    "COL ppu": "$3.00 per 10G",
    "COL Size": "10g"
  },
  {
    "Brand_Product_Size": "Pauls Milky Max Vanilla Custard 70g",
    "COL Price": 1.5,
    "COL ppu": "$2.14 per 100G",
    "COL Size": "70g"
  },
  {
    "Brand_Product_Size": "St Dalfour Red Raspberry Spread 284g",
    "COL Price": 3,
    "COL ppu": "$1.06 per 100G",
    "COL Size": "284g"
  },
  {
    "Brand_Product_Size": "Coles Sweet Corn each",
    "COL Price": 1.5,
    "COL ppu": "$1.50 per 1Ea",
    "COL Size": "each"
  },
  {
    "Brand_Product_Size": "Nivea Soft Cream Lotion Moisturiser + Jojoba Oil & Vitamin E 75mL",
    "COL Price": 5.4,
    "COL ppu": "$7.20 per 100mL",
    "COL Size": "75mL"
  },
  {
    "Brand_Product_Size": "Coles Kitchens Butter Chicken Curry Bowl 460g",
    "COL Price": 9,
    "COL ppu": "$19.57 per 1Kg",
    "COL Size": "460g"
  },
  {
    "Brand_Product_Size": "Coles Red Kale each",
    "COL Price": 4,
    "COL ppu": "$4.00 per 1Ea",
    "COL Size": "each"
  },
  {
    "Brand_Product_Size": "Coles Garlic & Herb Crumbed Atlantic Salmon 325g",
    "COL Price": 11,
    "COL ppu": "$33.85 per 1Kg",
    "COL Size": "325g"
  },
  {
    "Brand_Product_Size": "Coles High Fibre White Toast Bread 700g",
    "COL Price": 2.3,
    "COL ppu": "$0.33 per 100G",
    "COL Size": "700g"
  },
  {
    "Brand_Product_Size": "Arnott's Cheddar Shapes 175g",
    "COL Price": 3.2,
    "COL ppu": "$1.83 per 100G",
    "COL Size": "175g"
  },
  {
    "Brand_Product_Size": "Sistema To Go Soup Mug each",
    "COL Price": 5.5,
    "COL ppu": "$5.50 per 1ea",
    "COL Size": "each"
  },
  {
    "Brand_Product_Size": "Carman's Gourmet Porridge Apple Sultana & Cinnamon Sachets 8 pack 320g",
    "COL Price": 4,
    "COL ppu": "$1.25 per 100G",
    "COL Size": "320g"
  },
  {
    "Brand_Product_Size": "Finish Lemon All In 1 Max Dishwasher Gel 1L",
    "COL Price": 14,
    "COL ppu": "$1.40 per 100mL",
    "COL Size": "1L"
  },
  {
    "Brand_Product_Size": "Ryvita Original Crispbread 250g",
    "COL Price": 2.85,
    "COL ppu": "$1.14 per 100G",
    "COL Size": "250g"
  },
  {
    "Brand_Product_Size": "Coles Raspberry Balsamic Salad Dressing 250mL",
    "COL Price": 4,
    "COL ppu": "$1.60 per 100mL",
    "COL Size": "250mL"
  },
  {
    "Brand_Product_Size": "Coles Iced Extra Chocolate Donuts 6 pack",
    "COL Price": 3,
    "COL ppu": "$0.50 per 1Ea",
    "COL Size": "6 pack"
  },
  {
    "Brand_Product_Size": "V.I.P. Fussy Cat Lamb & Liver Mince Cat Food 450g",
    "COL Price": 5.8,
    "COL ppu": "$1.29 per 100G",
    "COL Size": "450g"
  },
  {
    "Brand_Product_Size": "OMO Laundry Liquid Expert Odour Eliminator 1.8L",
    "COL Price": 11,
    "COL ppu": "$6.11 per 1L",
    "COL Size": "1.8L"
  },
  {
    "Brand_Product_Size": "Pilot Frixion Blue Erasable Ballpoint Pen 1 pack",
    "COL Price": 3.25,
    "COL ppu": "",
    "COL Size": "1 pack"
  },
  {
    "Brand_Product_Size": "Coles Perform Tandoori Chicken 330g",
    "COL Price": 8,
    "COL ppu": "$2.42 per 100G",
    "COL Size": "330g"
  },
  {
    "Brand_Product_Size": "Coles Brioche Rolls 8 Pack 280g",
    "COL Price": 4,
    "COL ppu": "$1.43 per 100G",
    "COL Size": "280g"
  },
  {
    "Brand_Product_Size": "Marshmallow Fluff 213g",
    "COL Price": 3.6,
    "COL ppu": "$1.69 per 100G",
    "COL Size": "213g"
  },
  {
    "Brand_Product_Size": "Blackmores Flaxseed Oil 1000mg Capsules 100 pack",
    "COL Price": 17.6,
    "COL ppu": "$17.60 per 100Ea",
    "COL Size": "100 pack"
  },
  {
    "Brand_Product_Size": "Coles LED Cool White 6 watt Edison Screw 2 pack",
    "COL Price": 10,
    "COL ppu": "$5.00 per 1Ea",
    "COL Size": "2 pack"
  },
  {
    "Brand_Product_Size": "Multicrop Bug Guard Organic Spray 1L",
    "COL Price": 7.16,
    "COL ppu": "$7.16 per 1L",
    "COL Size": "1L"
  },
  {
    "Brand_Product_Size": "Kirks Ginger Beer 1.25L",
    "COL Price": 1.15,
    "COL ppu": "$0.92 per 1L",
    "COL Size": "1.25L"
  },
  {
    "Brand_Product_Size": "Calbee Harvest Snaps Baked Pea Crisps Salted 93g",
    "COL Price": 2.5,
    "COL ppu": "$2.69 per 100G",
    "COL Size": "93g"
  },
  {
    "Brand_Product_Size": "Five Tastes Thai Red Curry Paste 210g",
    "COL Price": 3,
    "COL ppu": "$1.43 per 100G",
    "COL Size": "210g"
  },
  {
    "Brand_Product_Size": "Primo Gluten Free Original Twiggy Sticks 200g",
    "COL Price": 6.5,
    "COL ppu": "$32.50 per 1Kg",
    "COL Size": "200g"
  },
  {
    "Brand_Product_Size": "Pauls Zymil Cafe Latte Milk 400mL",
    "COL Price": 3,
    "COL ppu": "$7.50 per 1L",
    "COL Size": "400mL"
  },
  {
    "Brand_Product_Size": "Wrigley's Hubba Bubba Seriously Strawberry Bubble Gum Tape 180cm 56g",
    "COL Price": 2.4,
    "COL ppu": "$4.29 per 100G",
    "COL Size": "56g"
  },
  {
    "Brand_Product_Size": "Listerine Fresh Burst Mouthwash 1L",
    "COL Price": 9.39,
    "COL ppu": "$0.94 per 100mL",
    "COL Size": "1L"
  },
  {
    "Brand_Product_Size": "Coles Grooming Brush 1 pack",
    "COL Price": 5.6,
    "COL ppu": "$5.60 per 1Ea",
    "COL Size": "1 pack"
  },
  {
    "Brand_Product_Size": "V.I.P. Fussy Cat Grainfree Beef & Kangaroo with Sweet Potato Cat Food 85g",
    "COL Price": 1.2,
    "COL ppu": "$1.41 per 100G",
    "COL Size": "85g"
  },
  {
    "Brand_Product_Size": "Dishmatic Glide Dishbrush each",
    "COL Price": 3.75,
    "COL ppu": "$3.75 per 1Ea",
    "COL Size": "each"
  },
  {
    "Brand_Product_Size": "Bonne Maman Raspberry Jam 370g",
    "COL Price": 5.2,
    "COL ppu": "$1.41 per 100G",
    "COL Size": "370g"
  },
  {
    "Brand_Product_Size": "Philadelphia Cream For Cooking Cream Cheese 250mL",
    "COL Price": 3.3,
    "COL ppu": "$1.32 per 100mL",
    "COL Size": "250mL"
  },
  {
    "Brand_Product_Size": "Maybelline Fit Me Matte Poreless Foundation Ivory 20mL",
    "COL Price": 15.4,
    "COL ppu": "$7.70 per 10mL",
    "COL Size": "20mL"
  },
  {
    "Brand_Product_Size": "Slendier Edamame Bean Organic Fettuccine 200g",
    "COL Price": 4.15,
    "COL ppu": "$2.08 per 100G",
    "COL Size": "200g"
  },
  {
    "Brand_Product_Size": "Provedore Pancetta Crumb 100g",
    "COL Price": 5,
    "COL ppu": "$50.00 per 1Kg",
    "COL Size": "100g"
  },
  {
    "Brand_Product_Size": "Mission Lite Wrap 8 pack 567g",
    "COL Price": 5,
    "COL ppu": "$0.88 per 100G",
    "COL Size": "567g"
  },
  {
    "Brand_Product_Size": "Seng Hork Pork & Prawn Shao Mai 350g",
    "COL Price": 9,
    "COL ppu": "$2.57 per 100G",
    "COL Size": "350g"
  },
  {
    "Brand_Product_Size": "King C Gillette Neck Razor 1each",
    "COL Price": 30,
    "COL ppu": "$30.00 per 1Ea",
    "COL Size": "1each"
  },
  {
    "Brand_Product_Size": "Air Wick Essential Oils Candle Tropical Mango 1 pack",
    "COL Price": 6,
    "COL ppu": "$6.00 per 1Ea",
    "COL Size": "1 pack"
  },
  {
    "Brand_Product_Size": "Coles Mexican Salsa 300g",
    "COL Price": 1.5,
    "COL ppu": "$0.50 per 100G",
    "COL Size": "300g"
  },
  {
    "Brand_Product_Size": "Cadbury Triple Decker Neopolitan Bar 50g",
    "COL Price": 2,
    "COL ppu": "$2.00 per 1Ea",
    "COL Size": "50g"
  },
  {
    "Brand_Product_Size": "Lights By Tena Everyday Long Liners 20 pack",
    "COL Price": 3.44,
    "COL ppu": "$0.17 per 1Ea",
    "COL Size": "20 pack"
  },
  {
    "Brand_Product_Size": "Gardein Seven Grain Crispy Tenders 255g",
    "COL Price": 9.6,
    "COL ppu": "$3.76 per 100G",
    "COL Size": "255g"
  },
  {
    "Brand_Product_Size": "Bega Dark Roast Smooth Peanut Butter 470g",
    "COL Price": 5.9,
    "COL ppu": "$1.26 per 100G",
    "COL Size": "470g"
  },
  {
    "Brand_Product_Size": "Cottee's Orange Cordial 1L",
    "COL Price": 4.2,
    "COL ppu": "$4.20 per 1L",
    "COL Size": "1L"
  },
  {
    "Brand_Product_Size": "Palmolive Foam Soap Manuka Honey And Lavender 400mL",
    "COL Price": 5,
    "COL ppu": "$1.25 per 100mL",
    "COL Size": "400mL"
  },
  {
    "Brand_Product_Size": "Cub Divided Plate 6+ Months each",
    "COL Price": 3.5,
    "COL ppu": "$3.50 per 1Ea",
    "COL Size": "each"
  },
  {
    "Brand_Product_Size": "Rexona Men Sport Antiperspirant Roll On Deodorant 50mL",
    "COL Price": 4,
    "COL ppu": "$8.00 per 100mL",
    "COL Size": "50mL"
  },
  {
    "Brand_Product_Size": "OB Finest Cashew & Rosemary Crackers 150g",
    "COL Price": 6,
    "COL ppu": "$4.00 per 100G",
    "COL Size": "150g"
  },
  {
    "Brand_Product_Size": "Schwarzkopf Extra Care Strong Hold Mousse 150g",
    "COL Price": 5,
    "COL ppu": "$3.33 per 100G",
    "COL Size": "150g"
  },
  {
    "Brand_Product_Size": "Vittoria Mountain Grown Ground Coffee 500g",
    "COL Price": 19,
    "COL ppu": "$3.80 per 100G",
    "COL Size": "500g"
  },
  {
    "Brand_Product_Size": "Helga's Low Carb Wholemeal & Seed Bread 700g",
    "COL Price": 4.2,
    "COL ppu": "$0.60 per 100G",
    "COL Size": "700g"
  },
  {
    "Brand_Product_Size": "Le Tan Uber Dark Violet Base For Olive Skin Tones 200mL",
    "COL Price": 25,
    "COL ppu": "$12.50 per 100mL",
    "COL Size": "200mL"
  },
  {
    "Brand_Product_Size": "Vitapet Jerhigh Chicken Sticks Dog Treats 100g",
    "COL Price": 4.9,
    "COL ppu": "$4.90 per 100G",
    "COL Size": "100g"
  },
  {
    "Brand_Product_Size": "Sunsilk Shampoo Summer Care 700mL",
    "COL Price": 10,
    "COL ppu": "$1.43 per 100mL",
    "COL Size": "700mL"
  },
  {
    "Brand_Product_Size": "Coles Frozen Shortcrust Pastry Ready Rolled 5 pack 1kg",
    "COL Price": 2.3,
    "COL ppu": "$0.23 per 100G",
    "COL Size": "1kg"
  },
  {
    "Brand_Product_Size": "Creative Gourmet Crepes Chocolate 260g",
    "COL Price": 8.6,
    "COL ppu": "$3.31 per 100G",
    "COL Size": "260g"
  },
  {
    "Brand_Product_Size": "Dolmio Nonna'S Pasta Sauce Bolognese 500g",
    "COL Price": 4,
    "COL ppu": "$0.80 per 100G",
    "COL Size": "500g"
  },
  {
    "Brand_Product_Size": "Maybelline Dream Radiant Liquid Foundation Natural Cream 30mL",
    "COL Price": 17.5,
    "COL ppu": "$5.83 per 10mL",
    "COL Size": "30mL"
  },
  {
    "Brand_Product_Size": "Dove Women Antiperspirant Aerosol Deodorant Original 250mL",
    "COL Price": 7,
    "COL ppu": "$2.80 per 100mL",
    "COL Size": "250mL"
  },
  {
    "Brand_Product_Size": "Coles Zesty Vinaigrette Tuna 95g",
    "COL Price": 0.9,
    "COL ppu": "$9.47 per 1Kg",
    "COL Size": "95g"
  },
  {
    "Brand_Product_Size": "Coles Soft & Creamy Mascarpone 250g",
    "COL Price": 4,
    "COL ppu": "$16.00 per 1Kg",
    "COL Size": "250g"
  },
  {
    "Brand_Product_Size": "Coles Garlic loose approx. 60g each",
    "COL Price": 1.5,
    "COL ppu": "$25.00 per 1Kg",
    "COL Size": "approx. 60g each"
  },
  {
    "Brand_Product_Size": "Vittoria Mountain Grown Ground Coffee 200g",
    "COL Price": 8,
    "COL ppu": "$4.00 per 100G",
    "COL Size": "200g"
  },
  {
    "Brand_Product_Size": "Golden Days Mini Sesame Snaps Gluten Free 200g",
    "COL Price": 5.4,
    "COL ppu": "$2.70 per 100G",
    "COL Size": "200g"
  },
  {
    "Brand_Product_Size": "Babylove Unisex Stretchy Toddler Nappy Pants 9-14 Kg Size 4 28 pack",
    "COL Price": 17,
    "COL ppu": "$0.61 per 1Ea",
    "COL Size": "28 pack"
  },
  {
    "Brand_Product_Size": "Dolmio Oven Bake Sauce Garlic & Italian Herbs 175g",
    "COL Price": 2.9,
    "COL ppu": "$1.66 per 100G",
    "COL Size": "175g"
  },
  {
    "Brand_Product_Size": "Coles Pacific Tuna In Olive Oil 95g",
    "COL Price": 1.3,
    "COL ppu": "$1.37 per 100G",
    "COL Size": "95g"
  },
  {
    "Brand_Product_Size": "Bisto Chicken Flavour Gravy Granules 170g",
    "COL Price": 4.75,
    "COL ppu": "$2.79 per 100G",
    "COL Size": "170g"
  },
  {
    "Brand_Product_Size": "Original Juice Co. Black Label Chilled Orange Juice 1.5L",
    "COL Price": 5.65,
    "COL ppu": "$3.77 per 1L",
    "COL Size": "1.5L"
  },
  {
    "Brand_Product_Size": "Rascal & Friends Nappy Pants Bulk Toddler 29 pack",
    "COL Price": 15,
    "COL ppu": "$0.52 per 1Ea",
    "COL Size": "29 pack"
  },
  {
    "Brand_Product_Size": "Milton Concentrated Anti-Bacterial Solution 500mL",
    "COL Price": 5.6,
    "COL ppu": "$1.12 per 100mL",
    "COL Size": "500mL"
  },
  {
    "Brand_Product_Size": "Coles Garlic Salt 89g",
    "COL Price": 1.7,
    "COL ppu": "$0.19 per 10G",
    "COL Size": "89g"
  },
  {
    "Brand_Product_Size": "Comvita Olive Leaf Extract Natural 500mL",
    "COL Price": 31,
    "COL ppu": "$6.20 per 100mL",
    "COL Size": "500mL"
  },
  {
    "Brand_Product_Size": "President Camembert 200g",
    "COL Price": 6,
    "COL ppu": "$30.00 per 1Kg",
    "COL Size": "200g"
  },
  {
    "Brand_Product_Size": "Gravox Pepper Steak Finishing Sauce 250g",
    "COL Price": 2.85,
    "COL ppu": "$1.14 per 100G",
    "COL Size": "250g"
  },
  {
    "Brand_Product_Size": "Cadbury Raspberry Slices 6pack 145g",
    "COL Price": 2.5,
    "COL ppu": "$1.72 per 100G",
    "COL Size": "145g"
  },
  {
    "Brand_Product_Size": "Restaurant Collection Slow Cooked Mexican Pork & Black Bean 874g",
    "COL Price": 18.5,
    "COL ppu": "$2.12 per 100G",
    "COL Size": "874g"
  },
  {
    "Brand_Product_Size": "Lurpak Unsalted Danish Butter 250g",
    "COL Price": 5,
    "COL ppu": "$2.00 per 100G",
    "COL Size": "250g"
  },
  {
    "Brand_Product_Size": "Coles Asia Panko Crumbs 250g",
    "COL Price": 2,
    "COL ppu": "$0.80 per 100G",
    "COL Size": "250g"
  },
  {
    "Brand_Product_Size": "Finish 0% Ultimate Pro Dishwashing Tablets 48 pack",
    "COL Price": 20,
    "COL ppu": "$0.42 per 1Ea",
    "COL Size": "48 pack"
  },
  {
    "Brand_Product_Size": "Coles Cake Board 10 Inch 2 pack",
    "COL Price": 3,
    "COL ppu": "$1.50 per 1Ea",
    "COL Size": "2 pack"
  },
  {
    "Brand_Product_Size": "Gaviscon Dual Action Liquid 300mL",
    "COL Price": 8.7,
    "COL ppu": "$2.90 per 100mL",
    "COL Size": "300mL"
  },
  {
    "Brand_Product_Size": "Coles Perform Mixed Bean Chilli 330g",
    "COL Price": 8,
    "COL ppu": "$2.42 per 100G",
    "COL Size": "330g"
  },
  {
    "Brand_Product_Size": "Maybelline Lifter Lip Gloss Silk 5.4mL",
    "COL Price": 13.3,
    "COL ppu": "$24.63 per 10mL",
    "COL Size": "5.4mL"
  },
  {
    "Brand_Product_Size": "Oral B Interdental Brushes 10 pack",
    "COL Price": 5.6,
    "COL ppu": "$0.56 per 1Ea",
    "COL Size": "10 pack"
  },
  {
    "Brand_Product_Size": "Five Tastes Stir Fry Shots Chinese Hoisin And Garlic 180g",
    "COL Price": 3,
    "COL ppu": "$1.67 per 100G",
    "COL Size": "180g"
  },
  {
    "Brand_Product_Size": "Old El Paso Gluten Free Soft Taco Kit 418g",
    "COL Price": 5,
    "COL ppu": "$1.20 per 100G",
    "COL Size": "418g"
  },
  {
    "Brand_Product_Size": "Coles Cheese Spread & Crispbread Snacks 12 Pack 300g",
    "COL Price": 4,
    "COL ppu": "$1.33 per 100G",
    "COL Size": "300g"
  },
  {
    "Brand_Product_Size": "Coles Cheese Supreme Corn Chips 200g",
    "COL Price": 1.9,
    "COL ppu": "$0.95 per 100G",
    "COL Size": "200g"
  },
  {
    "Brand_Product_Size": "Cook & Dine Mixed Can Shape Mugs 4 Pack 1 set",
    "COL Price": 5,
    "COL ppu": "$5.00 per 1Ea",
    "COL Size": "1 set"
  },
  {
    "Brand_Product_Size": "Naturli Organic Vegan Spread 225g",
    "COL Price": 5,
    "COL ppu": "$2.22 per 100G",
    "COL Size": "225g"
  },
  {
    "Brand_Product_Size": "Nivea Black And White Clear Invisible Roll On Antiperspirant Deodorant 50mL",
    "COL Price": 3.5,
    "COL ppu": "$7.00 per 100mL",
    "COL Size": "50mL"
  },
  {
    "Brand_Product_Size": "Telstra Samsung A21S Locked each",
    "COL Price": 299,
    "COL ppu": "$299.00 per 1Ea",
    "COL Size": "each"
  },
  {
    "Brand_Product_Size": "Deemah Assorted Caramel Toffee Jar 350g",
    "COL Price": 3.6,
    "COL ppu": "$1.03 per 100G",
    "COL Size": "350g"
  },
  {
    "Brand_Product_Size": "Crave Adult Dog Food With Beef & chicken Pate 400g",
    "COL Price": 3.5,
    "COL ppu": "$0.88 per 100G",
    "COL Size": "400g"
  },
  {
    "Brand_Product_Size": "V.I.P. Natures Goodness Puppy Dog Roll With Chicken And Vegetables 680g",
    "COL Price": 2.75,
    "COL ppu": "$0.40 per 100G",
    "COL Size": "680g"
  },
  {
    "Brand_Product_Size": "Herb & Sons Chicken-Free Schnitzel 300g",
    "COL Price": 8,
    "COL ppu": "$26.67 per 1Kg",
    "COL Size": "300g"
  },
  {
    "Brand_Product_Size": "Moira Mac Sweet Chilli Chicken Tenderloin approx. 125g",
    "COL Price": 3.25,
    "COL ppu": "$26.00 per 1Kg",
    "COL Size": "approx. 125g"
  },
  {
    "Brand_Product_Size": "Primo DX Thin Frankfurt 1 kg",
    "COL Price": 6.5,
    "COL ppu": "$6.50 per 1Kg",
    "COL Size": "1 kg"
  },
  {
    "Brand_Product_Size": "Coles Premium Mushroom Sauce 200mL",
    "COL Price": 4,
    "COL ppu": "$2.00 per 100mL",
    "COL Size": "200mL"
  },
  {
    "Brand_Product_Size": "Coles Bake & Create Patterned Baking Cups 24 piece",
    "COL Price": 3.5,
    "COL ppu": "$0.15 per 1Ea",
    "COL Size": "24 piece"
  },
  {
    "Brand_Product_Size": "Coles Kitchen Tidy Drawstring Small 25 pack",
    "COL Price": 2,
    "COL ppu": "$0.08 per 1Ea",
    "COL Size": "25 pack"
  },
  {
    "Brand_Product_Size": "Pyengana Clothbound Farmhouse Cheddar approx. 100g",
    "COL Price": 11,
    "COL ppu": "$110.00 per 1Kg",
    "COL Size": "approx. 100g"
  },
  {
    "Brand_Product_Size": "Primo Stacker Danish Salami Cheese & Crackers 45g",
    "COL Price": 4,
    "COL ppu": "$8.89 per 100G",
    "COL Size": "45g"
  },
  {
    "Brand_Product_Size": "Fry's Frozen Gluten Free Nuggets With Rice Protein & Chia 240g",
    "COL Price": 4.8,
    "COL ppu": "$2.00 per 100G",
    "COL Size": "240g"
  },
  {
    "Brand_Product_Size": "Perugina Milk Chocolate With Hazelnuts 86g",
    "COL Price": 4.4,
    "COL ppu": "$0.51 per 10G",
    "COL Size": "86g"
  },
  {
    "Brand_Product_Size": "Lindt Extra Creamy Excellence Milk Chocolate Block 100g",
    "COL Price": 4.5,
    "COL ppu": "$4.50 per 100G",
    "COL Size": "100g"
  },
  {
    "Brand_Product_Size": "Revlon Colorsilk Dark Ash Blonde 60 Hair Colour 1 pack",
    "COL Price": 9,
    "COL ppu": "$9.00 per 1Ea",
    "COL Size": "1 pack"
  },
  {
    "Brand_Product_Size": "Vicks VapoDrops Butter Menthol Lozenges 24 pack",
    "COL Price": 4.3,
    "COL ppu": "$0.18 per 1Ea",
    "COL Size": "24 pack"
  },
  {
    "Brand_Product_Size": "Cub Unisex Junior Nappies Size 6 40 pack",
    "COL Price": 10,
    "COL ppu": "$0.25 per 1Ea",
    "COL Size": "40 pack"
  },
  {
    "Brand_Product_Size": "Coles Medium Roast Freeze Dried Coffee 200g",
    "COL Price": 2.5,
    "COL ppu": "$1.25 per 100G",
    "COL Size": "200g"
  },
  {
    "Brand_Product_Size": "Oral B Gum Care & Intensive Clean Toothpaste 110g",
    "COL Price": 10,
    "COL ppu": "$9.09 per 100G",
    "COL Size": "110g"
  },
  {
    "Brand_Product_Size": "Loacker Gardena Wafer 200g",
    "COL Price": 2.5,
    "COL ppu": "$1.25 per 100G",
    "COL Size": "200g"
  },
  {
    "Brand_Product_Size": "Patties Mini Quiche Lorraine 420g",
    "COL Price": 6,
    "COL ppu": "$1.43 per 100G",
    "COL Size": "420g"
  },
  {
    "Brand_Product_Size": "Kooka's Jam Cookies 500g",
    "COL Price": 4.2,
    "COL ppu": "$0.84 per 100G",
    "COL Size": "500g"
  },
  {
    "Brand_Product_Size": "Gourmet Garden Mild Chilli Stir In Paste 80g",
    "COL Price": 3.5,
    "COL ppu": "$0.44 per 10G",
    "COL Size": "80g"
  },
  {
    "Brand_Product_Size": "Coles Organic Lite Milk 1L",
    "COL Price": 2.2,
    "COL ppu": "$2.20 per 1L",
    "COL Size": "1L"
  },
  {
    "Brand_Product_Size": "Coles Caesar Dressing 300mL",
    "COL Price": 1.8,
    "COL ppu": "$0.60 per 100mL",
    "COL Size": "300mL"
  },
  {
    "Brand_Product_Size": "Hermesetas Granulated Sweetener Jar 90g",
    "COL Price": 5.7,
    "COL ppu": "$6.33 per 100G",
    "COL Size": "90g"
  },
  {
    "Brand_Product_Size": "Super Nature Frozen Super Pulses Slow Cooked Rosemary Lamb Hot Pot 300g",
    "COL Price": 4,
    "COL ppu": "$1.33 per 100G",
    "COL Size": "300g"
  },
  {
    "Brand_Product_Size": "Toshiba SM02 USB 2.0 Flash Drive 64GB each",
    "COL Price": 30,
    "COL ppu": "$30.00 per 1Ea",
    "COL Size": "each"
  },
  {
    "Brand_Product_Size": "Lakanto Monkfruit Sweetener Classic 200g",
    "COL Price": 8.9,
    "COL ppu": "$4.45 per 100G",
    "COL Size": "200g"
  },
  {
    "Brand_Product_Size": "Cold Power Lemon Advanced Laundry Liquid 2L",
    "COL Price": 8.75,
    "COL ppu": "$4.38 per 1L",
    "COL Size": "2L"
  },
  {
    "Brand_Product_Size": "Vicks VapoNaturals Honey Throat Drops 19 pack",
    "COL Price": 4,
    "COL ppu": "$0.21 per 1Ea",
    "COL Size": "19 pack"
  },
  {
    "Brand_Product_Size": "Coles Finest Thai Green Chicken Curry 400g",
    "COL Price": 8.5,
    "COL ppu": "$2.13 per 100G",
    "COL Size": "400g"
  },
  {
    "Brand_Product_Size": "Dr. Oetker Ristorante Barbacoa Pizza 330g",
    "COL Price": 7.9,
    "COL ppu": "$2.39 per 100G",
    "COL Size": "330g"
  },
  {
    "Brand_Product_Size": "Crankt Protein Shake Choc Honeycomb 375mL",
    "COL Price": 4.15,
    "COL ppu": "$11.07 per 1L",
    "COL Size": "375mL"
  },
  {
    "Brand_Product_Size": "Peters Connoisseur Murray River Salted Caramel With Hazelnuts Gourmet Ice Cream Tub 1L",
    "COL Price": 7.5,
    "COL ppu": "$0.75 per 100mL",
    "COL Size": "1L"
  },
  {
    "Brand_Product_Size": "Coles Green Oak Lettuce each",
    "COL Price": 2,
    "COL ppu": "$2.00 per 1Ea",
    "COL Size": "each"
  },
  {
    "Brand_Product_Size": "Coles Pork Schnitzel Plain Crumb 300g",
    "COL Price": 6,
    "COL ppu": "$2.00 per 100G",
    "COL Size": "300g"
  },
  {
    "Brand_Product_Size": "Freedom Foods Heritage Mill Apple Crumble Clusters 1kg",
    "COL Price": 7,
    "COL ppu": "$0.70 per 100G",
    "COL Size": "1kg"
  },
  {
    "Brand_Product_Size": "Streets Paddle Pop Banana 544mL",
    "COL Price": 7,
    "COL ppu": "$1.29 per 100mL",
    "COL Size": "544mL"
  },
  {
    "Brand_Product_Size": "On The Menu Frozen Spaghetti & Meatballs Meal 260g",
    "COL Price": 3,
    "COL ppu": "$1.15 per 100G",
    "COL Size": "260g"
  },
  {
    "Brand_Product_Size": "Lindt Excellence 70% Dark Smooth Chocolate Block 100g",
    "COL Price": 4.5,
    "COL ppu": "$4.50 per 100G",
    "COL Size": "100g"
  },
  {
    "Brand_Product_Size": "Pauls Vanilla Custard 1kg",
    "COL Price": 4.2,
    "COL ppu": "$0.42 per 100G",
    "COL Size": "1kg"
  },
  {
    "Brand_Product_Size": "Jordans Crunchy Oat Granola With Berries Cereal 500g",
    "COL Price": 3.5,
    "COL ppu": "$0.70 per 100G",
    "COL Size": "500g"
  },
  {
    "Brand_Product_Size": "Kingland Dairy Free Berries & Chia Seeds Greek Yoghurt 500g",
    "COL Price": 5,
    "COL ppu": "$1.00 per 100G",
    "COL Size": "500g"
  },
  {
    "Brand_Product_Size": "Jalna Lactose Free Vanilla Yoghurt 170g",
    "COL Price": 2.3,
    "COL ppu": "$1.35 per 100G",
    "COL Size": "170g"
  },
  {
    "Brand_Product_Size": "Coca-Cola Classic Coke 600mL",
    "COL Price": 3.75,
    "COL ppu": "$6.25 per 1L",
    "COL Size": "600mL"
  },
  {
    "Brand_Product_Size": "Coco Earth Organic Almond Flour 300g",
    "COL Price": 10,
    "COL ppu": "$33.33 per 1Kg",
    "COL Size": "300g"
  },
  {
    "Brand_Product_Size": "Sunbites Caramelised Onion & Balsamic Snack Crackers 110g",
    "COL Price": 3,
    "COL ppu": "$2.73 per 100G",
    "COL Size": "110g"
  },
  {
    "Brand_Product_Size": "Coles Raspberry Flavoured Fantasy Spread 350g",
    "COL Price": 2.25,
    "COL ppu": "$0.64 per 100G",
    "COL Size": "350g"
  },
  {
    "Brand_Product_Size": "Saxa Table Salt Picnic Pack 125g",
    "COL Price": 2,
    "COL ppu": "$0.16 per 10G",
    "COL Size": "125g"
  },
  {
    "Brand_Product_Size": "Coles Natures Kitchen Vegetable Sauce 425g",
    "COL Price": 3.7,
    "COL ppu": "$0.87 per 100G",
    "COL Size": "425g"
  },
  {
    "Brand_Product_Size": "Nivea Oil in Lotion Coconut & Monoi Oil Scented Body Moisturiser 400mL",
    "COL Price": 10,
    "COL ppu": "$2.50 per 100mL",
    "COL Size": "400mL"
  },
  {
    "Brand_Product_Size": "Red Rock Deli Balsamic Beetroot Fetta & Cashews Dip 150g",
    "COL Price": 3.5,
    "COL ppu": "$2.33 per 100G",
    "COL Size": "150g"
  },
  {
    "Brand_Product_Size": "Ferrero Rocher 24 Pack Diamond Gift Chocolate Box 300g",
    "COL Price": 24,
    "COL ppu": "$8.00 per 100G",
    "COL Size": "300g"
  },
  {
    "Brand_Product_Size": "Farmers Market Lamb Stew With Vegetables And Brown Rice Dog Food 400g",
    "COL Price": 2.75,
    "COL ppu": "$0.69 per 100G",
    "COL Size": "400g"
  },
  {
    "Brand_Product_Size": "Bonds Kids Logo 1/4 Crew RYB33G 3 pack",
    "COL Price": 13,
    "COL ppu": "$4.33 per 1Ea",
    "COL Size": "3 pack"
  },
  {
    "Brand_Product_Size": "Arnott's Shapes Barbeque Crackers Party Pack 400g",
    "COL Price": 4.5,
    "COL ppu": "$1.13 per 100G",
    "COL Size": "400g"
  },
  {
    "Brand_Product_Size": "Coles Deli Jarlsberg Lite Cheese Slices approx. 100g",
    "COL Price": 2.275,
    "COL ppu": "$22.75 per 1Kg",
    "COL Size": "approx. 100g"
  },
  {
    "Brand_Product_Size": "Blackmores Multi Vitamin Sustained Release Multi + Antioxidants Tablets 125 pack",
    "COL Price": 42,
    "COL ppu": "$33.60 per 100Ea",
    "COL Size": "125 pack"
  },
  {
    "Brand_Product_Size": "Moccona Cafe Classics Strong Cappucino 30 pack",
    "COL Price": 10.5,
    "COL ppu": "$0.35 per 1Ea",
    "COL Size": "30 pack"
  },
  {
    "Brand_Product_Size": "Coles Vanilla Ice Cream Sandwich 4 Pack 440mL",
    "COL Price": 2.9,
    "COL ppu": "$0.66 per 100mL",
    "COL Size": "440mL"
  },
  {
    "Brand_Product_Size": "Lavazza Prontissimo Intenso Instant Coffee 95g",
    "COL Price": 10,
    "COL ppu": "$10.53 per 100G",
    "COL Size": "95g"
  },
  {
    "Brand_Product_Size": "Coles Made Easy Moroccan Lamb Filo Rolls With Fetta & Pumpkin 400g",
    "COL Price": 8.5,
    "COL ppu": "$2.13 per 100G",
    "COL Size": "400g"
  },
  {
    "Brand_Product_Size": "Prochef Extra Virgin Olive Oil Spray 225g",
    "COL Price": 4.99,
    "COL ppu": "$2.22 per 100G",
    "COL Size": "225g"
  },
  {
    "Brand_Product_Size": "Oral-B Power Vitality Precision Clean Brush + 2 Refills 1 pack",
    "COL Price": 22.5,
    "COL ppu": "$22.50 per 1Ea",
    "COL Size": "1 pack"
  },
  {
    "Brand_Product_Size": "Coles Red Lentil Daal Curry With Rice 350g",
    "COL Price": 3,
    "COL ppu": "$0.86 per 100G",
    "COL Size": "350g"
  },
  {
    "Brand_Product_Size": "Twinings Rose Lemonade Cold Water Infusion 12 pack 30g",
    "COL Price": 6,
    "COL ppu": "$0.50 per 1Ea",
    "COL Size": "30g"
  },
  {
    "Brand_Product_Size": "Purina Supercoat True Origin Grain Free Chicken Dog Food 2.5kg",
    "COL Price": 16,
    "COL ppu": "$6.40 per 1Kg",
    "COL Size": "2.5kg"
  },
  {
    "Brand_Product_Size": "Patak's Butter Chicken Simmer Sauce Mild 450g",
    "COL Price": 3.5,
    "COL ppu": "$0.78 per 100G",
    "COL Size": "450g"
  },
  {
    "Brand_Product_Size": "Tung Chun Peking Duck Sauce 227g",
    "COL Price": 3.45,
    "COL ppu": "$1.52 per 100G",
    "COL Size": "227g"
  },
  {
    "Brand_Product_Size": "Brutal Truth Clean & Crisp Antiperspirant 75mL",
    "COL Price": 8,
    "COL ppu": "$10.67 per 100mL",
    "COL Size": "75mL"
  },
  {
    "Brand_Product_Size": "Mildura Tropical Drink 500mL",
    "COL Price": 2.15,
    "COL ppu": "$4.30 per 1L",
    "COL Size": "500mL"
  },
  {
    "Brand_Product_Size": "Cleavers Organic Sweet Beef BBQ Kebabs approx. 350g",
    "COL Price": 10.85,
    "COL ppu": "$31.00 per 1Kg",
    "COL Size": "approx. 350g"
  },
  {
    "Brand_Product_Size": "MasterFoods Squeezy Tomato Sauce 920mL",
    "COL Price": 4,
    "COL ppu": "$0.43 per 100mL",
    "COL Size": "920mL"
  },
  {
    "Brand_Product_Size": "Steggles Frozen Southern Style Chicken Strips 400g",
    "COL Price": 8.5,
    "COL ppu": "$21.25 per 1Kg",
    "COL Size": "400g"
  },
  {
    "Brand_Product_Size": "Ardmona Crushed Tomatoes 400g",
    "COL Price": 1.4,
    "COL ppu": "$0.35 per 100G",
    "COL Size": "400g"
  },
  {
    "Brand_Product_Size": "Kiwi Dubbin Neutral Leather Protection Shoe Polish 80g",
    "COL Price": 4.15,
    "COL ppu": "$5.19 per 100G",
    "COL Size": "80g"
  },
  {
    "Brand_Product_Size": "Cook & Dine Teaspoons 4 pack",
    "COL Price": 6,
    "COL ppu": "$1.50 per 1Ea",
    "COL Size": "4 pack"
  },
  {
    "Brand_Product_Size": "Friskies Dry Adult Seven Cat Food 2.5kg",
    "COL Price": 10,
    "COL ppu": "$0.40 per 100G",
    "COL Size": "2.5kg"
  },
  {
    "Brand_Product_Size": "Old El Paso Gluten Free Tortillas 6 pack 216g",
    "COL Price": 4,
    "COL ppu": "$1.85 per 100G",
    "COL Size": "216g"
  },
  {
    "Brand_Product_Size": "White King Premium Bleach Lemon 1.25L",
    "COL Price": 3,
    "COL ppu": "$2.40 per 1L",
    "COL Size": "1.25L"
  },
  {
    "Brand_Product_Size": "Coles Raisins Prepacked 375g",
    "COL Price": 3.75,
    "COL ppu": "$10.00 per 1Kg",
    "COL Size": "375g"
  },
  {
    "Brand_Product_Size": "Bundaberg Peach Brewed Drink Bottle 375mL 4 pack",
    "COL Price": 6.35,
    "COL ppu": "$4.23 per 1L",
    "COL Size": "4 pack"
  },
  {
    "Brand_Product_Size": "Nicorette Spearmint Gum 4mg 150 pack",
    "COL Price": 48,
    "COL ppu": "$0.32 per 1Ea",
    "COL Size": "150 pack"
  },
  {
    "Brand_Product_Size": "Jeeny's Palm Flavoured Sugar 260g",
    "COL Price": 2.6,
    "COL ppu": "$1.00 per 100G",
    "COL Size": "260g"
  },
  {
    "Brand_Product_Size": "Coles Chocolate Cake Mix 340g",
    "COL Price": 0.75,
    "COL ppu": "$0.22 per 100G",
    "COL Size": "340g"
  },
  {
    "Brand_Product_Size": "Hask Argan Oil Deep Sachet Conditioner 50g",
    "COL Price": 5,
    "COL ppu": "$10.00 per 100G",
    "COL Size": "50g"
  },
  {
    "Brand_Product_Size": "Vegemite Gluten Free Spread 235g",
    "COL Price": 3.8,
    "COL ppu": "$1.62 per 100G",
    "COL Size": "235g"
  },
  {
    "Brand_Product_Size": "Smith's Crinkle Cut Salt & Vinegar Potato Chips 170g",
    "COL Price": 3.5,
    "COL ppu": "$2.06 per 100G",
    "COL Size": "170g"
  },
  {
    "Brand_Product_Size": "Norsca Forest Fresh Deodorant Pump 150mL",
    "COL Price": 3,
    "COL ppu": "$2.00 per 100mL",
    "COL Size": "150mL"
  },
  {
    "Brand_Product_Size": "Schweppes Sugar Free Lemonade 10 pack",
    "COL Price": 11.05,
    "COL ppu": "$2.95 per 1L",
    "COL Size": "10 pack"
  },
  {
    "Brand_Product_Size": "Fussy Cat Grainfree Cat Treat Chicken Tender Sticks 15g",
    "COL Price": 3.5,
    "COL ppu": "$23.33 per 100G",
    "COL Size": "15g"
  },
  {
    "Brand_Product_Size": "Swisse Ultiboost Glucosamine Sulfate Tablets 180 pack",
    "COL Price": 42,
    "COL ppu": "$0.23 per 1Ea",
    "COL Size": "180 pack"
  },
  {
    "Brand_Product_Size": "Mildura Apple & Guava Fruit Drink 500mL",
    "COL Price": 2.15,
    "COL ppu": "$4.30 per 1L",
    "COL Size": "500mL"
  },
  {
    "Brand_Product_Size": "Bach Rescue Sleep Spray 20mL",
    "COL Price": 28.5,
    "COL ppu": "$142.50 per 100mL",
    "COL Size": "20mL"
  },
  {
    "Brand_Product_Size": "Dimetapp Cold & Flu Tablets 20 pack",
    "COL Price": 12,
    "COL ppu": "$0.60 per 1Ea",
    "COL Size": "20 pack"
  },
  {
    "Brand_Product_Size": "Bulla Creamy Classics Choc Chip Ice Cream Tub 2L",
    "COL Price": 8.5,
    "COL ppu": "$0.43 per 100mL",
    "COL Size": "2L"
  },
  {
    "Brand_Product_Size": "Kettle Crackers Caramelise Onion Flat Bread 150g",
    "COL Price": 3.5,
    "COL ppu": "$2.33 per 100G",
    "COL Size": "150g"
  },
  {
    "Brand_Product_Size": "Devondale Regular Butter Blend 500g",
    "COL Price": 5.7,
    "COL ppu": "$1.14 per 100G",
    "COL Size": "500g"
  },
  {
    "Brand_Product_Size": "Barkly Grandmother Full Leg Ham approx. 125g each",
    "COL Price": 4.375,
    "COL ppu": "$35.00 per 1Kg",
    "COL Size": "approx. 125g each"
  },
  {
    "Brand_Product_Size": "Coles Graze Grass Fed Beef Meatballs 420g",
    "COL Price": 6.5,
    "COL ppu": "$15.48 per 1Kg",
    "COL Size": "420g"
  },
  {
    "Brand_Product_Size": "Ready Chef Beef Lasagne 2kg",
    "COL Price": 15,
    "COL ppu": "$0.75 per 100G",
    "COL Size": "2kg"
  },
  {
    "Brand_Product_Size": "Decor VENT & SEAL LEAK PROOF GLASS CONTAINER each",
    "COL Price": 8,
    "COL ppu": "$8.00 per 1Ea",
    "COL Size": "each"
  },
  {
    "Brand_Product_Size": "Cook & Dine Mechanical Kitchen Scales each",
    "COL Price": 16,
    "COL ppu": "$16.00 per 1Ea",
    "COL Size": "each"
  },
  {
    "Brand_Product_Size": "Nature's Way Kids Smart Gummies Multi-Vitamin +Vegies 120 pack",
    "COL Price": 26,
    "COL ppu": "$0.22 per 1Ea",
    "COL Size": "120 pack"
  },
  {
    "Brand_Product_Size": "L'Oreal Paris Revitalift Filler Replumping Eye Cream 15mL",
    "COL Price": 47,
    "COL ppu": "$313.35 per 100mL",
    "COL Size": "15mL"
  },
  {
    "Brand_Product_Size": "Ob Finest Banana Date & Walnut Crackers 150g",
    "COL Price": 6,
    "COL ppu": "$4.00 per 100G",
    "COL Size": "150g"
  },
  {
    "Brand_Product_Size": "Delamaris Salad Picnic Mackerel 125g",
    "COL Price": 2.7,
    "COL ppu": "$21.60 per 1Kg",
    "COL Size": "125g"
  },
  {
    "Brand_Product_Size": "Kleenex Soothe Large N Thick Aloe Vera 3 Ply Facial Tissues 28.5CM X 19.5CM 70 pack",
    "COL Price": 2,
    "COL ppu": "$2.86 per 100Ea",
    "COL Size": "70 pack"
  },
  {
    "Brand_Product_Size": "Nice & Natural Toast Oat Bar Blueberry 5 Pack 150g",
    "COL Price": 4,
    "COL ppu": "$2.67 per 100G",
    "COL Size": "150g"
  },
  {
    "Brand_Product_Size": "Rimmel Lasting Finish Primer 30mL",
    "COL Price": 8.4,
    "COL ppu": "$2.80 per 10mL",
    "COL Size": "30mL"
  },
  {
    "Brand_Product_Size": "Head & Shoulders Shampoo Clean Balanced 200mL",
    "COL Price": 7,
    "COL ppu": "$3.50 per 100mL",
    "COL Size": "200mL"
  },
  {
    "Brand_Product_Size": "Harpic Active Blue Cistern Block Toilet Cleaner 114g",
    "COL Price": 3.7,
    "COL ppu": "$3.25 per 100G",
    "COL Size": "114g"
  },
  {
    "Brand_Product_Size": "Coon Tasty Cheese Slices 750g",
    "COL Price": 10,
    "COL ppu": "$13.33 per 1Kg",
    "COL Size": "750g"
  },
  {
    "Brand_Product_Size": "Coles Finest By Laurent Toasted Sesame Pane Di Casa Roll 3 pack",
    "COL Price": 4,
    "COL ppu": "$1.33 per 1Ea",
    "COL Size": "3 pack"
  },
  {
    "Brand_Product_Size": "Coles Deli Thawed Basa Fillets approx. 200g each",
    "COL Price": 2,
    "COL ppu": "$10.00 per 1Kg",
    "COL Size": "approx. 200g each"
  },
  {
    "Brand_Product_Size": "Dine Slices With Chicken Wet Cat Food Tray 85g",
    "COL Price": 1.15,
    "COL ppu": "$1.35 per 100G",
    "COL Size": "85g"
  },
  {
    "Brand_Product_Size": "Magazine New Idea Royal Monthly each",
    "COL Price": 6.99,
    "COL ppu": "$6.99 per 1Ea",
    "COL Size": "each"
  },
  {
    "Brand_Product_Size": "Jarrah Drinking Chocolate 10 pack",
    "COL Price": 5,
    "COL ppu": "$0.50 per 1Ea",
    "COL Size": "10 pack"
  },
  {
    "Brand_Product_Size": "Plumrose Leg Ham 200g",
    "COL Price": 5.8,
    "COL ppu": "$29.00 per 1Kg",
    "COL Size": "200g"
  },
  {
    "Brand_Product_Size": "All Gold Tomato Sauce 500mL",
    "COL Price": 6.5,
    "COL ppu": "$1.30 per 100mL",
    "COL Size": "500mL"
  },
  {
    "Brand_Product_Size": "Clara Ultra Thin Pads Regular With Wings 14 pack",
    "COL Price": 3,
    "COL ppu": "",
    "COL Size": "14 pack"
  },
  {
    "Brand_Product_Size": "Coles Kitchen Scalloped Potato 350g",
    "COL Price": 6,
    "COL ppu": "$1.71 per 100G",
    "COL Size": "350g"
  },
  {
    "Brand_Product_Size": "Pattu Mung Beans Berken 1kg",
    "COL Price": 5.2,
    "COL ppu": "$5.20 per 1Kg",
    "COL Size": "1kg"
  },
  {
    "Brand_Product_Size": "The Laughing Cow Cheese Spread 128g",
    "COL Price": 2.5,
    "COL ppu": "$19.53 per 1Kg",
    "COL Size": "128g"
  },
  {
    "Brand_Product_Size": "Coles Washi Tape 10 pack",
    "COL Price": 6.5,
    "COL ppu": "$0.65 per 1Ea",
    "COL Size": "10 pack"
  },
  {
    "Brand_Product_Size": "Allowrie Unsalted Butter Pat 250g",
    "COL Price": 4.5,
    "COL ppu": "$1.80 per 100G",
    "COL Size": "250g"
  },
  {
    "Brand_Product_Size": "Creative Gourmet Frozen Sliced Strawberries 300g",
    "COL Price": 5.65,
    "COL ppu": "$18.83 per 1Kg",
    "COL Size": "300g"
  },
  {
    "Brand_Product_Size": "Peters Foragers Feast Small Animal Food 1kg",
    "COL Price": 8.15,
    "COL ppu": "$8.15 per 1Ea",
    "COL Size": "1kg"
  },
  {
    "Brand_Product_Size": "Bulla Murray St Blackberry Swirl Ice Cream Sticks 400mL",
    "COL Price": 6,
    "COL ppu": "$1.50 per 100mL",
    "COL Size": "400mL"
  },
  {
    "Brand_Product_Size": "Hask Argan Oil Conditioner 355mL",
    "COL Price": 15,
    "COL ppu": "$4.23 per 100mL",
    "COL Size": "355mL"
  },
  {
    "Brand_Product_Size": "Dr. Olivee Mixed Pickles 1kg",
    "COL Price": 3.8,
    "COL ppu": "$3.80 per 1Kg",
    "COL Size": "1kg"
  },
  {
    "Brand_Product_Size": "Total Care Disney Mickey Mouse Adjustable Cat Collar 1 pack",
    "COL Price": 15,
    "COL ppu": "$15.00 per 1Ea",
    "COL Size": "1 pack"
  },
  {
    "Brand_Product_Size": "Coles MSC Thawed Raw Banana Prawns approx. 250g",
    "COL Price": 5.5,
    "COL ppu": "$22.00 per 1Kg",
    "COL Size": "approx. 250g"
  },
  {
    "Brand_Product_Size": "Herbal Essences Moroccan My Shine Conditioner 300mL",
    "COL Price": 6.5,
    "COL ppu": "$2.17 per 100mL",
    "COL Size": "300mL"
  },
  {
    "Brand_Product_Size": "VS Sassoon Mini Pro Curling Tong Styler 1 pack",
    "COL Price": 15.5,
    "COL ppu": "$15.50 per 1Ea",
    "COL Size": "1 pack"
  },
  {
    "Brand_Product_Size": "Primo Rindless Shortcut Bacon approx. 250g",
    "COL Price": 4.25,
    "COL ppu": "$17.00 per 1Kg",
    "COL Size": "approx. 250g"
  },
  {
    "Brand_Product_Size": "Garnier Fructis Nutri Repair 3 Coconut No Frizz Shampoo 315mL",
    "COL Price": 3.5,
    "COL ppu": "$1.11 per 100mL",
    "COL Size": "315mL"
  },
  {
    "Brand_Product_Size": "Coles Jasmine Rice 1kg",
    "COL Price": 2.95,
    "COL ppu": "$0.30 per 100G",
    "COL Size": "1kg"
  },
  {
    "Brand_Product_Size": "Pauls Farmhouse Gold Organic Milk 1.5L",
    "COL Price": 5.1,
    "COL ppu": "$3.40 per 1L",
    "COL Size": "1.5L"
  },
  {
    "Brand_Product_Size": "Oral B Pro100 Frozen Or Star Wars Travel Case 1 pack",
    "COL Price": 70,
    "COL ppu": "$70.00 per 1Ea",
    "COL Size": "1 pack"
  },
  {
    "Brand_Product_Size": "Steggles Frozen Chicken Breast Tempura Crackles 400g",
    "COL Price": 8.5,
    "COL ppu": "$21.25 per 1Kg",
    "COL Size": "400g"
  },
  {
    "Brand_Product_Size": "Coles Kitchen Caesar Dressing 250mL",
    "COL Price": 4,
    "COL ppu": "$1.60 per 100mL",
    "COL Size": "250mL"
  },
  {
    "Brand_Product_Size": "Coles Deli Salads Tub Medium Classic Potato medium",
    "COL Price": 5,
    "COL ppu": "$5.00 per 1Ea",
    "COL Size": "medium"
  },
  {
    "Brand_Product_Size": "L'Oreal Paris Bambi False Lash Mascara 9.4mL",
    "COL Price": 18.2,
    "COL ppu": "$19.36 per 10mL",
    "COL Size": "9.4mL"
  },
  {
    "Brand_Product_Size": "Coles Kitchen Lamb Rogan Josh With Rice 350g",
    "COL Price": 6.5,
    "COL ppu": "$1.86 per 100G",
    "COL Size": "350g"
  },
  {
    "Brand_Product_Size": "Minor Figures Oat Milk 1L",
    "COL Price": 3.8,
    "COL ppu": "$3.80 per 1L",
    "COL Size": "1L"
  },
  {
    "Brand_Product_Size": "Johnson & Johnson Baby Shampoo Plus Conditioner 500mL",
    "COL Price": 9.5,
    "COL ppu": "$1.90 per 100mL",
    "COL Size": "500mL"
  },
  {
    "Brand_Product_Size": "Bega Bar-B-Cubes Tasty Cheese 500g",
    "COL Price": 8,
    "COL ppu": "$16.00 per 1Kg",
    "COL Size": "500g"
  },
  {
    "Brand_Product_Size": "Coles Micro Greens Parsley each",
    "COL Price": 3.3,
    "COL ppu": "$3.30 per 1Ea",
    "COL Size": "each"
  },
  {
    "Brand_Product_Size": "Sanitarium Weet-Bix Breakfast Cereal 1.2kg",
    "COL Price": 5,
    "COL ppu": "$0.42 per 100G",
    "COL Size": "1.2kg"
  },
  {
    "Brand_Product_Size": "Mingle Garlic and Herb Seasoning 50g",
    "COL Price": 4.95,
    "COL ppu": "$0.99 per 10G",
    "COL Size": "50g"
  },
  {
    "Brand_Product_Size": "Coles Vegetable Oil Blended 750mL",
    "COL Price": 2.5,
    "COL ppu": "$0.33 per 100mL",
    "COL Size": "750mL"
  },
  {
    "Brand_Product_Size": "Coles Finest British Oak Smoked Cheddar approx. 100g",
    "COL Price": 4,
    "COL ppu": "$40.00 per 1Kg",
    "COL Size": "approx. 100g"
  },
  {
    "Brand_Product_Size": "Nivea Original Care Moisturising Lip Balm + Shea Butter 4.8g",
    "COL Price": 4,
    "COL ppu": "$83.33 per 100G",
    "COL Size": "4.8g"
  },
  {
    "Brand_Product_Size": "Genius Gluten Free Artisan Seeded Cob 385g",
    "COL Price": 8,
    "COL ppu": "$2.08 per 100G",
    "COL Size": "385g"
  },
  {
    "Brand_Product_Size": "Nicorette Icy Mint Gum 75 pack",
    "COL Price": 29,
    "COL ppu": "$29.00 per 1ea",
    "COL Size": "75 pack"
  },
  {
    "Brand_Product_Size": "Coles Urban Coffee Culture Intensity 10 Organic Coffee Beans 250g",
    "COL Price": 5,
    "COL ppu": "$2.00 per 100G",
    "COL Size": "250g"
  },
  {
    "Brand_Product_Size": "Coles Rolled Oats 900g",
    "COL Price": 1.65,
    "COL ppu": "$0.18 per 100G",
    "COL Size": "900g"
  },
  {
    "Brand_Product_Size": "The Bare Bird Chicken Breast Fillets approx. 500g each",
    "COL Price": 10.5,
    "COL ppu": "$21.00 per 1Kg",
    "COL Size": "approx. 500g each"
  },
  {
    "Brand_Product_Size": "Lynx Hair Styling Wax Black Casual Clay 75mL",
    "COL Price": 10,
    "COL ppu": "$13.33 per 100mL",
    "COL Size": "75mL"
  },
  {
    "Brand_Product_Size": "Coles Finest Mushroom Risotto 400g",
    "COL Price": 8.5,
    "COL ppu": "$2.13 per 100G",
    "COL Size": "400g"
  },
  {
    "Brand_Product_Size": "Just For Men Moustache-Beard Black each",
    "COL Price": 13.5,
    "COL ppu": "$13.50 per 1Ea",
    "COL Size": "each"
  },
  {
    "Brand_Product_Size": "Four N Twenty Traveller Microwavable Beef Cheese & Bacon Pie 160g",
    "COL Price": 3.2,
    "COL ppu": "$2.00 per 100G",
    "COL Size": "160g"
  },
  {
    "Brand_Product_Size": "Nature's Gift Strips Gravy Style With Beef Sweet Potato & Spinach Dog Food 100g",
    "COL Price": 1,
    "COL ppu": "$1.00 per 100G",
    "COL Size": "100g"
  },
  {
    "Brand_Product_Size": "Raw C Organic Coconut Oil 700mL",
    "COL Price": 11,
    "COL ppu": "$1.57 per 100mL",
    "COL Size": "700mL"
  },
  {
    "Brand_Product_Size": "Coles Dairy Vanilla Yoghurt 1kg",
    "COL Price": 3.45,
    "COL ppu": "$3.45 per 1Kg",
    "COL Size": "1kg"
  },
  {
    "Brand_Product_Size": "Purina Total Care Flea Tick Control Plus Large Dog Treatment 1 pack",
    "COL Price": 14.5,
    "COL ppu": "$14.50 per 1Ea",
    "COL Size": "1 pack"
  },
  {
    "Brand_Product_Size": "Galaxy Ripple Bar 30g",
    "COL Price": 2.7,
    "COL ppu": "$0.90 per 10G",
    "COL Size": "30g"
  },
  {
    "Brand_Product_Size": "Oak Strawberry Flavoured Milk 300mL",
    "COL Price": 2.1,
    "COL ppu": "$7.00 per 1L",
    "COL Size": "300mL"
  },
  {
    "Brand_Product_Size": "Loacker Gran Pasticceria White Coconut 100g",
    "COL Price": 4,
    "COL ppu": "$4.00 per 100G",
    "COL Size": "100g"
  },
  {
    "Brand_Product_Size": "Pelmeni Foods Potato & Mushroom Kreplach Dumplings 600g",
    "COL Price": 13.5,
    "COL ppu": "$2.25 per 100G",
    "COL Size": "600g"
  },
  {
    "Brand_Product_Size": "Cadbury Cherry Ripe Chocolate Bar 52g",
    "COL Price": 1,
    "COL ppu": "$1.92 per 100G",
    "COL Size": "52g"
  },
  {
    "Brand_Product_Size": "Clairol Nice 'N Easy 113A Natural Dark Burgundy Brown Hair Colour 1 pack",
    "COL Price": 9,
    "COL ppu": "$9.00 per 1Ea",
    "COL Size": "1 pack"
  },
  {
    "Brand_Product_Size": "Gillette Proglide 4CT Red Power Razor 1 pack",
    "COL Price": 32.45,
    "COL ppu": "$32.45 per 1Ea",
    "COL Size": "1 pack"
  },
  {
    "Brand_Product_Size": "Mission Spinach & Herb Wraps 8 pack 567g",
    "COL Price": 5,
    "COL ppu": "$0.88 per 100G",
    "COL Size": "567g"
  },
  {
    "Brand_Product_Size": "Ito En Matcha Jasmine Green Tea Bags 20 Pack 30g",
    "COL Price": 6,
    "COL ppu": "$20.00 per 100G",
    "COL Size": "30g"
  },
  {
    "Brand_Product_Size": "Coles Kitchen Tidy Bag Lavender Small 40 pack",
    "COL Price": 2,
    "COL ppu": "$0.05 per 1Ea",
    "COL Size": "40 pack"
  },
  {
    "Brand_Product_Size": "Dose & Co. Dairy Free Creamer Caramel 340g",
    "COL Price": 33,
    "COL ppu": "$9.71 per 100G",
    "COL Size": "340g"
  },
  {
    "Brand_Product_Size": "Continental Kosher Butchers Sliced Smoked Brisket 200g",
    "COL Price": 11.5,
    "COL ppu": "$57.50 per 1Kg",
    "COL Size": "200g"
  },
  {
    "Brand_Product_Size": "Ajishima Freeze Dried Miso Soup With Bean Curd 12g",
    "COL Price": 2.6,
    "COL ppu": "$2.17 per 10G",
    "COL Size": "12g"
  },
  {
    "Brand_Product_Size": "Grill Society Spicy Pork Smokers Kit each",
    "COL Price": 12.95,
    "COL ppu": "$12.95 per 1Ea",
    "COL Size": "each"
  },
  {
    "Brand_Product_Size": "Super Nature Frozen Sri Lankan Root Vegetable And Ancient Grain Curry With Cauliflower And Brown Rice Mix Wellness Bowl 350g",
    "COL Price": 6.3,
    "COL ppu": "$1.80 per 100G",
    "COL Size": "350g"
  },
  {
    "Brand_Product_Size": "Cook & Dine Acacia Serving Board each",
    "COL Price": 15,
    "COL ppu": "$1.25 per 1Ea",
    "COL Size": "each"
  },
  {
    "Brand_Product_Size": "Nestle Coffee Mate Whitener 400g",
    "COL Price": 4,
    "COL ppu": "$1.00 per 100G",
    "COL Size": "400g"
  },
  {
    "Brand_Product_Size": "Coles Cookies And Cream Ice Cream 2L",
    "COL Price": 4.5,
    "COL ppu": "$0.23 per 100mL",
    "COL Size": "2L"
  },
  {
    "Brand_Product_Size": "Cook & Dine Porcelain Side Plate each",
    "COL Price": 2.5,
    "COL ppu": "$2.50 per 1Ea",
    "COL Size": "each"
  },
  {
    "Brand_Product_Size": "Coles Broccoli approx. 340g each",
    "COL Price": 1.53,
    "COL ppu": "$4.50 per 1Kg",
    "COL Size": "approx. 340g each"
  },
  {
    "Brand_Product_Size": "Nestle Milo Cereal Breakfast Protein Bites 600g",
    "COL Price": 7.5,
    "COL ppu": "$1.25 per 100G",
    "COL Size": "600g"
  },
  {
    "Brand_Product_Size": "Sharwood's Korma Curry Paste 280g",
    "COL Price": 4.5,
    "COL ppu": "$1.61 per 100G",
    "COL Size": "280g"
  },
  {
    "Brand_Product_Size": "Haagen-Dazs Blueberries & Cream Ice Cream Tub 457mL",
    "COL Price": 7,
    "COL ppu": "$1.53 per 100mL",
    "COL Size": "457mL"
  },
  {
    "Brand_Product_Size": "Cedel Dark Dry Shampoo 387mL",
    "COL Price": 10,
    "COL ppu": "$2.58 per 100mL",
    "COL Size": "387mL"
  },
  {
    "Brand_Product_Size": "Barilla Tortellini Three Cheese 340g",
    "COL Price": 5.5,
    "COL ppu": "$1.62 per 100G",
    "COL Size": "340g"
  },
  {
    "Brand_Product_Size": "Alpro Almond Yoghurt Vanilla 500g",
    "COL Price": 7,
    "COL ppu": "$1.40 per 100G",
    "COL Size": "500g"
  },
  {
    "Brand_Product_Size": "Paws Fresh Lean Mince for Dogs and Cats 3kg",
    "COL Price": 15,
    "COL ppu": "$0.50 per 100G",
    "COL Size": "3kg"
  },
  {
    "Brand_Product_Size": "Arnott's Chewy Caramel Tim Tam 175g",
    "COL Price": 4,
    "COL ppu": "$2.29 per 100G",
    "COL Size": "175g"
  },
  {
    "Brand_Product_Size": "Coles Garlic Crackers 200g",
    "COL Price": 1.8,
    "COL ppu": "$0.90 per 100G",
    "COL Size": "200g"
  },
  {
    "Brand_Product_Size": "Rimmel 100% Waterproof Black Mascara 8mL",
    "COL Price": 7.8,
    "COL ppu": "$9.75 per 10mL",
    "COL Size": "8mL"
  },
  {
    "Brand_Product_Size": "Dole Fruit In Syrup 439g",
    "COL Price": 2.2,
    "COL ppu": "$5.01 per 1Kg",
    "COL Size": "439g"
  },
  {
    "Brand_Product_Size": "Darikay Mushroom Soup 550g",
    "COL Price": 6.5,
    "COL ppu": "$1.18 per 100G",
    "COL Size": "550g"
  },
  {
    "Brand_Product_Size": "Revlon Kiss Glow Bouncy Beige Lip Oil 6mL",
    "COL Price": 20,
    "COL ppu": "$33.33 per 10mL",
    "COL Size": "6mL"
  },
  {
    "Brand_Product_Size": "Coles Kitchens Singapore Noodles 430g",
    "COL Price": 9,
    "COL ppu": "$20.93 per 1Kg",
    "COL Size": "430g"
  },
  {
    "Brand_Product_Size": "Olay Daily Facials Cleansing Cloths Sensitive Gentle Clean 33 pack",
    "COL Price": 15,
    "COL ppu": "$0.45 per 1Ea",
    "COL Size": "33 pack"
  },
  {
    "Brand_Product_Size": "Health Lab Hazelnut Choc Nut Butter Balls 3x40g 120g",
    "COL Price": 8,
    "COL ppu": "$6.67 per 100G",
    "COL Size": "120g"
  },
  {
    "Brand_Product_Size": "Rafferty's Garden Mango Apple & Sweet Potato 4+ Months 120g",
    "COL Price": 1.5,
    "COL ppu": "$1.25 per 100G",
    "COL Size": "120g"
  },
  {
    "Brand_Product_Size": "Serious Organic Frozen Strawberries 250g",
    "COL Price": 6,
    "COL ppu": "$2.40 per 100G",
    "COL Size": "250g"
  },
  {
    "Brand_Product_Size": "La Espanola Extra Virgin Olive Oil 500mL",
    "COL Price": 9.5,
    "COL ppu": "$1.90 per 100mL",
    "COL Size": "500mL"
  },
  {
    "Brand_Product_Size": "Tamar Valley Kids Greek Vanilla Yoghurt Pouch 110g",
    "COL Price": 1.3,
    "COL ppu": "$1.18 per 100G",
    "COL Size": "110g"
  },
  {
    "Brand_Product_Size": "Coles Continental Parsley Sleeved 1 bunch",
    "COL Price": 2.98,
    "COL ppu": "$2.98 per 1Ea",
    "COL Size": "1 bunch"
  },
  {
    "Brand_Product_Size": "Coles Kitchen Mongolian Beef And Jasmine Rice 350g",
    "COL Price": 6.5,
    "COL ppu": "$1.86 per 100G",
    "COL Size": "350g"
  },
  {
    "Brand_Product_Size": "Coles Fresh Seafood Cooked Black Tiger Prawns each",
    "COL Price": 60,
    "COL ppu": "$60.00 per 1Ea",
    "COL Size": "each"
  },
  {
    "Brand_Product_Size": "Tandaco Salt And Pepper Coating Mix 75g",
    "COL Price": 1.8,
    "COL ppu": "$18.00 per 10G",
    "COL Size": "75g"
  },
  {
    "Brand_Product_Size": "Black Swan Crafted Guacamole Dip 200g",
    "COL Price": 4.3,
    "COL ppu": "$2.15 per 100G",
    "COL Size": "200g"
  },
  {
    "Brand_Product_Size": "Sunbites Caramelised Onion Snack Crackers 120g",
    "COL Price": 3.5,
    "COL ppu": "$2.92 per 100G",
    "COL Size": "120g"
  },
  {
    "Brand_Product_Size": "Lindt Lindor Milk Mint Bag 123g",
    "COL Price": 6,
    "COL ppu": "$4.88 per 100G",
    "COL Size": "123g"
  },
  {
    "Brand_Product_Size": "Schweppes Lemon Lime & Bitters Classic Mixers Multipack Bottles 300mL 4 pack",
    "COL Price": 5.9,
    "COL ppu": "$4.92 per 1L",
    "COL Size": "4 pack"
  },
  {
    "Brand_Product_Size": "Coles Mens Triple Blade Disposable Razors 8 pack",
    "COL Price": 4.4,
    "COL ppu": "$0.55 per 1Ea",
    "COL Size": "8 pack"
  },
  {
    "Brand_Product_Size": "Milton Antibacterial Wipes 30 pack",
    "COL Price": 3.2,
    "COL ppu": "$0.11 per 1Ea",
    "COL Size": "30 pack"
  },
  {
    "Brand_Product_Size": "Clearblue Visual Early Detection Pregnancy Test Pack 3 pack",
    "COL Price": 18,
    "COL ppu": "$6.00 per 1Ea",
    "COL Size": "3 pack"
  },
  {
    "Brand_Product_Size": "Plumrose Cocktail Frankfurts 25 pack 400g",
    "COL Price": 4.3,
    "COL ppu": "$10.75 per 1Kg",
    "COL Size": "400g"
  },
  {
    "Brand_Product_Size": "Coles Frozen  RSPCA Approved Honey Soy Chicken Wing Nibbles 550g",
    "COL Price": 6.6,
    "COL ppu": "$12.00 per 1Kg",
    "COL Size": "550g"
  },
  {
    "Brand_Product_Size": "Decor Match Ups Basics Container Oblong Red 600ml each",
    "COL Price": 4.5,
    "COL ppu": "",
    "COL Size": "each"
  },
  {
    "Brand_Product_Size": "Elastoplast Flexible Fabric Strips 40 pack",
    "COL Price": 4.5,
    "COL ppu": "$0.11 per 1Ea",
    "COL Size": "40 pack"
  },
  {
    "Brand_Product_Size": "Continental Kosher Butchers Lamb Chops Round Bone approx. 500g",
    "COL Price": 18,
    "COL ppu": "$36.00 per 1Kg",
    "COL Size": "approx. 500g"
  },
  {
    "Brand_Product_Size": "Viva Fruit Cup Cordial 1L",
    "COL Price": 2,
    "COL ppu": "$2.00 per 1L",
    "COL Size": "1L"
  },
  {
    "Brand_Product_Size": "Arnott's Shapes Hunger Buster Cracker Trip Cheese Toast 168g",
    "COL Price": 3,
    "COL ppu": "$1.79 per 100G",
    "COL Size": "168g"
  },
  {
    "Brand_Product_Size": "Sour Patch Kids Lollies 220g",
    "COL Price": 4,
    "COL ppu": "$1.82 per 100G",
    "COL Size": "220g"
  },
  {
    "Brand_Product_Size": "Coles Kitchen Butter Chicken With Rice 350g",
    "COL Price": 6.5,
    "COL ppu": "$1.86 per 100G",
    "COL Size": "350g"
  },
  {
    "Brand_Product_Size": "Coles Bakery Cake Madeira Lemon 315g",
    "COL Price": 2.5,
    "COL ppu": "$0.79 per 100G",
    "COL Size": "315g"
  },
  {
    "Brand_Product_Size": "V.I.P. Fussy Cat Grain Free Beef Kangaroo & Sweet Potato Dry Cat Food 500g",
    "COL Price": 5,
    "COL ppu": "$1.00 per 100G",
    "COL Size": "500g"
  },
  {
    "Brand_Product_Size": "Difflam Sore Throat Spray Forte 15mL",
    "COL Price": 12.8,
    "COL ppu": "$85.34 per 100mL",
    "COL Size": "15mL"
  },
  {
    "Brand_Product_Size": "Coles Kitchen Loaded Mash 350g",
    "COL Price": 4.5,
    "COL ppu": "$1.29 per 100G",
    "COL Size": "350g"
  },
  {
    "Brand_Product_Size": "Harry Ramsden Chinese Curry Sauce 48g",
    "COL Price": 1.8,
    "COL ppu": "$3.75 per 100G",
    "COL Size": "48g"
  },
  {
    "Brand_Product_Size": "Beigel & Beigel Extra Thin Pretzels Sticks 150g",
    "COL Price": 2.4,
    "COL ppu": "$1.60 per 100G",
    "COL Size": "150g"
  },
  {
    "Brand_Product_Size": "Tuckers Natural Artisan Cracker Rye Rosemary 100g",
    "COL Price": 3.75,
    "COL ppu": "$3.75 per 100G",
    "COL Size": "100g"
  },
  {
    "Brand_Product_Size": "Armonia Pretzel Cracker 350g",
    "COL Price": 4,
    "COL ppu": "$1.14 per 100G",
    "COL Size": "350g"
  },
  {
    "Brand_Product_Size": "Swisse Ultiboost Hair Skin & Nails Liquid 500mL",
    "COL Price": 24,
    "COL ppu": "$4.80 per 100mL",
    "COL Size": "500mL"
  },
  {
    "Brand_Product_Size": "Jack Links Gluten Free Beef Biltong 45g",
    "COL Price": 4.55,
    "COL ppu": "$101.13 per 1Kg",
    "COL Size": "45g"
  },
  {
    "Brand_Product_Size": "Aqualove Alkaline Water 1L",
    "COL Price": 2.5,
    "COL ppu": "$2.50 per 1L",
    "COL Size": "1L"
  },
  {
    "Brand_Product_Size": "Always Fresh Grissini Sesame Sea Salt 125g",
    "COL Price": 3.7,
    "COL ppu": "$2.96 per 100G",
    "COL Size": "125g"
  },
  {
    "Brand_Product_Size": "Campbell's Bone Broth Beef 500mL",
    "COL Price": 5.6,
    "COL ppu": "$1.12 per 100mL",
    "COL Size": "500mL"
  },
  {
    "Brand_Product_Size": "Continental Chicken Stock Pot 112g",
    "COL Price": 3.5,
    "COL ppu": "$3.13 per 100G",
    "COL Size": "112g"
  },
  {
    "Brand_Product_Size": "Smith's Sour Cream & Onion Thinly Cut Potato Chips 175g",
    "COL Price": 2,
    "COL ppu": "$1.14 per 100G",
    "COL Size": "175g"
  },
  {
    "Brand_Product_Size": "Coca-Cola Diet Coke Soft Drink 1.25L",
    "COL Price": 3.15,
    "COL ppu": "$2.52 per 1L",
    "COL Size": "1.25L"
  },
  {
    "Brand_Product_Size": "KB Salt & Pepper Squid 360g",
    "COL Price": 9.5,
    "COL ppu": "$26.39 per 1Kg",
    "COL Size": "360g"
  },
  {
    "Brand_Product_Size": "Gillette Mach3+ Razor each",
    "COL Price": 12,
    "COL ppu": "$12.00 per 1Ea",
    "COL Size": "each"
  },
  {
    "Brand_Product_Size": "S & B Golden Curry Hot Sauce Mix 92g",
    "COL Price": 4.5,
    "COL ppu": "$4.89 per 100G",
    "COL Size": "92g"
  },
  {
    "Brand_Product_Size": "Tigi Bed Head reatment Mask urban Antidotes L2 Recovery 200g",
    "COL Price": 20,
    "COL ppu": "$10.00 per 100G",
    "COL Size": "200g"
  },
  {
    "Brand_Product_Size": "Farmers Market Adult Dry Dog Food Beef With Farm Vegetables 6.8kg",
    "COL Price": 35,
    "COL ppu": "$0.51 per 100G",
    "COL Size": "6.8kg"
  },
  {
    "Brand_Product_Size": "Sukin Creamy Body Wash Cucumber & Lemon 500mL",
    "COL Price": 9.95,
    "COL ppu": "$1.99 per 100mL",
    "COL Size": "500mL"
  },
  {
    "Brand_Product_Size": "Cook & Dine Stainless Steel Slotted Spoon each",
    "COL Price": 6,
    "COL ppu": "$6.00 per 1Ea",
    "COL Size": "each"
  },
  {
    "Brand_Product_Size": "Kellogg's Special K Original Breakfast Cereal with Grain Based Protein 300g",
    "COL Price": 4.95,
    "COL ppu": "$1.65 per 100G",
    "COL Size": "300g"
  },
  {
    "Brand_Product_Size": "Black Swan Crafted Baby Spinach & Fetta Dip 200g",
    "COL Price": 4.3,
    "COL ppu": "$2.15 per 100G",
    "COL Size": "200g"
  },
  {
    "Brand_Product_Size": "Mrs Mac's Frozen Microwave Traditional Beef Pastie 165g",
    "COL Price": 2.5,
    "COL ppu": "$1.52 per 100G",
    "COL Size": "165g"
  },
  {
    "Brand_Product_Size": "Felix Sensations Jellies Fishy Selection Cat Food 12 pack",
    "COL Price": 11.5,
    "COL ppu": "$1.13 per 100G",
    "COL Size": "12 pack"
  },
  {
    "Brand_Product_Size": "Lee Kum Kee Singapore Noodle Stir Fry Sauce Pouch 90g",
    "COL Price": 2.2,
    "COL ppu": "$2.44 per 100G",
    "COL Size": "90g"
  },
  {
    "Brand_Product_Size": "Cenovis Women's Multi Once Daily Capsules 100 pack",
    "COL Price": 18,
    "COL ppu": "$18.00 per 100Ea",
    "COL Size": "100 pack"
  },
  {
    "Brand_Product_Size": "Bonds Kids Logo Light 1/4 Crew RYPM4G Size 13-3 4 pack",
    "COL Price": 13,
    "COL ppu": "$3.25 per 1Ea",
    "COL Size": "4 pack"
  },
  {
    "Brand_Product_Size": "Bar Keepers Friend Cleanser & Polish Powder 340g",
    "COL Price": 8,
    "COL ppu": "$2.35 per 100G",
    "COL Size": "340g"
  },
  {
    "Brand_Product_Size": "Coles I'M Free From Corn Flakes 375g",
    "COL Price": 3,
    "COL ppu": "$0.80 per 100G",
    "COL Size": "375g"
  },
  {
    "Brand_Product_Size": "Total Care Slicker And Massager Brush Dog 1 pack",
    "COL Price": 14,
    "COL ppu": "$14.00 per 1Ea",
    "COL Size": "1 pack"
  },
  {
    "Brand_Product_Size": "Zwan Chicken Luncheon Meat 850g",
    "COL Price": 10,
    "COL ppu": "$1.18 per 100G",
    "COL Size": "850g"
  },
  {
    "Brand_Product_Size": "Lee Kum Kee Coconut Curry Vegetable Stir Fry Sauce Pouch 110g",
    "COL Price": 2.2,
    "COL ppu": "$2.00 per 100G",
    "COL Size": "110g"
  },
  {
    "Brand_Product_Size": "Grillman BBQ Bamboo Skewers 50 Pieces 1 pack",
    "COL Price": 4,
    "COL ppu": "$4.00 per 1Ea",
    "COL Size": "1 pack"
  },
  {
    "Brand_Product_Size": "UW Womens Smooth Lines Bikini 10/12 2 pack",
    "COL Price": 12,
    "COL ppu": "$6.00 per 1Ea",
    "COL Size": "2 pack"
  },
  {
    "Brand_Product_Size": "Schweppes Zero Soft Drink Creamy Brown 1.1L",
    "COL Price": 2.15,
    "COL ppu": "$1.95 per 1L",
    "COL Size": "1.1L"
  },
  {
    "Brand_Product_Size": "Riviana Extra Long Grain Basmati Rice 1kg",
    "COL Price": 4.5,
    "COL ppu": "$4.50 per 1Kg",
    "COL Size": "1kg"
  },
  {
    "Brand_Product_Size": "Nature's Gift Just Natural Gourmet Loaf Style Beef & Kidney with Chia Dog Food 100g",
    "COL Price": 1,
    "COL ppu": "$1.00 per 100G",
    "COL Size": "100g"
  },
  {
    "Brand_Product_Size": "Arnott's Tiny Teddy Spotty Dog Biscuits 8 Pack 184g",
    "COL Price": 3,
    "COL ppu": "$1.63 per 100G",
    "COL Size": "184g"
  },
  {
    "Brand_Product_Size": "Coles Bakery Stone Baked by Laurent Mini Wholemeal Pane Di Casa each",
    "COL Price": 2.85,
    "COL ppu": "$2.85 per 1Ea",
    "COL Size": "each"
  },
  {
    "Brand_Product_Size": "Fairy Dishwashing Easy Spray Antibac 275mL",
    "COL Price": 5,
    "COL ppu": "$1.82 per 100mL",
    "COL Size": "275mL"
  },
  {
    "Brand_Product_Size": "Lilydale Chicken Breast Schnitzels 400g",
    "COL Price": 10.5,
    "COL ppu": "$26.25 per 1Kg",
    "COL Size": "400g"
  },
  {
    "Brand_Product_Size": "Scunci Kink-Free Fabric Ponytailers 8 pieces 1 pack",
    "COL Price": 8,
    "COL ppu": "$8.00 per 1Ea",
    "COL Size": "1 pack"
  },
  {
    "Brand_Product_Size": "Monday Volume Shampoo 800mL",
    "COL Price": 14,
    "COL ppu": "$1.75 per 100mL",
    "COL Size": "800mL"
  },
  {
    "Brand_Product_Size": "Pana Organic Boysenberry Cheesecake Dairy Free Ice Cream Tub 475mL",
    "COL Price": 11,
    "COL ppu": "$2.32 per 100mL",
    "COL Size": "475mL"
  },
  {
    "Brand_Product_Size": "Coles Graze Grassfed Beef New York Strip Steak 380g",
    "COL Price": 15,
    "COL ppu": "$39.47 per 1Kg",
    "COL Size": "380g"
  },
  {
    "Brand_Product_Size": "Eskal Gefilte Fish 570g",
    "COL Price": 10,
    "COL ppu": "$1.75 per 100G",
    "COL Size": "570g"
  },
  {
    "Brand_Product_Size": "Inglewood Farms Free Range Organic Chicken Breast Fillets Skin Off approx. 488g each",
    "COL Price": 15.372,
    "COL ppu": "$31.50 per 1Kg",
    "COL Size": "approx. 488g each"
  },
  {
    "Brand_Product_Size": "Nescafe Sugar Free Caramel Latte Sachets 10 pack",
    "COL Price": 6.3,
    "COL ppu": "$0.63 per 1Ea",
    "COL Size": "10 pack"
  },
  {
    "Brand_Product_Size": "Wicked Caramel Dipping Sauce 130g",
    "COL Price": 2,
    "COL ppu": "$1.54 per 100G",
    "COL Size": "130g"
  },
  {
    "Brand_Product_Size": "Peters Light & Creamy Classic Vanilla Ice Cream Tub 1.8L",
    "COL Price": 5,
    "COL ppu": "$0.28 per 100mL",
    "COL Size": "1.8L"
  },
  {
    "Brand_Product_Size": "Swisse Kids Gummies Bone Health 60 pack",
    "COL Price": 9.5,
    "COL ppu": "$0.16 per 1Ea",
    "COL Size": "60 pack"
  },
  {
    "Brand_Product_Size": "Tip Top Sunblest Wholemeal Sandwich Bread 650g",
    "COL Price": 3,
    "COL ppu": "$0.46 per 100G",
    "COL Size": "650g"
  },
  {
    "Brand_Product_Size": "The Spice Tailor Mangalore Roasted Coconut 300g",
    "COL Price": 5.5,
    "COL ppu": "$1.83 per 100G",
    "COL Size": "300g"
  },
  {
    "Brand_Product_Size": "Dose & Co. Collagen Protein Powder Chocolate Fudge 420g",
    "COL Price": 32,
    "COL ppu": "$7.62 per 100G",
    "COL Size": "420g"
  },
  {
    "Brand_Product_Size": "Mighty Bellies Brown Rice Cocoa Flavour Crispy 6 Bars 120g",
    "COL Price": 6,
    "COL ppu": "$5.00 per 100G",
    "COL Size": "120g"
  },
  {
    "Brand_Product_Size": "Primo Gluten Free Cheese Kransky 250g",
    "COL Price": 4.7,
    "COL ppu": "$1.88 per 100G",
    "COL Size": "250g"
  },
  {
    "Brand_Product_Size": "Garnier Nutrisse Permanent Hair Colour 5N Natural Brown 1 pack",
    "COL Price": 7.5,
    "COL ppu": "$7.50 per 1Ea",
    "COL Size": "1 pack"
  },
  {
    "Brand_Product_Size": "Winners Lemon Lime Energy Gel 4 pack",
    "COL Price": 6.8,
    "COL ppu": "$4.25 per 100G",
    "COL Size": "4 pack"
  },
  {
    "Brand_Product_Size": "Nutribullet 600 Series each",
    "COL Price": 69,
    "COL ppu": "$69.00 per 1Ea",
    "COL Size": "each"
  },
  {
    "Brand_Product_Size": "Dishmatic Heavy Duty Refill 6 pack",
    "COL Price": 9,
    "COL ppu": "$1.50 per 1Ea",
    "COL Size": "6 pack"
  },
  {
    "Brand_Product_Size": "Coles Hb Pencils 12 pack",
    "COL Price": 4,
    "COL ppu": "$0.33 per 1Ea",
    "COL Size": "12 pack"
  },
  {
    "Brand_Product_Size": "Coles Natures Kitchen Silken Tofu 300g",
    "COL Price": 2.3,
    "COL ppu": "$0.77 per 100G",
    "COL Size": "300g"
  },
  {
    "Brand_Product_Size": "Mr Fishi Sprats In Oil 250g",
    "COL Price": 6,
    "COL ppu": "$2.40 per 100G",
    "COL Size": "250g"
  },
  {
    "Brand_Product_Size": "Red Tractor Organic Cacao Powder 300g",
    "COL Price": 8,
    "COL ppu": "$26.67 per 1Kg",
    "COL Size": "300g"
  },
  {
    "Brand_Product_Size": "Rose's English Breakfast Marmalade 500g",
    "COL Price": 3.85,
    "COL ppu": "$0.77 per 100G",
    "COL Size": "500g"
  },
  {
    "Brand_Product_Size": "Talley's Garlic Mussels 375g",
    "COL Price": 7.75,
    "COL ppu": "$20.67 per 1Kg",
    "COL Size": "375g"
  },
  {
    "Brand_Product_Size": "Coles Finest Sausages Italian Pork 500g",
    "COL Price": 7.5,
    "COL ppu": "$1.50 per 100G",
    "COL Size": "500g"
  },
  {
    "Brand_Product_Size": "Energizer Wall Charger 2.4A + Type C White Cable 1 pack",
    "COL Price": 35,
    "COL ppu": "$35.00 per 1Ea",
    "COL Size": "1 pack"
  },
  {
    "Brand_Product_Size": "The Bar Counter Plant Protein Dark Chocolate Coconut 40g",
    "COL Price": 2.5,
    "COL ppu": "$6.25 per 100G",
    "COL Size": "40g"
  },
  {
    "Brand_Product_Size": "Dragon Glutinous Rice 1kg",
    "COL Price": 5,
    "COL ppu": "$5.00 per 1Kg",
    "COL Size": "1kg"
  },
  {
    "Brand_Product_Size": "Escuris Sardines In Olive Oil 115g",
    "COL Price": 2.6,
    "COL ppu": "$22.61 per 1Kg",
    "COL Size": "115g"
  },
  {
    "Brand_Product_Size": "Vege Original BBQ Chips 100g",
    "COL Price": 3.8,
    "COL ppu": "$3.80 per 100G",
    "COL Size": "100g"
  },
  {
    "Brand_Product_Size": "Energizer Car Adapter 2.4A USB Black 1 pack",
    "COL Price": 17,
    "COL ppu": "$17.00 per 1Ea",
    "COL Size": "1 pack"
  },
  {
    "Brand_Product_Size": "I&J Wild Caught Jumbo Prawns 500g",
    "COL Price": 28,
    "COL ppu": "$56.00 per 1Kg",
    "COL Size": "500g"
  },
  {
    "Brand_Product_Size": "Frooti Mango Drink 500mL",
    "COL Price": 1.75,
    "COL ppu": "$3.50 per 1L",
    "COL Size": "500mL"
  },
  {
    "Brand_Product_Size": "Massel Salt Reduced Vegetable Stock Cubes 105g",
    "COL Price": 3.4,
    "COL ppu": "$0.32 per 10G",
    "COL Size": "105g"
  },
  {
    "Brand_Product_Size": "Mitchum Women's Roll On Powder Fresh Antiperspirant Deodorant 50mL",
    "COL Price": 3.8,
    "COL ppu": "$7.60 per 100mL",
    "COL Size": "50mL"
  },
  {
    "Brand_Product_Size": "Coles Deli Small BBQ Pasta Salad each",
    "COL Price": 5,
    "COL ppu": "$5.00 per 1Ea",
    "COL Size": "each"
  },
  {
    "Brand_Product_Size": "Gravox Instant Salt Reduced Traditional Gravy Mix 120g",
    "COL Price": 3.5,
    "COL ppu": "$2.92 per 100G",
    "COL Size": "120g"
  },
  {
    "Brand_Product_Size": "L'Oreal Primer Infallible Matte 35mL",
    "COL Price": 21,
    "COL ppu": "$6.00 per 10mL",
    "COL Size": "35mL"
  },
  {
    "Brand_Product_Size": "Air Wick Life Scents Mystical Garden Freshmatic Refill 157g",
    "COL Price": 8,
    "COL ppu": "$5.10 per 100G",
    "COL Size": "157g"
  },
  {
    "Brand_Product_Size": "Coles Honey Belle Pears approx. 170g",
    "COL Price": 1.343,
    "COL ppu": "$7.90 per 1Kg",
    "COL Size": "approx. 170g"
  },
  {
    "Brand_Product_Size": "Woofin Good Chunks In Gravy Mixed Selection Beef Lamb & Pork Dog Food Pouches 12 pack",
    "COL Price": 14,
    "COL ppu": "$1.17 per 100G",
    "COL Size": "12 pack"
  },
  {
    "Brand_Product_Size": "Head & Shoulders Supreme Purify & Volume Shampoo 550mL",
    "COL Price": 9.5,
    "COL ppu": "$1.73 per 100mL",
    "COL Size": "550mL"
  },
  {
    "Brand_Product_Size": "Kellogg's Just Right Fusion Granola Cereal Cranberry & Apple 400g",
    "COL Price": 4.8,
    "COL ppu": "$1.20 per 100G",
    "COL Size": "400g"
  },
  {
    "Brand_Product_Size": "Coles Organic Rolled Oats 500g",
    "COL Price": 2.75,
    "COL ppu": "$0.55 per 100G",
    "COL Size": "500g"
  },
  {
    "Brand_Product_Size": "K-Roo Kangaroo Herb and Garlic Marinated Steak approx. 600g pack",
    "COL Price": 12,
    "COL ppu": "$20.00 per 1Kg",
    "COL Size": "approx. 600g pack"
  },
  {
    "Brand_Product_Size": "Koi Jasmine & Sandalwood Body Wash 500mL",
    "COL Price": 8,
    "COL ppu": "$1.60 per 100mL",
    "COL Size": "500mL"
  },
  {
    "Brand_Product_Size": "Coles Deli Thawed Seafood Highlighter approx. 250g",
    "COL Price": 1.375,
    "COL ppu": "$5.50 per 1Kg",
    "COL Size": "approx. 250g"
  },
  {
    "Brand_Product_Size": "Jelly B Drinkable Konjac Jelly Peach Flavour 150mL",
    "COL Price": 2.7,
    "COL ppu": "$1.80 per 100mL",
    "COL Size": "150mL"
  },
  {
    "Brand_Product_Size": "Lucky Flaked Almonds 230g",
    "COL Price": 8,
    "COL ppu": "$34.78 per 1Kg",
    "COL Size": "230g"
  },
  {
    "Brand_Product_Size": "Coles Organic Cacao Nibs 200g",
    "COL Price": 4.4,
    "COL ppu": "$2.20 per 100G",
    "COL Size": "200g"
  },
  {
    "Brand_Product_Size": "Dare Iced Coffee Espresso Flavoured Milk 500mL",
    "COL Price": 2.6,
    "COL ppu": "$5.20 per 1L",
    "COL Size": "500mL"
  },
  {
    "Brand_Product_Size": "Despicable Me SPF 50+ Sunscreen Tube 100mL",
    "COL Price": 8.8,
    "COL ppu": "$8.80 per 100mL",
    "COL Size": "100mL"
  },
  {
    "Brand_Product_Size": "Golden Days Apricot Delight Pieces 150g",
    "COL Price": 2.5,
    "COL ppu": "$1.67 per 100G",
    "COL Size": "150g"
  },
  {
    "Brand_Product_Size": "Jalna Pot Set Creamy Vanilla Yoghurt 1kg",
    "COL Price": 7.5,
    "COL ppu": "$0.75 per 100G",
    "COL Size": "1kg"
  },
  {
    "Brand_Product_Size": "Lo Bros Kombucha Passionfruit 750mL",
    "COL Price": 5,
    "COL ppu": "$6.67 per 1L",
    "COL Size": "750mL"
  },
  {
    "Brand_Product_Size": "T2 Tummy Tea 10 pack",
    "COL Price": 7,
    "COL ppu": "$0.70 per 1Ea",
    "COL Size": "10 pack"
  },
  {
    "Brand_Product_Size": "A2 No Fat Milk 1L",
    "COL Price": 3.2,
    "COL ppu": "$3.20 per 1L",
    "COL Size": "1L"
  },
  {
    "Brand_Product_Size": "Starbucks Caffe Verona Ground 200g",
    "COL Price": 9,
    "COL ppu": "$4.50 per 100G",
    "COL Size": "200g"
  },
  {
    "Brand_Product_Size": "Cracker Barrel Extra Sharp Vintage Cheddar Cheese Block 500g",
    "COL Price": 10.3,
    "COL ppu": "$2.06 per 100G",
    "COL Size": "500g"
  },
  {
    "Brand_Product_Size": "Devondale Instant Full Cream Milk Powder 1kg",
    "COL Price": 10.75,
    "COL ppu": "$1.08 per 100G",
    "COL Size": "1kg"
  },
  {
    "Brand_Product_Size": "Nestle Bar-One Chocolate 55g",
    "COL Price": 1.8,
    "COL ppu": "$3.27 per 100G",
    "COL Size": "55g"
  },
  {
    "Brand_Product_Size": "Vaalia Plain Yoghurt Low Fat 900g",
    "COL Price": 5.8,
    "COL ppu": "$0.64 per 100G",
    "COL Size": "900g"
  },
  {
    "Brand_Product_Size": "Coles Field Tomatoes Loose approx. 110g each",
    "COL Price": 0.649,
    "COL ppu": "$5.90 per 1Kg",
    "COL Size": "approx. 110g each"
  },
  {
    "Brand_Product_Size": "Dairy Farmers Caramel Flavoured Milk 500mL",
    "COL Price": 3,
    "COL ppu": "$6.00 per 1L",
    "COL Size": "500mL"
  },
  {
    "Brand_Product_Size": "Freedom Foods Berry Coconut Clusters 360g",
    "COL Price": 6,
    "COL ppu": "$1.67 per 100G",
    "COL Size": "360g"
  },
  {
    "Brand_Product_Size": "Heinz Pureed Apple & Oatmeal 6+ Months 170g",
    "COL Price": 1.5,
    "COL ppu": "$0.88 per 100G",
    "COL Size": "170g"
  },
  {
    "Brand_Product_Size": "Arnott's Original Pizza Shapes 190g",
    "COL Price": 3.2,
    "COL ppu": "$1.68 per 100G",
    "COL Size": "190g"
  },
  {
    "Brand_Product_Size": "Huggies Ultra Dry Nappy For Boys 6-11 Kg Size 3 44 pack",
    "COL Price": 13,
    "COL ppu": "$0.30 per 1Ea",
    "COL Size": "44 pack"
  },
  {
    "Brand_Product_Size": "Coles Urban Coffee Culture Dolce Gusto Ristretto Capsules 16 pack",
    "COL Price": 5.5,
    "COL ppu": "$0.34 per 1Ea",
    "COL Size": "16 pack"
  },
  {
    "Brand_Product_Size": "Revlon Volume + Length Magnified Waterproof Mascara Blackest Black 8.5mL",
    "COL Price": 22,
    "COL ppu": "$25.88 per 10mL",
    "COL Size": "8.5mL"
  },
  {
    "Brand_Product_Size": "MasterFoods Beef Stroganoff Recipe Base 175g",
    "COL Price": 2.2,
    "COL ppu": "$1.26 per 100G",
    "COL Size": "175g"
  },
  {
    "Brand_Product_Size": "Castello Herbs & Garlic In Oil Marinated Fetta 265g",
    "COL Price": 6,
    "COL ppu": "$22.64 per 1Kg",
    "COL Size": "265g"
  },
  {
    "Brand_Product_Size": "Cadbury Dairy Milk Turkish Delight Chocolate Block 180g",
    "COL Price": 5,
    "COL ppu": "$2.78 per 100G",
    "COL Size": "180g"
  },
  {
    "Brand_Product_Size": "Sanitarium Weet-Bix Bites Wild berry Breakfast Cereal 500g",
    "COL Price": 4,
    "COL ppu": "$0.80 per 100G",
    "COL Size": "500g"
  },
  {
    "Brand_Product_Size": "Sustagen Dutch Chocolate Powder 550g",
    "COL Price": 9.5,
    "COL ppu": "$1.73 per 100G",
    "COL Size": "550g"
  },
  {
    "Brand_Product_Size": "Coles Kitchen Chicken Noodle Soup 300g",
    "COL Price": 3,
    "COL ppu": "$1.00 per 100G",
    "COL Size": "300g"
  },
  {
    "Brand_Product_Size": "Calbee Gluten Free Harvest Snaps Original Salted Baked Pea Crisps 5 pack 80g",
    "COL Price": 3.5,
    "COL ppu": "$4.38 per 100G",
    "COL Size": "80g"
  },
  {
    "Brand_Product_Size": "Old El Paso Tortilla Pockets 8 Pack 223g",
    "COL Price": 4.75,
    "COL ppu": "$2.13 per 100G",
    "COL Size": "223g"
  },
  {
    "Brand_Product_Size": "Haribo Starmix 400g",
    "COL Price": 4,
    "COL ppu": "$1.00 per 100G",
    "COL Size": "400g"
  },
  {
    "Brand_Product_Size": "Coles Large Foil Roaster Tray 1 pack",
    "COL Price": 2.5,
    "COL ppu": "$2.50 per 1Ea",
    "COL Size": "1 pack"
  },
  {
    "Brand_Product_Size": "Rexona Women Clinical Protection Antiperspirant Deodorant Stress Control 45mL",
    "COL Price": 13,
    "COL ppu": "$28.89 per 100mL",
    "COL Size": "45mL"
  },
  {
    "Brand_Product_Size": "Sunbites Sea Salt Snack Crackers 105g",
    "COL Price": 3,
    "COL ppu": "$2.86 per 100G",
    "COL Size": "105g"
  },
  {
    "Brand_Product_Size": "Grandma Moses White Sourdough 900g",
    "COL Price": 7.5,
    "COL ppu": "$0.83 per 100G",
    "COL Size": "900g"
  },
  {
    "Brand_Product_Size": "Coles Finest Quince Paste 100g",
    "COL Price": 4.5,
    "COL ppu": "$4.50 per 100G",
    "COL Size": "100g"
  },
  {
    "Brand_Product_Size": "Coles Bresaola 80g",
    "COL Price": 7,
    "COL ppu": "$87.50 per 1Kg",
    "COL Size": "80g"
  },
  {
    "Brand_Product_Size": "Fresh Up Apple & Orange Juice Can 355mL",
    "COL Price": 2.3,
    "COL ppu": "$0.65 per 100mL",
    "COL Size": "355mL"
  },
  {
    "Brand_Product_Size": "Peckish Fancies Rice Smokey BBQ & Cracked Pepper 90g",
    "COL Price": 1.4,
    "COL ppu": "$1.56 per 100G",
    "COL Size": "90g"
  },
  {
    "Brand_Product_Size": "Amy's Kitchen Frozen Gluten Free Vegetable Lasagne 255g",
    "COL Price": 7.8,
    "COL ppu": "$3.06 per 100G",
    "COL Size": "255g"
  },
  {
    "Brand_Product_Size": "Garnier Ampoule Mask Watermelon 15g",
    "COL Price": 3,
    "COL ppu": "$20.00 per 100G",
    "COL Size": "15g"
  },
  {
    "Brand_Product_Size": "Vitasoy Protein Plus 1L",
    "COL Price": 3,
    "COL ppu": "$3.00 per 1L",
    "COL Size": "1L"
  },
  {
    "Brand_Product_Size": "Palmolive Eco Dishwashing Liquid Coconut & Lime 900 mL",
    "COL Price": 9,
    "COL ppu": "",
    "COL Size": "900 mL"
  },
  {
    "Brand_Product_Size": "Applaws Pate Lamb Meat With Potato And Peas Dog Food 370g",
    "COL Price": 4.5,
    "COL ppu": "$1.22 per 100G",
    "COL Size": "370g"
  },
  {
    "Brand_Product_Size": "Coles Retractable Ballpoint Pen Assorted 10 pack",
    "COL Price": 5,
    "COL ppu": "$0.50 per 1Ea",
    "COL Size": "10 pack"
  },
  {
    "Brand_Product_Size": "Nicabate Extra Fresh Mint Nicotine Chewing Gum 2mg 200 pack",
    "COL Price": 40,
    "COL ppu": "$0.20 per 1Ea",
    "COL Size": "200 pack"
  },
  {
    "Brand_Product_Size": "Coles Baby Spinach Prepacked 120g",
    "COL Price": 3,
    "COL ppu": "$25.00 per 1Kg",
    "COL Size": "120g"
  },
  {
    "Brand_Product_Size": "Devondale Skim Long Life Milk 6 pack 1.2L",
    "COL Price": 3.2,
    "COL ppu": "$2.67 per 1L",
    "COL Size": "1.2L"
  },
  {
    "Brand_Product_Size": "Mission White Corn 12 Tortillas 312g",
    "COL Price": 3.8,
    "COL ppu": "$1.22 per 100G",
    "COL Size": "312g"
  },
  {
    "Brand_Product_Size": "Coles Pink Himalayan Fine Salt 750g",
    "COL Price": 4,
    "COL ppu": "$0.05 per 10G",
    "COL Size": "750g"
  },
  {
    "Brand_Product_Size": "Coles Frozen Family Apple Pie 600g",
    "COL Price": 3.2,
    "COL ppu": "$0.53 per 100G",
    "COL Size": "600g"
  },
  {
    "Brand_Product_Size": "Blistex Lip Infusions Hydration Lip Balm 3.7g",
    "COL Price": 6,
    "COL ppu": "$1.62 per 1G",
    "COL Size": "3.7g"
  },
  {
    "Brand_Product_Size": "T2 Detox Tea 10 pack",
    "COL Price": 7,
    "COL ppu": "$0.70 per 1Ea",
    "COL Size": "10 pack"
  },
  {
    "Brand_Product_Size": "Coles Lemon Flavoured Drink 1.25L",
    "COL Price": 1,
    "COL ppu": "$0.80 per 1L",
    "COL Size": "1.25L"
  },
  {
    "Brand_Product_Size": "Colgate Zig Zag Medium Toothbrush Value Pack 6 pack",
    "COL Price": 10,
    "COL ppu": "$1.67 per 1Ea",
    "COL Size": "6 pack"
  },
  {
    "Brand_Product_Size": "Ultra Life High Strength Vitamin C 1000mg Tablets 200 pack",
    "COL Price": 30,
    "COL ppu": "$0.15 per 1Ea",
    "COL Size": "200 pack"
  },
  {
    "Brand_Product_Size": "Clearblue Triple Check Combo 1 Digital & 2 Visual Test Kit 3 pack",
    "COL Price": 25,
    "COL ppu": "$8.33 per 1Ea",
    "COL Size": "3 pack"
  },
  {
    "Brand_Product_Size": "Coles Topless Pineapple each",
    "COL Price": 4.9,
    "COL ppu": "$4.90 per 1Ea",
    "COL Size": "each"
  },
  {
    "Brand_Product_Size": "Cuddly Soft & Sensitive Concentrate Fabric Conditioner 2L",
    "COL Price": 15,
    "COL ppu": "$7.50 per 1L",
    "COL Size": "2L"
  },
  {
    "Brand_Product_Size": "Radiant Laundry Powder Whites & Colours 4kg",
    "COL Price": 24,
    "COL ppu": "$6.00 per 1Kg",
    "COL Size": "4kg"
  },
  {
    "Brand_Product_Size": "Mary Macks Instant Batter Mix 150g",
    "COL Price": 2.5,
    "COL ppu": "$0.17 per 10G",
    "COL Size": "150g"
  },
  {
    "Brand_Product_Size": "Fancy Feast Royale Virgin Flaked Tuna Canned Cat Food 85g",
    "COL Price": 2,
    "COL ppu": "$2.35 per 100G",
    "COL Size": "85g"
  },
  {
    "Brand_Product_Size": "Leggo's Tomato Ricotta & Spinach Pasta Bake Sauce 500g",
    "COL Price": 3,
    "COL ppu": "$0.60 per 100G",
    "COL Size": "500g"
  },
  {
    "Brand_Product_Size": "Whiskas Adult 7+ Dry Cat Food With Tuna & Sardine 1.8kg",
    "COL Price": 9,
    "COL ppu": "$0.50 per 100G",
    "COL Size": "1.8kg"
  },
  {
    "Brand_Product_Size": "Tv Week My Family Secret each",
    "COL Price": 5.2,
    "COL ppu": "$26.00 per 1Kg",
    "COL Size": "each"
  },
  {
    "Brand_Product_Size": "Coles Strong Cappuccino Coffee Sachets 10 pack",
    "COL Price": 3.25,
    "COL ppu": "$0.33 per 1Ea",
    "COL Size": "10 pack"
  },
  {
    "Brand_Product_Size": "Coles Frozen Vegetable Spring Rolls 60 pack 1kg",
    "COL Price": 5.8,
    "COL ppu": "$0.58 per 100G",
    "COL Size": "1kg"
  },
  {
    "Brand_Product_Size": "Sanpellegrino Sparkling Mineral Water 750mL 12 pack",
    "COL Price": 25.8,
    "COL ppu": "$2.87 per 1L",
    "COL Size": "12 pack"
  },
  {
    "Brand_Product_Size": "Licenced Back Pack Boys each",
    "COL Price": 15,
    "COL ppu": "$15.00 per 1Ea",
    "COL Size": "each"
  },
  {
    "Brand_Product_Size": "Coles Butcher Lamb Forequarter Chops approx. 1.177kg",
    "COL Price": 14.124,
    "COL ppu": "$12.00 per 1Kg",
    "COL Size": "approx. 1.177kg"
  },
  {
    "Brand_Product_Size": "Ease A Cold Cold & Congestion Day & Night Capsules 30 pack",
    "COL Price": 10.87,
    "COL ppu": "$0.36 per 1Ea",
    "COL Size": "30 pack"
  },
  {
    "Brand_Product_Size": "Pascall Party Pack Lollies 240g",
    "COL Price": 4,
    "COL ppu": "$1.67 per 100G",
    "COL Size": "240g"
  },
  {
    "Brand_Product_Size": "Coles Nylon Scourers 5 pack",
    "COL Price": 0.6,
    "COL ppu": "$0.12 per 1Ea",
    "COL Size": "5 pack"
  },
  {
    "Brand_Product_Size": "Carman's Greek Style Yoghurt & Berry Gourmet Protein Bars 5 pack 200g",
    "COL Price": 6.3,
    "COL ppu": "$3.15 per 100G",
    "COL Size": "200g"
  },
  {
    "Brand_Product_Size": "OMO Active Clean Top & Front Loader Laundry Liquid Detergent 4L",
    "COL Price": 24,
    "COL ppu": "$6.00 per 1L",
    "COL Size": "4L"
  },
  {
    "Brand_Product_Size": "Korbond Lint Roller Refill 1 each",
    "COL Price": 6.3,
    "COL ppu": "$6.30 per 1ea",
    "COL Size": "1 each"
  },
  {
    "Brand_Product_Size": "Chobani Fit Raspberry Yoghurt 170g",
    "COL Price": 2.25,
    "COL ppu": "$1.32 per 100G",
    "COL Size": "170g"
  },
  {
    "Brand_Product_Size": "Coles Dinosaur Plates 10 pack",
    "COL Price": 2.5,
    "COL ppu": "$0.25 per 1Ea",
    "COL Size": "10 pack"
  },
  {
    "Brand_Product_Size": "Coles Cashew Mac Peanut Mix 400g",
    "COL Price": 9,
    "COL ppu": "$2.25 per 100G",
    "COL Size": "400g"
  },
  {
    "Brand_Product_Size": "Pups In The Pantry Peamutt Butter Scrolls 4 Pieces 1 pack",
    "COL Price": 6.4,
    "COL ppu": "$6.40 per 1Ea",
    "COL Size": "1 pack"
  },
  {
    "Brand_Product_Size": "Peckish Gluten Free Fancies Aged Cheddar & Chives Flavoured Rice Crackers 90g",
    "COL Price": 1.4,
    "COL ppu": "$1.56 per 100G",
    "COL Size": "90g"
  },
  {
    "Brand_Product_Size": "Arnott's Family Pack Tim Tam Biscuits 365g",
    "COL Price": 4.5,
    "COL ppu": "$1.23 per 100G",
    "COL Size": "365g"
  },
  {
    "Brand_Product_Size": "Bickford's Lime Cordial 750mL",
    "COL Price": 3.2,
    "COL ppu": "$4.27 per 1L",
    "COL Size": "750mL"
  },
  {
    "Brand_Product_Size": "Morning Fresh Limited Edition Dishwashing Liquid 400mL",
    "COL Price": 2.15,
    "COL ppu": "$0.54 per 100mL",
    "COL Size": "400mL"
  },
  {
    "Brand_Product_Size": "Vicks Nasal Decongestant Inhaler 2 pack",
    "COL Price": 13,
    "COL ppu": "$6.50 per 1Ea",
    "COL Size": "2 pack"
  },
  {
    "Brand_Product_Size": "Patak's Rogan Josh Simmer Sauce Medium 450g",
    "COL Price": 3.5,
    "COL ppu": "$0.78 per 100G",
    "COL Size": "450g"
  },
  {
    "Brand_Product_Size": "Bega Stringers Original Cheese 12 Pack 240g",
    "COL Price": 5.8,
    "COL ppu": "$2.42 per 100G",
    "COL Size": "240g"
  },
  {
    "Brand_Product_Size": "Coles Cypriot Mint Halloumi 250g",
    "COL Price": 5.25,
    "COL ppu": "$21.00 per 1Kg",
    "COL Size": "250g"
  },
  {
    "Brand_Product_Size": "Waikato Vintage approx.100g",
    "COL Price": 10.5,
    "COL ppu": "$105.00 per 1Kg",
    "COL Size": "approx.100g"
  },
  {
    "Brand_Product_Size": "Sistema Klip It Plus Rectangle Container 2.2L each",
    "COL Price": 3.75,
    "COL ppu": "$3.75 per 1Ea",
    "COL Size": "each"
  },
  {
    "Brand_Product_Size": "Jiffy Firelighters 24 pack",
    "COL Price": 4.7,
    "COL ppu": "$0.20 per 1Ea",
    "COL Size": "24 pack"
  },
  {
    "Brand_Product_Size": "Coles Finest Angus Beef Blended With Coarse Ground Brisket Burger 600g",
    "COL Price": 9,
    "COL ppu": "$1.50 per 100G",
    "COL Size": "600g"
  },
  {
    "Brand_Product_Size": "Coles Bagels Plain 4 pack 360g",
    "COL Price": 3,
    "COL ppu": "$0.83 per 100G",
    "COL Size": "360g"
  },
  {
    "Brand_Product_Size": "Duracell Coppertop D4 Batteries 4 pack",
    "COL Price": 9.9,
    "COL ppu": "$2.48 per 1Ea",
    "COL Size": "4 pack"
  },
  {
    "Brand_Product_Size": "Coles Deli Castello White Cheese approx. 100g",
    "COL Price": 4.5,
    "COL ppu": "$45.00 per 1Kg",
    "COL Size": "approx. 100g"
  },
  {
    "Brand_Product_Size": "Stubb's Sticky Sweet BBQ Sauce 510g",
    "COL Price": 6,
    "COL ppu": "$1.18 per 100G",
    "COL Size": "510g"
  },
  {
    "Brand_Product_Size": "Sunsol Almonds Cashew Macadamia & Walnut Muesli 500g",
    "COL Price": 6,
    "COL ppu": "$1.20 per 100G",
    "COL Size": "500g"
  },
  {
    "Brand_Product_Size": "Hoyts Thyme 15g",
    "COL Price": 1.3,
    "COL ppu": "$0.87 per 10G",
    "COL Size": "15g"
  },
  {
    "Brand_Product_Size": "Schmackos Chomp N Chew Large Dog With Beef Dog Treat 1 pack",
    "COL Price": 4.3,
    "COL ppu": "$4.30 per 1Ea",
    "COL Size": "1 pack"
  },
  {
    "Brand_Product_Size": "Coles Kitchen Loaded Chilli Wedges 1.2 kg",
    "COL Price": 14,
    "COL ppu": "$1.17 per 100G",
    "COL Size": "1.2 kg"
  },
  {
    "Brand_Product_Size": "Coles Roasted Almond Butter 250g",
    "COL Price": 5.7,
    "COL ppu": "$2.28 per 100G",
    "COL Size": "250g"
  },
  {
    "Brand_Product_Size": "Vittoria Espressotoria Espresso Coffee Capsules 12 pack 78g",
    "COL Price": 4.2,
    "COL ppu": "$5.38 per 100G",
    "COL Size": "78g"
  },
  {
    "Brand_Product_Size": "Tempo Natural Yoghurt 200g",
    "COL Price": 3,
    "COL ppu": "$1.50 per 100G",
    "COL Size": "200g"
  },
  {
    "Brand_Product_Size": "Tracklement Perfect Ploughmans Pickle 295g",
    "COL Price": 14.75,
    "COL ppu": "$5.00 per 100G",
    "COL Size": "295g"
  },
  {
    "Brand_Product_Size": "Twinings Peppermint & Spearmint Tea Bags 10 Pack 20g",
    "COL Price": 2.9,
    "COL ppu": "$0.29 per 1Ea",
    "COL Size": "20g"
  },
  {
    "Brand_Product_Size": "Dove Antiperspirant Aerosol Apple White Tea 250mL",
    "COL Price": 7,
    "COL ppu": "$2.80 per 100mL",
    "COL Size": "250mL"
  },
  {
    "Brand_Product_Size": "Vicks Vapodrop Original Menthol Lozenges 42 pack",
    "COL Price": 5.7,
    "COL ppu": "$0.14 per 1Ea",
    "COL Size": "42 pack"
  },
  {
    "Brand_Product_Size": "Five Tastes Lemongrass & Kaffir Lime Stir Fry Shots 180g",
    "COL Price": 3,
    "COL ppu": "$1.67 per 100G",
    "COL Size": "180g"
  },
  {
    "Brand_Product_Size": "Coles 100% Australian Sultanas 375g",
    "COL Price": 3,
    "COL ppu": "$8.00 per 1Kg",
    "COL Size": "375g"
  },
  {
    "Brand_Product_Size": "Daim Chocolate Bar 56g",
    "COL Price": 2.15,
    "COL ppu": "$3.84 per 100G",
    "COL Size": "56g"
  },
  {
    "Brand_Product_Size": "Hedys Quiche Spinach Parmesan 1.1kg",
    "COL Price": 13.5,
    "COL ppu": "$1.23 per 100G",
    "COL Size": "1.1kg"
  },
  {
    "Brand_Product_Size": "Pukka Herbal Collection Tea Bags 20 pack 34.4g",
    "COL Price": 7.5,
    "COL ppu": "$0.38 per 1Ea",
    "COL Size": "34.4g"
  },
  {
    "Brand_Product_Size": "Coles Large Chilli Bacon Penne Salad each",
    "COL Price": 7,
    "COL ppu": "$7.00 per 1Ea",
    "COL Size": "each"
  },
  {
    "Brand_Product_Size": "Higher Living Organic Cinnamon Tea Bags 15 Pack 33g",
    "COL Price": 2.95,
    "COL ppu": "$0.20 per 1Ea",
    "COL Size": "33g"
  },
  {
    "Brand_Product_Size": "Woofin Good Beef Rice & Vegetables Adult Dry Dog Food 2.5kg",
    "COL Price": 17,
    "COL ppu": "$0.68 per 100G",
    "COL Size": "2.5kg"
  },
  {
    "Brand_Product_Size": "Coles Thawed Seafood Half Shell Scallops each",
    "COL Price": 1.3,
    "COL ppu": "$1.30 per 1Ea",
    "COL Size": "each"
  },
  {
    "Brand_Product_Size": "No Vac Pet Foam Carpet Sanitiser & Deodoriser 290g",
    "COL Price": 4.9,
    "COL ppu": "$1.69 per 100G",
    "COL Size": "290g"
  },
  {
    "Brand_Product_Size": "Mildura Original Tropical 2L",
    "COL Price": 4,
    "COL ppu": "$2.00 per 1L",
    "COL Size": "2L"
  },
  {
    "Brand_Product_Size": "Royal Fields Stuffed Vine Leaves 400g",
    "COL Price": 2.95,
    "COL ppu": "$0.74 per 100G",
    "COL Size": "400g"
  },
  {
    "Brand_Product_Size": "Biozet Attack Plus Softener Liquid 2L",
    "COL Price": 22,
    "COL ppu": "$11.00 per 1L",
    "COL Size": "2L"
  },
  {
    "Brand_Product_Size": "Heinz Soup Of The Day 7 Veg With Garden Herbs Soup Pouch 430g",
    "COL Price": 3,
    "COL ppu": "$0.70 per 100G",
    "COL Size": "430g"
  },
  {
    "Brand_Product_Size": "Bulla Crunch Double Chocolate Ice Cream Sticks 8 pack 631mL",
    "COL Price": 7,
    "COL ppu": "$1.11 per 100mL",
    "COL Size": "631mL"
  },
  {
    "Brand_Product_Size": "Moro Olive Oil Balsamic Vinegar 250mL",
    "COL Price": 5.5,
    "COL ppu": "$2.20 per 100mL",
    "COL Size": "250mL"
  },
  {
    "Brand_Product_Size": "Coles Bakery Stone Baked By Laurent Mini White Sourdough Vienna each",
    "COL Price": 2.85,
    "COL ppu": "$2.85 per 1Ea",
    "COL Size": "each"
  },
  {
    "Brand_Product_Size": "Heinz Baby Basics Bottle & Teat Brush each",
    "COL Price": 7.7,
    "COL ppu": "$7.70 per 1Ea",
    "COL Size": "each"
  },
  {
    "Brand_Product_Size": "Maybelline Dream Fresh BB Cream Light 30mL",
    "COL Price": 11.9,
    "COL ppu": "$3.97 per 10mL",
    "COL Size": "30mL"
  },
  {
    "Brand_Product_Size": "Frantelle The Active One Spring Water 750mL",
    "COL Price": 1.7,
    "COL ppu": "$2.27 per 1L",
    "COL Size": "750mL"
  },
  {
    "Brand_Product_Size": "Coles Deli Salad Tubs Medium Quinoa Tabouleh Salad medium",
    "COL Price": 6,
    "COL ppu": "$6.00 per 1Ea",
    "COL Size": "medium"
  },
  {
    "Brand_Product_Size": "Coles Cafe Style Apple Cinnamon Muffin each",
    "COL Price": 3,
    "COL ppu": "$3.00 per 1Ea",
    "COL Size": "each"
  },
  {
    "Brand_Product_Size": "Rexona Men Antiperspirant Aerosol Advanced Invisible Ice Fresh 220mL",
    "COL Price": 7.5,
    "COL ppu": "$3.41 per 100mL",
    "COL Size": "220mL"
  },
  {
    "Brand_Product_Size": "Uncle Tobys Rainbow Berry Berry Roll Ups 94g",
    "COL Price": 2,
    "COL ppu": "$2.13 per 100G",
    "COL Size": "94g"
  },
  {
    "Brand_Product_Size": "Duracell Ultra Alkaline AA Batteries 4 pack",
    "COL Price": 9.9,
    "COL ppu": "$2.48 per 1Ea",
    "COL Size": "4 pack"
  },
  {
    "Brand_Product_Size": "Wallaby Nutty Bites With Sea Salt 130g",
    "COL Price": 5,
    "COL ppu": "$3.85 per 100G",
    "COL Size": "130g"
  },
  {
    "Brand_Product_Size": "Coles Vegan Peppermint Chocolate 80g",
    "COL Price": 5,
    "COL ppu": "$6.25 per 100G",
    "COL Size": "80g"
  },
  {
    "Brand_Product_Size": "Schwarzkopf Extra Care Supreme Length Shampoo 400mL",
    "COL Price": 6.9,
    "COL ppu": "$1.73 per 100mL",
    "COL Size": "400mL"
  },
  {
    "Brand_Product_Size": "Coles Frozen Chopped Onions 500g",
    "COL Price": 1.8,
    "COL ppu": "$3.60 per 1Kg",
    "COL Size": "500g"
  },
  {
    "Brand_Product_Size": "Praise Squeeze Aioli Classic 250mL",
    "COL Price": 4,
    "COL ppu": "$1.60 per 100mL",
    "COL Size": "250mL"
  },
  {
    "Brand_Product_Size": "Coles Lightly Sparkling Water 500mL 20 pack",
    "COL Price": 11.7,
    "COL ppu": "$1.17 per 1L",
    "COL Size": "20 pack"
  },
  {
    "Brand_Product_Size": "Finish Dishwasher Tablets 42 pack",
    "COL Price": 32,
    "COL ppu": "$0.76 per 1Ea",
    "COL Size": "42 pack"
  },
  {
    "Brand_Product_Size": "Vegemite Cheesybite Spread 270g",
    "COL Price": 5.15,
    "COL ppu": "$1.91 per 100G",
    "COL Size": "270g"
  },
  {
    "Brand_Product_Size": "V.I.P. Fussy Cat Grain Free Chicken & Turkey with Cranberry Dry Cat Food 500g",
    "COL Price": 5,
    "COL ppu": "$1.00 per 100G",
    "COL Size": "500g"
  },
  {
    "Brand_Product_Size": "Toscano Cherry Tomato Passata 330g",
    "COL Price": 2.5,
    "COL ppu": "$0.76 per 100G",
    "COL Size": "330g"
  },
  {
    "Brand_Product_Size": "Coles Microgreens Rocket each",
    "COL Price": 3,
    "COL ppu": "$3.00 per 1Ea",
    "COL Size": "each"
  },
  {
    "Brand_Product_Size": "Coles Frozen Beef Burgers 10 pack 800g",
    "COL Price": 8.4,
    "COL ppu": "$10.50 per 1Kg",
    "COL Size": "800g"
  },
  {
    "Brand_Product_Size": "Pureharvest Dairy Free Almond Long Life Milk 1L",
    "COL Price": 3.4,
    "COL ppu": "$3.40 per 1L",
    "COL Size": "1L"
  },
  {
    "Brand_Product_Size": "Betty Crocker Rainbow Cookie Mix 495g",
    "COL Price": 5.2,
    "COL ppu": "$1.05 per 100G",
    "COL Size": "495g"
  },
  {
    "Brand_Product_Size": "Bills Organic Spelt Bread 620g",
    "COL Price": 7.3,
    "COL ppu": "$1.18 per 100G",
    "COL Size": "620g"
  },
  {
    "Brand_Product_Size": "Coles Italia Pomodoroe Mascarpone Pasta Sauce 415g",
    "COL Price": 3,
    "COL ppu": "$0.72 per 100G",
    "COL Size": "415g"
  },
  {
    "Brand_Product_Size": "Carman's Peanut Butter Brownie Protein Bar 200g",
    "COL Price": 6.3,
    "COL ppu": "$3.15 per 100G",
    "COL Size": "200g"
  },
  {
    "Brand_Product_Size": "Betty Crocker Apple & Cinnamon Muffin Mix Low Fat 500g",
    "COL Price": 5.2,
    "COL ppu": "$1.04 per 100G",
    "COL Size": "500g"
  },
  {
    "Brand_Product_Size": "Leggo's Pizza Squeezy Sauce 400g",
    "COL Price": 3.4,
    "COL ppu": "$0.85 per 100G",
    "COL Size": "400g"
  },
  {
    "Brand_Product_Size": "Coles RSPCA Approved Chicken Whole Boneless Herb & Garlic approx. 850g each",
    "COL Price": 9.35,
    "COL ppu": "$11.00 per 1Kg",
    "COL Size": "approx. 850g each"
  },
  {
    "Brand_Product_Size": "Coles Pork Spare Ribs approx. 330g each",
    "COL Price": 4.95,
    "COL ppu": "$15.00 per 1Kg",
    "COL Size": "approx. 330g each"
  },
  {
    "Brand_Product_Size": "Coles White Fondant 1kg",
    "COL Price": 8,
    "COL ppu": "$0.80 per 100G",
    "COL Size": "1kg"
  },
  {
    "Brand_Product_Size": "Coles Kitchen Cheese & Fava Beans 40g",
    "COL Price": 2,
    "COL ppu": "$5.00 per 100G",
    "COL Size": "40g"
  },
  {
    "Brand_Product_Size": "Massel Vegetable Stock Powder 168g",
    "COL Price": 3.45,
    "COL ppu": "$0.21 per 10G",
    "COL Size": "168g"
  },
  {
    "Brand_Product_Size": "Coles Pork Loin Roast With Herbs & Spices approx. 700g each",
    "COL Price": 14.7,
    "COL ppu": "$21.00 per 1Kg",
    "COL Size": "approx. 700g each"
  },
  {
    "Brand_Product_Size": "Five Am Organic Salted Caramel Yoghurt 700g",
    "COL Price": 6,
    "COL ppu": "$0.86 per 100G",
    "COL Size": "700g"
  },
  {
    "Brand_Product_Size": "Arnott's Minis Choc Chip Cookies 7 pack 175g",
    "COL Price": 3,
    "COL ppu": "$1.71 per 100G",
    "COL Size": "175g"
  },
  {
    "Brand_Product_Size": "Vegie Delights Vegie Bites Beetroot 240g",
    "COL Price": 6,
    "COL ppu": "$2.50 per 100G",
    "COL Size": "240g"
  },
  {
    "Brand_Product_Size": "Coles Original Rice Cakes 150g",
    "COL Price": 1.65,
    "COL ppu": "$1.10 per 100G",
    "COL Size": "150g"
  },
  {
    "Brand_Product_Size": "Whiskas Favourites Beef In Jelly Wet 1+ Years Cat Food Pouches 85g 15 pack",
    "COL Price": 10,
    "COL ppu": "$0.78 per 100G",
    "COL Size": "15 pack"
  },
  {
    "Brand_Product_Size": "Oli6 Goat Milk Formula Stage 4 Junior 800g",
    "COL Price": 32,
    "COL ppu": "$4.00 per 100G",
    "COL Size": "800g"
  },
  {
    "Brand_Product_Size": "Coles Apricots 200g",
    "COL Price": 3,
    "COL ppu": "$15.00 per 1Kg",
    "COL Size": "200g"
  },
  {
    "Brand_Product_Size": "Coles Half Drumhead Cabbage each",
    "COL Price": 3.5,
    "COL ppu": "$3.50 per 1Ea",
    "COL Size": "each"
  },
  {
    "Brand_Product_Size": "Inglewood Farms Organic Chicken Thigh Fillets Skin Off approx. 450g pack",
    "COL Price": 14.175,
    "COL ppu": "$31.50 per 1Kg",
    "COL Size": "approx. 450g pack"
  },
  {
    "Brand_Product_Size": "I&J Raw Prawns Tail Off 500g",
    "COL Price": 19,
    "COL ppu": "$3.80 per 100G",
    "COL Size": "500g"
  },
  {
    "Brand_Product_Size": "Applaws Tuna Fillet Canned Cat Food 70g",
    "COL Price": 2,
    "COL ppu": "$2.86 per 100G",
    "COL Size": "70g"
  },
  {
    "Brand_Product_Size": "McCain Rosemary Garlic Delish Roasts 600g",
    "COL Price": 4.3,
    "COL ppu": "$7.17 per 1Kg",
    "COL Size": "600g"
  },
  {
    "Brand_Product_Size": "Indomie Chicken Curry Flavour Instant Noodles 80g",
    "COL Price": 0.7,
    "COL ppu": "$0.88 per 100G",
    "COL Size": "80g"
  },
  {
    "Brand_Product_Size": "Old El Paso Stand 'N Stuff Flour Soft Tortillas 8 Pack 193g",
    "COL Price": 4.45,
    "COL ppu": "$2.31 per 100G",
    "COL Size": "193g"
  },
  {
    "Brand_Product_Size": "SPC Baked Beans in Rich Tomato 4 pack 220g",
    "COL Price": 5,
    "COL ppu": "$0.57 per 100G",
    "COL Size": "220g"
  },
  {
    "Brand_Product_Size": "Crankt Gluten Free Choc Peanut Flavour Protein + Energy Bar 55g",
    "COL Price": 3.75,
    "COL ppu": "$0.68 per 10G",
    "COL Size": "55g"
  },
  {
    "Brand_Product_Size": "Beactive Hand Sanitiser 500mL",
    "COL Price": 10,
    "COL ppu": "$2.00 per 100mL",
    "COL Size": "500mL"
  },
  {
    "Brand_Product_Size": "Red Rock Deli Sweet Chilli & Sour Cream Potato Chips 165g",
    "COL Price": 3,
    "COL ppu": "$1.82 per 100G",
    "COL Size": "165g"
  },
  {
    "Brand_Product_Size": "Coles Sports Strapping Tape 38mm x 10m 1 pack",
    "COL Price": 7,
    "COL ppu": "$7.00 per 1Ea",
    "COL Size": "1 pack"
  },
  {
    "Brand_Product_Size": "Bic Soleil Glow Lady's Shaver 3 pack",
    "COL Price": 7.5,
    "COL ppu": "$2.50 per 1Ea",
    "COL Size": "3 pack"
  },
  {
    "Brand_Product_Size": "LPO Purify Hydrating Mist Toner 50mL",
    "COL Price": 9,
    "COL ppu": "$18.00 per 100mL",
    "COL Size": "50mL"
  },
  {
    "Brand_Product_Size": "Nescafe Coffee Sachets Hazelnut 26 pack",
    "COL Price": 11,
    "COL ppu": "$0.42 per 1Ea",
    "COL Size": "26 pack"
  },
  {
    "Brand_Product_Size": "Dairylea Cheddar Cheese Slices 12 Pack 250g",
    "COL Price": 3.5,
    "COL ppu": "$14.00 per 1Kg",
    "COL Size": "250g"
  },
  {
    "Brand_Product_Size": "Tip Top Cafe Raisin Bread Loaf 650g",
    "COL Price": 3,
    "COL ppu": "$0.46 per 100G",
    "COL Size": "650g"
  },
  {
    "Brand_Product_Size": "Simply 7 Lentil Jalapeno Chips 113g",
    "COL Price": 5.25,
    "COL ppu": "$4.65 per 100G",
    "COL Size": "113g"
  },
  {
    "Brand_Product_Size": "BIC Cristal Original Blue Pens 10 Pieces 1 pack",
    "COL Price": 4,
    "COL ppu": "$4.00 per 1Ea",
    "COL Size": "1 pack"
  },
  {
    "Brand_Product_Size": "Natural Chip Co Snacks Veg Sour Cream & Chives 5 pack 90g",
    "COL Price": 3.5,
    "COL ppu": "$3.89 per 100G",
    "COL Size": "90g"
  },
  {
    "Brand_Product_Size": "Chobani Raspberry Yoghurt Pouch 140g",
    "COL Price": 2.25,
    "COL ppu": "$1.61 per 100G",
    "COL Size": "140g"
  },
  {
    "Brand_Product_Size": "Viva Double Length Paper Towel 2 pack",
    "COL Price": 5.95,
    "COL ppu": "$2.98 per 1Ea",
    "COL Size": "2 pack"
  },
  {
    "Brand_Product_Size": "Coles Sesame Seeds 150g",
    "COL Price": 1.6,
    "COL ppu": "$1.07 per 100G",
    "COL Size": "150g"
  },
  {
    "Brand_Product_Size": "Twinings Lemon Orange & Ginger Cold Water Infusion 12 pack 30g",
    "COL Price": 6,
    "COL ppu": "$0.50 per 1Ea",
    "COL Size": "30g"
  },
  {
    "Brand_Product_Size": "Voost Vitamin D Effervescent Tablets 20 pack",
    "COL Price": 6.5,
    "COL ppu": "$0.33 per 1Ea",
    "COL Size": "20 pack"
  },
  {
    "Brand_Product_Size": "Duracell Coppertop Alkaline AAA Batteries 4 pack",
    "COL Price": 5.5,
    "COL ppu": "$1.38 per 1Ea",
    "COL Size": "4 pack"
  },
  {
    "Brand_Product_Size": "Oatly Chocolate Oat Milk 1L",
    "COL Price": 4.5,
    "COL ppu": "$4.50 per 1L",
    "COL Size": "1L"
  },
  {
    "Brand_Product_Size": "Four Seasons Naked Closer Condoms 12 pack",
    "COL Price": 5.6,
    "COL ppu": "$0.47 per 1Ea",
    "COL Size": "12 pack"
  },
  {
    "Brand_Product_Size": "Ogx Argan Oil Morocco Extra Strength Mask 168g",
    "COL Price": 21,
    "COL ppu": "$12.50 per 100G",
    "COL Size": "168g"
  },
  {
    "Brand_Product_Size": "Coles Deli Port Salut approx. 100g",
    "COL Price": 5,
    "COL ppu": "$50.00 per 1Kg",
    "COL Size": "approx. 100g"
  },
  {
    "Brand_Product_Size": "Coles Bakery White Jumbo Rolls 6 pack",
    "COL Price": 2.7,
    "COL ppu": "$0.45 per 1Ea",
    "COL Size": "6 pack"
  },
  {
    "Brand_Product_Size": "Coles Lemon Cake 300g",
    "COL Price": 4,
    "COL ppu": "$1.33 per 100G",
    "COL Size": "300g"
  },
  {
    "Brand_Product_Size": "Coles Pot Tea Bags 100 pack 185g",
    "COL Price": 1.9,
    "COL ppu": "$1.03 per 100G",
    "COL Size": "185g"
  },
  {
    "Brand_Product_Size": "Coles Microgreens Lemon Balm each",
    "COL Price": 3,
    "COL ppu": "$3.00 per 1Ea",
    "COL Size": "each"
  },
  {
    "Brand_Product_Size": "Coles Raw Sugar 1kg",
    "COL Price": 1.1,
    "COL ppu": "$0.11 per 100G",
    "COL Size": "1kg"
  },
  {
    "Brand_Product_Size": "L'Oreal Age Perfect Night Cream 50mL",
    "COL Price": 23.03,
    "COL ppu": "$46.06 per 100mL",
    "COL Size": "50mL"
  },
  {
    "Brand_Product_Size": "Colgate Optic White High Impact Toothpaste 125g",
    "COL Price": 9.1,
    "COL ppu": "$7.28 per 100G",
    "COL Size": "125g"
  },
  {
    "Brand_Product_Size": "Cadbury Bitesize Twirl 135g",
    "COL Price": 4,
    "COL ppu": "$2.96 per 100G",
    "COL Size": "135g"
  },
  {
    "Brand_Product_Size": "Polident Whitening Daily Cleanser For Denture 66 pack",
    "COL Price": 10,
    "COL ppu": "$0.15 per 1Ea",
    "COL Size": "66 pack"
  },
  {
    "Brand_Product_Size": "Seng Hork Egg Custard Buns 300g",
    "COL Price": 8.5,
    "COL ppu": "$2.83 per 100G",
    "COL Size": "300g"
  },
  {
    "Brand_Product_Size": "Twinings English Breakfast Extra Strong Tea Bags 80 pack 200g",
    "COL Price": 5.6,
    "COL ppu": "$0.07 per 1Ea",
    "COL Size": "200g"
  },
  {
    "Brand_Product_Size": "Tetley Extra Strong Black Tea Bags 100 pack 200g",
    "COL Price": 4,
    "COL ppu": "$2.00 per 100G",
    "COL Size": "200g"
  },
  {
    "Brand_Product_Size": "Coles Australian Peach Slices in Juice 410g",
    "COL Price": 2,
    "COL ppu": "$0.49 per 100G",
    "COL Size": "410g"
  },
  {
    "Brand_Product_Size": "Coles Tasty Light Cheddar Cheese Slices 12 Pack 250g",
    "COL Price": 4.4,
    "COL ppu": "$1.76 per 100G",
    "COL Size": "250g"
  },
  {
    "Brand_Product_Size": "Coles Lamb Leg Roast Half approx. 1.74kg",
    "COL Price": 24.36,
    "COL ppu": "$14.00 per 1Kg",
    "COL Size": "approx. 1.74kg"
  },
  {
    "Brand_Product_Size": "Coles Birthday Banner each",
    "COL Price": 2,
    "COL ppu": "$2.00 per 1Ea",
    "COL Size": "each"
  },
  {
    "Brand_Product_Size": "Nivea Men Active Energy Face Cream Moisturiser 50mL",
    "COL Price": 14.5,
    "COL ppu": "$29.00 per 100mL",
    "COL Size": "50mL"
  },
  {
    "Brand_Product_Size": "MasterFoods Ground Turmeric 28g",
    "COL Price": 2.4,
    "COL ppu": "$0.86 per 10G",
    "COL Size": "28g"
  },
  {
    "Brand_Product_Size": "Wilkinson Sword Double Edge Razor Dispenser 10 pack",
    "COL Price": 14,
    "COL ppu": "$1.40 per 1Ea",
    "COL Size": "10 pack"
  },
  {
    "Brand_Product_Size": "Kinder Surprise Chocolate 3 pack 60g",
    "COL Price": 4.5,
    "COL ppu": "$7.50 per 100G",
    "COL Size": "60g"
  },
  {
    "Brand_Product_Size": "Grandma's Golden Wok Chicken Gyoza 800g",
    "COL Price": 18.5,
    "COL ppu": "$2.31 per 100G",
    "COL Size": "800g"
  },
  {
    "Brand_Product_Size": "Olay Regenerist Advanced Anti-Ageing Revitalising Hydration Face Cream SPF 15 50g",
    "COL Price": 33.5,
    "COL ppu": "$67.00 per 100G",
    "COL Size": "50g"
  },
  {
    "Brand_Product_Size": "Coles Bakery Cream Filled Dusted Sponge Cake 380g",
    "COL Price": 5.5,
    "COL ppu": "$1.45 per 100G",
    "COL Size": "380g"
  },
  {
    "Brand_Product_Size": "Majans Infuzions Potato Thai Sweet Chilli 100g",
    "COL Price": 3.5,
    "COL ppu": "$3.50 per 100G",
    "COL Size": "100g"
  },
  {
    "Brand_Product_Size": "Grainwaves Sour Cream & Chives Grain Waves 5 pack 110g",
    "COL Price": 3.1,
    "COL ppu": "$2.82 per 100G",
    "COL Size": "110g"
  },
  {
    "Brand_Product_Size": "Telstra Nokia 2.3 4GX Black each",
    "COL Price": 99,
    "COL ppu": "$99.00 per 1Ea",
    "COL Size": "each"
  },
  {
    "Brand_Product_Size": "Mil Lel Shredded Parmesan 170g",
    "COL Price": 4.5,
    "COL ppu": "$26.47 per 1Kg",
    "COL Size": "170g"
  },
  {
    "Brand_Product_Size": "Coles Kitchen Family Ranch Salad Kit 400g",
    "COL Price": 5,
    "COL ppu": "$1.25 per 100G",
    "COL Size": "400g"
  },
  {
    "Brand_Product_Size": "MasterFoods Roast Vegetable Seasoning 38g",
    "COL Price": 2.8,
    "COL ppu": "$0.74 per 10G",
    "COL Size": "38g"
  },
  {
    "Brand_Product_Size": "Primo Gluten Free Short Cut Bacon Rindless 750g",
    "COL Price": 15,
    "COL ppu": "$20.00 per 1Kg",
    "COL Size": "750g"
  },
  {
    "Brand_Product_Size": "Lindt Excellence 78% Cocoa Dark Chocolate Bar 100g",
    "COL Price": 4.5,
    "COL ppu": "$4.50 per 100G",
    "COL Size": "100g"
  },
  {
    "Brand_Product_Size": "Coca-Cola Classic Coke 1.25L",
    "COL Price": 3.15,
    "COL ppu": "$2.52 per 1L",
    "COL Size": "1.25L"
  },
  {
    "Brand_Product_Size": "SPC Aussie Made Diced Fruit Salad in Juice 120g 4 pack",
    "COL Price": 3,
    "COL ppu": "$6.25 per 1Kg",
    "COL Size": "4 pack"
  },
  {
    "Brand_Product_Size": "Udder Delights Adelaide Hills Camembert Cheese 200g",
    "COL Price": 9,
    "COL ppu": "$4.50 per 100G",
    "COL Size": "200g"
  },
  {
    "Brand_Product_Size": "Coles Finest Filled Pasta Pumpkin 350g",
    "COL Price": 5,
    "COL ppu": "$1.43 per 100G",
    "COL Size": "350g"
  },
  {
    "Brand_Product_Size": "Coles White Sugar 1kg",
    "COL Price": 1,
    "COL ppu": "$0.10 per 100G",
    "COL Size": "1kg"
  },
  {
    "Brand_Product_Size": "Darrell Lea Bullet Milk Chocolate Liquorice 250g",
    "COL Price": 4.4,
    "COL ppu": "$1.76 per 100G",
    "COL Size": "250g"
  },
  {
    "Brand_Product_Size": "MasterFoods Salt Reduced Tomato Sauce 475mL",
    "COL Price": 2.95,
    "COL ppu": "$0.62 per 100mL",
    "COL Size": "475mL"
  },
  {
    "Brand_Product_Size": "Peters Drumstick Minis Super Choc & Caramel Nut Ice Cream Cone 6 pack 480mL",
    "COL Price": 5,
    "COL ppu": "$1.04 per 100mL",
    "COL Size": "480mL"
  },
  {
    "Brand_Product_Size": "Yumi's Fried Fish Balls 10 pack 400g",
    "COL Price": 14.7,
    "COL ppu": "$3.68 per 100G",
    "COL Size": "400g"
  },
  {
    "Brand_Product_Size": "Birds Eye Frozen Steam Fresh Fish Fillets With Thai Red Curry Sauce 2 Pack 380g",
    "COL Price": 6,
    "COL ppu": "$15.79 per 1Kg",
    "COL Size": "380g"
  },
  {
    "Brand_Product_Size": "Essano Keratin Smoothing Conditioner 300mL",
    "COL Price": 16,
    "COL ppu": "$5.33 per 100mL",
    "COL Size": "300mL"
  },
  {
    "Brand_Product_Size": "Primo Gluten Free Triple Smoked Pan-Sized Bacon Rindless 200g",
    "COL Price": 5.5,
    "COL ppu": "$2.75 per 100G",
    "COL Size": "200g"
  },
  {
    "Brand_Product_Size": "Chandler Natural Clay Cat Litter 7L",
    "COL Price": 5.9,
    "COL ppu": "$0.84 per 1L",
    "COL Size": "7L"
  },
  {
    "Brand_Product_Size": "Coles Vintage Cheese & Crackers 50g",
    "COL Price": 1.6,
    "COL ppu": "",
    "COL Size": "50g"
  },
  {
    "Brand_Product_Size": "Coles Mozzarella Dippers With Sauce 10 Pack 330g",
    "COL Price": 5,
    "COL ppu": "$1.52 per 100G",
    "COL Size": "330g"
  },
  {
    "Brand_Product_Size": "Tunnock's Caramel Milk Chocolate Wafers Biscuits 8 Pack 240g",
    "COL Price": 5.45,
    "COL ppu": "$2.27 per 100G",
    "COL Size": "240g"
  },
  {
    "Brand_Product_Size": "Old El Paso Hard 'N Soft Taco Kit Mild 560g",
    "COL Price": 9,
    "COL ppu": "$1.61 per 100G",
    "COL Size": "560g"
  },
  {
    "Brand_Product_Size": "Rennie Indigestion and Heartburn Relief Spearmint 48 Chewable Tablets 1 pack",
    "COL Price": 8,
    "COL ppu": "$8.00 per 1Ea",
    "COL Size": "1 pack"
  },
  {
    "Brand_Product_Size": "COYO Natural Probiotic Coconut Milk Kefir 700mL",
    "COL Price": 9.9,
    "COL ppu": "$14.14 per 1L",
    "COL Size": "700mL"
  },
  {
    "Brand_Product_Size": "South Cape Apricot & Almond Cream Cheese With Sweet Papaya 200g",
    "COL Price": 3.6,
    "COL ppu": "$18.00 per 1Kg",
    "COL Size": "200g"
  },
  {
    "Brand_Product_Size": "Cortas Broad Fava Beans 400g",
    "COL Price": 1.6,
    "COL ppu": "$4.00 per 1Kg",
    "COL Size": "400g"
  },
  {
    "Brand_Product_Size": "Coles Dog & Cat Mince Kangaroo 800g",
    "COL Price": 4.65,
    "COL ppu": "$0.58 per 100G",
    "COL Size": "800g"
  },
  {
    "Brand_Product_Size": "Eskal Oil Free Sundried Tomato Pesto 350g",
    "COL Price": 7,
    "COL ppu": "$2.00 per 100G",
    "COL Size": "350g"
  },
  {
    "Brand_Product_Size": "Coles Autumn Avocado each",
    "COL Price": 2,
    "COL ppu": "$2.00 per 1Ea",
    "COL Size": "each"
  },
  {
    "Brand_Product_Size": "Harpic Platinum Pro Shield Pine Forest Liquid Toilet Cleaner 500mL",
    "COL Price": 5,
    "COL ppu": "$1.00 per 100mL",
    "COL Size": "500mL"
  },
  {
    "Brand_Product_Size": "Lea & Perrins Worcestershire Sauce 290mL",
    "COL Price": 2.75,
    "COL ppu": "$0.95 per 100mL",
    "COL Size": "290mL"
  },
  {
    "Brand_Product_Size": "Slow Hills RSPCA Approved Chicken Thigh Fillets 400g",
    "COL Price": 12,
    "COL ppu": "$30.00 per 1Kg",
    "COL Size": "400g"
  },
  {
    "Brand_Product_Size": "Lindt Excellence Cranberry Almond & Hazelnut Dark Chocolate 100g",
    "COL Price": 4.5,
    "COL ppu": "$4.50 per 100G",
    "COL Size": "100g"
  },
  {
    "Brand_Product_Size": "Zanetti Grand Padano 200g",
    "COL Price": 9,
    "COL ppu": "$45.00 per 1Kg",
    "COL Size": "200g"
  },
  {
    "Brand_Product_Size": "Wow Eucalyptus & Honey Drops 150g",
    "COL Price": 1.75,
    "COL ppu": "$1.17 per 100G",
    "COL Size": "150g"
  },
  {
    "Brand_Product_Size": "Hegs Pink Pegs 18 pack",
    "COL Price": 6,
    "COL ppu": "$0.33 per 1Ea",
    "COL Size": "18 pack"
  },
  {
    "Brand_Product_Size": "Vitasoy Soy Lite Milk 1L",
    "COL Price": 2.6,
    "COL ppu": "$2.60 per 1L",
    "COL Size": "1L"
  },
  {
    "Brand_Product_Size": "Rimmel Lasting Finish Foundation #150 Rose Vanilla 30mL",
    "COL Price": 11.4,
    "COL ppu": "$3.80 per 10mL",
    "COL Size": "30mL"
  },
  {
    "Brand_Product_Size": "Maui Moisture Hibiscus Water Shampoo 385mL",
    "COL Price": 22,
    "COL ppu": "$5.71 per 100mL",
    "COL Size": "385mL"
  },
  {
    "Brand_Product_Size": "Golden Fry Yorkshire Pudding Mix & Pancakes 142g",
    "COL Price": 2.6,
    "COL ppu": "$1.83 per 100G",
    "COL Size": "142g"
  },
  {
    "Brand_Product_Size": "Maybelline Unstoppable Onyx 701 Eyeliner each",
    "COL Price": 11.9,
    "COL ppu": "$11.90 per 1Ea",
    "COL Size": "each"
  },
  {
    "Brand_Product_Size": "Belvoir Blueberry & Blackcurrant Cordial 500mL",
    "COL Price": 6,
    "COL ppu": "$1.20 per 100mL",
    "COL Size": "500mL"
  },
  {
    "Brand_Product_Size": "Black Swan Avocado Dip 200g",
    "COL Price": 3.5,
    "COL ppu": "$1.75 per 100G",
    "COL Size": "200g"
  },
  {
    "Brand_Product_Size": "Prime Kangaroo Jerky Dog Treats 100g",
    "COL Price": 5.45,
    "COL ppu": "$5.45 per 100G",
    "COL Size": "100g"
  },
  {
    "Brand_Product_Size": "Dettol Parents Approved Citrus Body Wash Shower Gel 950mL",
    "COL Price": 9.5,
    "COL ppu": "$1.00 per 100mL",
    "COL Size": "950mL"
  },
  {
    "Brand_Product_Size": "Barilla Lasagne Sheets 250g",
    "COL Price": 2.5,
    "COL ppu": "$1.00 per 100G",
    "COL Size": "250g"
  },
  {
    "Brand_Product_Size": "Billie Panda Or Llama Lunch Box each",
    "COL Price": 15,
    "COL ppu": "$15.00 per 1Ea",
    "COL Size": "each"
  },
  {
    "Brand_Product_Size": "Shine + Nootropic Raspberry Soda Drink 330mL",
    "COL Price": 4.4,
    "COL ppu": "$13.33 per 1L",
    "COL Size": "330mL"
  },
  {
    "Brand_Product_Size": "Super Nature Slow Cooked Beef In Shiraz With  Artichoke Mash 350g",
    "COL Price": 6.5,
    "COL ppu": "$1.86 per 100G",
    "COL Size": "350g"
  },
  {
    "Brand_Product_Size": "Coles Perform Mexican Style Chilli Beef 330g",
    "COL Price": 8,
    "COL ppu": "$2.42 per 100G",
    "COL Size": "330g"
  },
  {
    "Brand_Product_Size": "The Spice Tailor Indonesian Rendang Curry 275g",
    "COL Price": 4.5,
    "COL ppu": "$1.64 per 100G",
    "COL Size": "275g"
  },
  {
    "Brand_Product_Size": "Coles Glow Bracelets 5 pack",
    "COL Price": 2,
    "COL ppu": "$0.40 per 1Ea",
    "COL Size": "5 pack"
  },
  {
    "Brand_Product_Size": "Cetaphil Oily Skin Cleanser 235ml each",
    "COL Price": 11,
    "COL ppu": "$4.68 per 100mL",
    "COL Size": "each"
  },
  {
    "Brand_Product_Size": "Leggo's Napoletana with Chunky Tomato & Herbs Pasta Sauce 490g",
    "COL Price": 3.3,
    "COL ppu": "$0.66 per 100G",
    "COL Size": "490g"
  },
  {
    "Brand_Product_Size": "Coles Piel De Sapo Melons Half each",
    "COL Price": 2.5,
    "COL ppu": "$2.50 per 1Ea",
    "COL Size": "each"
  },
  {
    "Brand_Product_Size": "Coles Ergonomic Pumice Stone each",
    "COL Price": 4,
    "COL ppu": "$4.00 per 1Ea",
    "COL Size": "each"
  },
  {
    "Brand_Product_Size": "Mount Franklin Pure Spring Water 1L",
    "COL Price": 2.5,
    "COL ppu": "$2.50 per 1L",
    "COL Size": "1L"
  },
  {
    "Brand_Product_Size": "Sunraysia Pouch 99.9% Tropical Juice 200mL",
    "COL Price": 1.4,
    "COL ppu": "$7.00 per 1L",
    "COL Size": "200mL"
  },
  {
    "Brand_Product_Size": "Coles Deli Sliced Primo HGP Free Roast Beef approx. 125g",
    "COL Price": 3.375,
    "COL ppu": "$27.00 per 1Kg",
    "COL Size": "approx. 125g"
  },
  {
    "Brand_Product_Size": "Continental Hot Plate Casserole Base Curry 100g",
    "COL Price": 3,
    "COL ppu": "$3.00 per 100G",
    "COL Size": "100g"
  },
  {
    "Brand_Product_Size": "Bickford's Lemon Lime & Bitters Cordial 750mL",
    "COL Price": 3.2,
    "COL ppu": "$4.27 per 1L",
    "COL Size": "750mL"
  },
  {
    "Brand_Product_Size": "TCC Light Coconut Milk 165mL",
    "COL Price": 0.9,
    "COL ppu": "$0.55 per 100mL",
    "COL Size": "165mL"
  },
  {
    "Brand_Product_Size": "Maybelline Fit Me Matte Poreless Light Beige Foundation 30mL",
    "COL Price": 15.4,
    "COL ppu": "$5.13 per 10mL",
    "COL Size": "30mL"
  },
  {
    "Brand_Product_Size": "Arnott's Tiny Teddy Variety Biscuits 15 pack 375g",
    "COL Price": 5,
    "COL ppu": "$1.33 per 100G",
    "COL Size": "375g"
  },
  {
    "Brand_Product_Size": "Ocean Blue Sliced Smoked Salmon 50g",
    "COL Price": 4.8,
    "COL ppu": "$96.00 per 1Kg",
    "COL Size": "50g"
  },
  {
    "Brand_Product_Size": "Coco Earth Certified Organic Brown Rice Flour 300g",
    "COL Price": 3.2,
    "COL ppu": "$10.67 per 1Kg",
    "COL Size": "300g"
  },
  {
    "Brand_Product_Size": "Syndian Frozen Adzuki & Kumara Burger 340g",
    "COL Price": 6.5,
    "COL ppu": "$1.91 per 100G",
    "COL Size": "340g"
  },
  {
    "Brand_Product_Size": "B.box Spout Cup Assorted each",
    "COL Price": 13,
    "COL ppu": "$13.00 per 1Ea",
    "COL Size": "each"
  },
  {
    "Brand_Product_Size": "Coles Dry Roasted Mixed Nuts 400g",
    "COL Price": 10,
    "COL ppu": "$25.00 per 1Kg",
    "COL Size": "400g"
  },
  {
    "Brand_Product_Size": "MasterFoods Chicken Alfredo Recipe Base 170g",
    "COL Price": 2.2,
    "COL ppu": "$1.29 per 100G",
    "COL Size": "170g"
  },
  {
    "Brand_Product_Size": "Pot Noodle Chicken & Mushroom Flavour Noodles 94g",
    "COL Price": 3.35,
    "COL ppu": "$3.56 per 100G",
    "COL Size": "94g"
  },
  {
    "Brand_Product_Size": "Arnotts Cracker Chips Maple Bacon 150g",
    "COL Price": 3,
    "COL ppu": "$2.00 per 100G",
    "COL Size": "150g"
  },
  {
    "Brand_Product_Size": "L'Oreal Paradise Mascara Black 6.4mL",
    "COL Price": 17.5,
    "COL ppu": "$27.34 per 10mL",
    "COL Size": "6.4mL"
  },
  {
    "Brand_Product_Size": "Astroglide Personal Lubricant & Vaginal Moisturiser 74mL",
    "COL Price": 9,
    "COL ppu": "$12.16 per 100mL",
    "COL Size": "74mL"
  },
  {
    "Brand_Product_Size": "Capilano Manuka Honey MGO 300+ Upside Down 340g",
    "COL Price": 24,
    "COL ppu": "$7.06 per 100G",
    "COL Size": "340g"
  },
  {
    "Brand_Product_Size": "Maybelline Superstay Liquid Foundation Ivory 30mL",
    "COL Price": 13.5,
    "COL ppu": "$4.50 per 10mL",
    "COL Size": "30mL"
  },
  {
    "Brand_Product_Size": "Lynx Aerosol Africa Antiperspirant 165mL",
    "COL Price": 7,
    "COL ppu": "$4.24 per 100mL",
    "COL Size": "165mL"
  },
  {
    "Brand_Product_Size": "Multix Non-Stick Baking & Cooking Paper 50m x 30cm 50m",
    "COL Price": 10.45,
    "COL ppu": "$0.21 per 1M",
    "COL Size": "50m"
  },
  {
    "Brand_Product_Size": "Revlon Colorsilk Medium Brown 41 Hair Color 1 pack",
    "COL Price": 9,
    "COL ppu": "$9.00 per 1Ea",
    "COL Size": "1 pack"
  },
  {
    "Brand_Product_Size": "Coles LED Globes GLS Edison Screw 6 Watt Warm White 2 pack",
    "COL Price": 10,
    "COL ppu": "$5.00 per 1Ea",
    "COL Size": "2 pack"
  },
  {
    "Brand_Product_Size": "S & B Wasabi Paste 43g",
    "COL Price": 3,
    "COL ppu": "$6.98 per 100G",
    "COL Size": "43g"
  },
  {
    "Brand_Product_Size": "BIC Atlantis Blue Pens 4 pack",
    "COL Price": 3.67,
    "COL ppu": "$3.67 per 1Ea",
    "COL Size": "4 pack"
  },
  {
    "Brand_Product_Size": "Table Of Plenty Muesli Probiotics + Healthy Gut 400g",
    "COL Price": 7.2,
    "COL ppu": "$1.80 per 100G",
    "COL Size": "400g"
  },
  {
    "Brand_Product_Size": "Coles Fresh Seafood Cooked Black Tiger Prawns approx. 250g",
    "COL Price": 7.5,
    "COL ppu": "$30.00 per 1Kg",
    "COL Size": "approx. 250g"
  },
  {
    "Brand_Product_Size": "Pine O Cleen Multi Purpose Trigger Spray Eucalyptus 750mL",
    "COL Price": 5,
    "COL ppu": "$0.67 per 100mL",
    "COL Size": "750mL"
  },
  {
    "Brand_Product_Size": "Cadbury Dairy Milk Freddo Vanilla & Chocolate Reduced Fat Ice Cream 4 Pack 328mL",
    "COL Price": 4.5,
    "COL ppu": "$1.37 per 100mL",
    "COL Size": "328mL"
  },
  {
    "Brand_Product_Size": "Hask 5 in1 Leave-in Spray Biotin Boost Thickening 175mL",
    "COL Price": 15,
    "COL ppu": "$8.57 per 100mL",
    "COL Size": "175mL"
  },
  {
    "Brand_Product_Size": "Cook & Dine Bamboo Chopping Board each",
    "COL Price": 11,
    "COL ppu": "$11.00 per 1Ea",
    "COL Size": "each"
  },
  {
    "Brand_Product_Size": "Moro Sherry Vinegar 250mL",
    "COL Price": 4,
    "COL ppu": "$1.60 per 100mL",
    "COL Size": "250mL"
  },
  {
    "Brand_Product_Size": "Twinings Pure Peppermint Tea Bags 80 pack 160g",
    "COL Price": 5.6,
    "COL ppu": "$0.07 per 1Ea",
    "COL Size": "160g"
  },
  {
    "Brand_Product_Size": "Dettol Biodegradable 90 Disinfectant Cleaning Wipes Fresh 1 pack",
    "COL Price": 10,
    "COL ppu": "$10.00 per 1Ea",
    "COL Size": "1 pack"
  },
  {
    "Brand_Product_Size": "Nescafe Coffee Sachets Vanilla 26 pack",
    "COL Price": 11,
    "COL ppu": "$0.42 per 1Ea",
    "COL Size": "26 pack"
  },
  {
    "Brand_Product_Size": "Coles Natures Kitchen Banana Blossom 400g",
    "COL Price": 4,
    "COL ppu": "$10.00 per 1Kg",
    "COL Size": "400g"
  },
  {
    "Brand_Product_Size": "Coles Habanero Chillies 40g",
    "COL Price": 3,
    "COL ppu": "$75.00 per 1Kg",
    "COL Size": "40g"
  },
  {
    "Brand_Product_Size": "Tommee Tippee Closer To Nature Feeding Bottle 1 pack",
    "COL Price": 10,
    "COL ppu": "$10.00 per 1Ea",
    "COL Size": "1 pack"
  },
  {
    "Brand_Product_Size": "Maggie Beer Plum And Shiraz Paste 100g",
    "COL Price": 6,
    "COL ppu": "$6.00 per 100G",
    "COL Size": "100g"
  },
  {
    "Brand_Product_Size": "Servery Free Range Chicken Tenderloins approx. 500g",
    "COL Price": 10,
    "COL ppu": "$20.00 per 1Kg",
    "COL Size": "approx. 500g"
  },
  {
    "Brand_Product_Size": "I&J Southern Blue Whiting Fillets 500g",
    "COL Price": 8,
    "COL ppu": "$16.00 per 1Kg",
    "COL Size": "500g"
  },
  {
    "Brand_Product_Size": "Coles Washing Machine Cleaner 250mL",
    "COL Price": 4,
    "COL ppu": "$16.00 per 1L",
    "COL Size": "250mL"
  },
  {
    "Brand_Product_Size": "Coles Kitchen Beef Madras & Rice 350g",
    "COL Price": 6.5,
    "COL ppu": "$1.86 per 100G",
    "COL Size": "350g"
  },
  {
    "Brand_Product_Size": "Coles Kitchen Superfood Vegetable Mix 350g",
    "COL Price": 3,
    "COL ppu": "$0.86 per 100G",
    "COL Size": "350g"
  },
  {
    "Brand_Product_Size": "Weis Mango & Macadamia Ice Cream Bars 4 pack 280mL",
    "COL Price": 7.5,
    "COL ppu": "$2.68 per 100mL",
    "COL Size": "280mL"
  },
  {
    "Brand_Product_Size": "Oral-B All Rounder Fresh Clean Soft Manual Toothbrush 1 pack",
    "COL Price": 3,
    "COL ppu": "$3.00 per 1Ea",
    "COL Size": "1 pack"
  },
  {
    "Brand_Product_Size": "Coles Mushrooms Dried Mixed Forest 20g",
    "COL Price": 5,
    "COL ppu": "$2.50 per 10G",
    "COL Size": "20g"
  },
  {
    "Brand_Product_Size": "San Remo Large Vegeroni Spiral Pasta 375g",
    "COL Price": 1.95,
    "COL ppu": "$0.52 per 100G",
    "COL Size": "375g"
  },
  {
    "Brand_Product_Size": "Coles Baby Broccoli 1 bunch",
    "COL Price": 2.5,
    "COL ppu": "$2.50 per 1Ea",
    "COL Size": "1 bunch"
  },
  {
    "Brand_Product_Size": "Garnier BB Cream Anti Ageing Light 50mL",
    "COL Price": 7.85,
    "COL ppu": "$1.57 per 10mL",
    "COL Size": "50mL"
  },
  {
    "Brand_Product_Size": "Cook & Dine 6 Cup Jumbo Muffin Tin each",
    "COL Price": 7,
    "COL ppu": "$7.00 per 1Ea",
    "COL Size": "each"
  },
  {
    "Brand_Product_Size": "L'Oreal Base Magique Smoothing Primer Cream 15mL",
    "COL Price": 21,
    "COL ppu": "$14.00 per 10mL",
    "COL Size": "15mL"
  },
  {
    "Brand_Product_Size": "Banana Boat Dry Balance Sunscreen Lotion SPF 50+ 175mL",
    "COL Price": 16,
    "COL ppu": "$9.14 per 100mL",
    "COL Size": "175mL"
  },
  {
    "Brand_Product_Size": "Simson's Pantry Premium White Wraps 180g",
    "COL Price": 2.3,
    "COL ppu": "$1.28 per 100G",
    "COL Size": "180g"
  },
  {
    "Brand_Product_Size": "Farmers Union Iced Coffee 600mL",
    "COL Price": 3.5,
    "COL ppu": "$5.83 per 1L",
    "COL Size": "600mL"
  },
  {
    "Brand_Product_Size": "Pepsi Cola Soft Drink 2L",
    "COL Price": 2.15,
    "COL ppu": "$1.08 per 1L",
    "COL Size": "2L"
  },
  {
    "Brand_Product_Size": "Yeo's Lychee Drink 300mL",
    "COL Price": 0.8,
    "COL ppu": "$2.67 per 1L",
    "COL Size": "300mL"
  },
  {
    "Brand_Product_Size": "Well Naturally Milk Chocolate Salted Caramel 90g",
    "COL Price": 4,
    "COL ppu": "$4.44 per 100G",
    "COL Size": "90g"
  },
  {
    "Brand_Product_Size": "Swisse Ultiboost Liver Detox Tablets 120 pack",
    "COL Price": 21,
    "COL ppu": "$0.18 per 1Ea",
    "COL Size": "120 pack"
  },
  {
    "Brand_Product_Size": "The Good Crisp Co Potato Chips Sour Cream & Chives 160g",
    "COL Price": 4,
    "COL ppu": "$2.50 per 100G",
    "COL Size": "160g"
  },
  {
    "Brand_Product_Size": "Bostik Glu Stik 2 pack",
    "COL Price": 5.2,
    "COL ppu": "",
    "COL Size": "2 pack"
  },
  {
    "Brand_Product_Size": "Coles Soft Taco Kit Mild 440g",
    "COL Price": 4,
    "COL ppu": "$0.91 per 100G",
    "COL Size": "440g"
  },
  {
    "Brand_Product_Size": "Lewis & Son Fermented Carrot With Chilli 500g",
    "COL Price": 13.25,
    "COL ppu": "$2.65 per 100G",
    "COL Size": "500g"
  },
  {
    "Brand_Product_Size": "Devondale Skim Long Life Milk 6 pack 1.2L",
    "COL Price": 3.2,
    "COL ppu": "$2.67 per 1L",
    "COL Size": "1.2L"
  },
  {
    "Brand_Product_Size": "Hershey's Cookies & Cream Sticks 360mL",
    "COL Price": 6,
    "COL ppu": "$1.67 per 100mL",
    "COL Size": "360mL"
  },
  {
    "Brand_Product_Size": "Munchme Roasted Almond 120g",
    "COL Price": 4.4,
    "COL ppu": "$3.67 per 100G",
    "COL Size": "120g"
  },
  {
    "Brand_Product_Size": "Safcol Brisling Sardines In Oil 110g",
    "COL Price": 1.4,
    "COL ppu": "$12.73 per 1Kg",
    "COL Size": "110g"
  },
  {
    "Brand_Product_Size": "L'OR Espresso Decaffeinato Ristretto Intensity 9 Coffee Capsules 10 pack 52g",
    "COL Price": 4.5,
    "COL ppu": "$8.65 per 100G",
    "COL Size": "52g"
  },
  {
    "Brand_Product_Size": "Coles Banana Yoghurt Pouch 70g",
    "COL Price": 0.75,
    "COL ppu": "$1.07 per 100G",
    "COL Size": "70g"
  },
  {
    "Brand_Product_Size": "Maharajah's Choice Pure Ghee 300g",
    "COL Price": 6.2,
    "COL ppu": "$2.07 per 100G",
    "COL Size": "300g"
  },
  {
    "Brand_Product_Size": "Coles Shimeji Mushrooms Prepacked 100g",
    "COL Price": 5,
    "COL ppu": "$50.00 per 1Kg",
    "COL Size": "100g"
  },
  {
    "Brand_Product_Size": "Herbal Essences Bio Renew Sulfate-Free Honey & Vitamin B Conditioner 400mL",
    "COL Price": 14,
    "COL ppu": "$3.50 per 100mL",
    "COL Size": "400mL"
  },
  {
    "Brand_Product_Size": "Banana Boat Sport Sunscreen Spray SPF 50+ 240mL",
    "COL Price": 17.5,
    "COL ppu": "$7.29 per 100mL",
    "COL Size": "240mL"
  },
  {
    "Brand_Product_Size": "Black Swan Classic Multipack Tzatziki & Hommus Snacking Dip 4 Pack 240g",
    "COL Price": 4,
    "COL ppu": "$1.67 per 100G",
    "COL Size": "240g"
  },
  {
    "Brand_Product_Size": "Colgate Kids Mild Mint Minions Toothpaste 90g",
    "COL Price": 3,
    "COL ppu": "$3.33 per 100G",
    "COL Size": "90g"
  },
  {
    "Brand_Product_Size": "Coles Thawed Cooked Vannamei Prawns approx. 250g",
    "COL Price": 4.25,
    "COL ppu": "$17.00 per 1Kg",
    "COL Size": "approx. 250g"
  },
  {
    "Brand_Product_Size": "Nudie Pulp Free Oranges Juice Chilled 2L",
    "COL Price": 8,
    "COL ppu": "$4.00 per 1L",
    "COL Size": "2L"
  },
  {
    "Brand_Product_Size": "Berri Quelch Tropical Fruit Juice Icy Tubes 24 pack 1.68L",
    "COL Price": 7,
    "COL ppu": "$0.42 per 100mL",
    "COL Size": "1.68L"
  },
  {
    "Brand_Product_Size": "Sanitarium So Good Long life Regular Soy Milk 250mL 3 pack",
    "COL Price": 3.3,
    "COL ppu": "$4.40 per 1L",
    "COL Size": "3 pack"
  },
  {
    "Brand_Product_Size": "Lewis & Son Sweet N Sauerkraut 500g",
    "COL Price": 13.25,
    "COL ppu": "$2.65 per 100G",
    "COL Size": "500g"
  },
  {
    "Brand_Product_Size": "Coles White Button Mushrooms Prepacked 200g",
    "COL Price": 4,
    "COL ppu": "$20.00 per 1Kg",
    "COL Size": "200g"
  },
  {
    "Brand_Product_Size": "Femfresh Pure & Gentle For Sensitive Skin Intimate Care 250mL",
    "COL Price": 6.75,
    "COL ppu": "$2.70 per 100mL",
    "COL Size": "250mL"
  },
  {
    "Brand_Product_Size": "Vogel's Classic Golden Baked Cluster Crunch Breakfast Granola 500g",
    "COL Price": 6.8,
    "COL ppu": "$1.36 per 100G",
    "COL Size": "500g"
  },
  {
    "Brand_Product_Size": "Gold Sunset Canola Oil 4L",
    "COL Price": 19,
    "COL ppu": "$0.48 per 100mL",
    "COL Size": "4L"
  },
  {
    "Brand_Product_Size": "Real Foods Sesame Corn Thins 150g",
    "COL Price": 2,
    "COL ppu": "$1.33 per 100G",
    "COL Size": "150g"
  },
  {
    "Brand_Product_Size": "Modo Eco Living Sugarcane Disposable Dinner Plates 10 pack",
    "COL Price": 3.5,
    "COL ppu": "$0.35 per 1Ea",
    "COL Size": "10 pack"
  },
  {
    "Brand_Product_Size": "Uncle Ben's Express Roasted Garlic Rice Pouch 250g",
    "COL Price": 2.5,
    "COL ppu": "$1.00 per 100G",
    "COL Size": "250g"
  },
  {
    "Brand_Product_Size": "Sakata Plain Rice Crackers 100g",
    "COL Price": 2,
    "COL ppu": "$2.00 per 100G",
    "COL Size": "100g"
  },
  {
    "Brand_Product_Size": "Coles Deli Danish Fetta Cheese approx. 100g",
    "COL Price": 1.5,
    "COL ppu": "$15.00 per 1Kg",
    "COL Size": "approx. 100g"
  },
  {
    "Brand_Product_Size": "Robert Timms Premium Full Bodied Granulated Coffee 200g",
    "COL Price": 8,
    "COL ppu": "$4.00 per 100G",
    "COL Size": "200g"
  },
  {
    "Brand_Product_Size": "Redwin Vitamin E Body Lotion 400mL",
    "COL Price": 4.5,
    "COL ppu": "$1.13 per 100mL",
    "COL Size": "400mL"
  },
  {
    "Brand_Product_Size": "Heinz Big Red Tomato Soup Can 420g",
    "COL Price": 2.2,
    "COL ppu": "$0.52 per 100G",
    "COL Size": "420g"
  },
  {
    "Brand_Product_Size": "Sara Lee Frozen Deep Dish Saucy Double Chocolate Pudding 600g",
    "COL Price": 7.5,
    "COL ppu": "$1.25 per 100G",
    "COL Size": "600g"
  },
  {
    "Brand_Product_Size": "Cool Pak Popcorn Cheese 6 Pack 66g",
    "COL Price": 3.1,
    "COL ppu": "$4.70 per 100G",
    "COL Size": "66g"
  },
  {
    "Brand_Product_Size": "Nudie Juice Proactive Antioxidant Juice 400mL",
    "COL Price": 4,
    "COL ppu": "$10.00 per 1L",
    "COL Size": "400mL"
  },
  {
    "Brand_Product_Size": "Coles Deli Medium BBQ Pasta Salad each",
    "COL Price": 6,
    "COL ppu": "$6.00 per 1Ea",
    "COL Size": "each"
  },
  {
    "Brand_Product_Size": "Arnott's Tim Tam Most Voted Double Coat Caramel Chocolate Biscuit 180g",
    "COL Price": 4,
    "COL ppu": "$2.22 per 100G",
    "COL Size": "180g"
  },
  {
    "Brand_Product_Size": "Coles Tortoiseshell IBIS Clips 2 pack",
    "COL Price": 4.5,
    "COL ppu": "$2.25 per 1Ea",
    "COL Size": "2 pack"
  },
  {
    "Brand_Product_Size": "Golf Manual Umbrella Black/White each",
    "COL Price": 18,
    "COL ppu": "$18.00 per 1Ea",
    "COL Size": "each"
  },
  {
    "Brand_Product_Size": "Restaurant Collection Grilled Garlic & Thyme Mushrooms 450g",
    "COL Price": 12.5,
    "COL ppu": "$2.78 per 100G",
    "COL Size": "450g"
  },
  {
    "Brand_Product_Size": "Coles Honeydew Melon Whole each",
    "COL Price": 4.9,
    "COL ppu": "$4.90 per 1Ea",
    "COL Size": "each"
  },
  {
    "Brand_Product_Size": "Cub Toddler Nappy Pants Size 4 25 pack",
    "COL Price": 9,
    "COL ppu": "$0.36 per 1Ea",
    "COL Size": "25 pack"
  },
  {
    "Brand_Product_Size": "Tyrrells Crinkle Cut Sea Salt And Cider Vinegar 165g",
    "COL Price": 4.65,
    "COL ppu": "$2.82 per 100G",
    "COL Size": "165g"
  },
  {
    "Brand_Product_Size": "McCain Frozen Healthy Choice Butter Chicken With Steamed Rice 300g",
    "COL Price": 4,
    "COL ppu": "$1.33 per 100G",
    "COL Size": "300g"
  },
  {
    "Brand_Product_Size": "Restaurant Collection Slow Cooked Argentinian Lamb With Salsa 500g",
    "COL Price": 19,
    "COL ppu": "$3.80 per 100G",
    "COL Size": "500g"
  },
  {
    "Brand_Product_Size": "Nuttelex Original Spread 500g",
    "COL Price": 3,
    "COL ppu": "$0.60 per 100G",
    "COL Size": "500g"
  },
  {
    "Brand_Product_Size": "Crest Power Board Master Switch Surge Protect 6 Socket 1.2M each",
    "COL Price": 25,
    "COL ppu": "$25.00 per 1Ea",
    "COL Size": "each"
  },
  {
    "Brand_Product_Size": "Coles Eucalyptus Wool Wash 2L",
    "COL Price": 2.5,
    "COL ppu": "$1.25 per 1L",
    "COL Size": "2L"
  },
  {
    "Brand_Product_Size": "Palmolive Luminous Oils Shower Gel 400mL",
    "COL Price": 6,
    "COL ppu": "$1.50 per 100mL",
    "COL Size": "400mL"
  },
  {
    "Brand_Product_Size": "Dairylea Less Fat Light Cheese Slices 24 Pack 432g",
    "COL Price": 5.5,
    "COL ppu": "$12.73 per 1Kg",
    "COL Size": "432g"
  },
  {
    "Brand_Product_Size": "Jumpy's Crunchy Potato Chips 10 Pack 180g",
    "COL Price": 5.2,
    "COL ppu": "$2.89 per 100G",
    "COL Size": "180g"
  },
  {
    "Brand_Product_Size": "Ogx Heavenly Hydration Cherry Blossom Shampoo 385mL",
    "COL Price": 20,
    "COL ppu": "$5.19 per 100mL",
    "COL Size": "385mL"
  },
  {
    "Brand_Product_Size": "OB Finest Parmesan Crisps With Black Sesame 85g",
    "COL Price": 10.5,
    "COL ppu": "$12.35 per 100G",
    "COL Size": "85g"
  },
  {
    "Brand_Product_Size": "Passage To India 90 Second Veg Curry Bowl With Rice 280g",
    "COL Price": 5.5,
    "COL ppu": "$1.96 per 100G",
    "COL Size": "280g"
  },
  {
    "Brand_Product_Size": "Oatly Organic Oat Milk 1L",
    "COL Price": 4.8,
    "COL ppu": "$4.80 per 1L",
    "COL Size": "1L"
  },
  {
    "Brand_Product_Size": "Passage Foods Passage To India Korma Curry Simmer Sauce Pouch 375g",
    "COL Price": 2.35,
    "COL ppu": "$0.63 per 100G",
    "COL Size": "375g"
  },
  {
    "Brand_Product_Size": "Restaurant Collection Tsukune Meatballs With Sriracha Mayo 471g",
    "COL Price": 16.8,
    "COL ppu": "$3.57 per 100G",
    "COL Size": "471g"
  },
  {
    "Brand_Product_Size": "Gippsland Dairy Apple & Rhubarb Twist Yoghurt 720g",
    "COL Price": 5.5,
    "COL ppu": "$0.76 per 100G",
    "COL Size": "720g"
  },
  {
    "Brand_Product_Size": "Maggie Beer Extra Virgin Olive Oil 375mL",
    "COL Price": 12.95,
    "COL ppu": "$3.45 per 100mL",
    "COL Size": "375mL"
  },
  {
    "Brand_Product_Size": "Covergirl Clean Fresh Skin Milk Foundation Fair/Light 30mL",
    "COL Price": 20,
    "COL ppu": "$6.67 per 10mL",
    "COL Size": "30mL"
  },
  {
    "Brand_Product_Size": "Sunrice Thin Original Gluten Free Rice Cakes 150g",
    "COL Price": 2,
    "COL ppu": "$1.33 per 100G",
    "COL Size": "150g"
  },
  {
    "Brand_Product_Size": "Coles Beef Blade Roast approx. 1.42kg",
    "COL Price": 20.59,
    "COL ppu": "$14.50 per 1Kg",
    "COL Size": "approx. 1.42kg"
  },
  {
    "Brand_Product_Size": "Bonds Logo Low Cut Size 11-14 3 pack",
    "COL Price": 15,
    "COL ppu": "$5.00 per 1Ea",
    "COL Size": "3 pack"
  },
  {
    "Brand_Product_Size": "Coles Pappardelle 300g",
    "COL Price": 3,
    "COL ppu": "$1.00 per 100G",
    "COL Size": "300g"
  },
  {
    "Brand_Product_Size": "Abbott's Village Bakery Dark Rye Bread 700g",
    "COL Price": 3.8,
    "COL ppu": "$0.54 per 100G",
    "COL Size": "700g"
  },
  {
    "Brand_Product_Size": "Wallaby Bites Gluten Free Dark Chocolate Fruit & Nut 150g",
    "COL Price": 5,
    "COL ppu": "$3.33 per 100G",
    "COL Size": "150g"
  },
  {
    "Brand_Product_Size": "Huggies Ultra Dry Nappy Pants For Girls 15 Kg & Over Size 6 24 pack",
    "COL Price": 17,
    "COL ppu": "$0.71 per 1Ea",
    "COL Size": "24 pack"
  },
  {
    "Brand_Product_Size": "Vetta Smart Protein Spirals Pasta 375g",
    "COL Price": 1.8,
    "COL ppu": "$0.48 per 100G",
    "COL Size": "375g"
  },
  {
    "Brand_Product_Size": "Coles Half Celery each",
    "COL Price": 2,
    "COL ppu": "$2.00 per 1Ea",
    "COL Size": "each"
  },
  {
    "Brand_Product_Size": "Kellogg's K-Time Soft Baked Bites Strawberry 165g",
    "COL Price": 4,
    "COL ppu": "$2.42 per 100G",
    "COL Size": "165g"
  },
  {
    "Brand_Product_Size": "KIND Peanut Butter Dark Chocolate 40g",
    "COL Price": 3,
    "COL ppu": "$7.50 per 100G",
    "COL Size": "40g"
  },
  {
    "Brand_Product_Size": "Nature's Gift Deli Roll With Lamb Carrots & Peas Puppy Food 200g",
    "COL Price": 1.5,
    "COL ppu": "$0.75 per 100G",
    "COL Size": "200g"
  },
  {
    "Brand_Product_Size": "Palmolive Naturals Aloe & Olive Soap 4 pack",
    "COL Price": 2.85,
    "COL ppu": "$0.79 per 100G",
    "COL Size": "4 pack"
  },
  {
    "Brand_Product_Size": "McCain Sweet Potato Crinkle Cut Fries 539g",
    "COL Price": 5.5,
    "COL ppu": "$10.20 per 1Kg",
    "COL Size": "539g"
  },
  {
    "Brand_Product_Size": "Coles Frozen Chicken & Vegetable Pie 4 pack 700g",
    "COL Price": 3.5,
    "COL ppu": "$0.50 per 100G",
    "COL Size": "700g"
  },
  {
    "Brand_Product_Size": "Coles Orange Fruit Drink Multipack 250mL 6 pack",
    "COL Price": 2.65,
    "COL ppu": "$1.77 per 1L",
    "COL Size": "6 pack"
  },
  {
    "Brand_Product_Size": "Vicks Vapodrop Butter Menthol Lozenges 42 pack",
    "COL Price": 5.7,
    "COL ppu": "$0.14 per 1Ea",
    "COL Size": "42 pack"
  },
  {
    "Brand_Product_Size": "Birds Eye Hoki Lemon & Pepper 225g",
    "COL Price": 7.5,
    "COL ppu": "$33.33 per 1Kg",
    "COL Size": "225g"
  },
  {
    "Brand_Product_Size": "Coles Salad Small Tubs Potato Egg & Bacon Salad Salad smaLL",
    "COL Price": 5,
    "COL ppu": "$5.00 per 1Ea",
    "COL Size": "smaLL"
  },
  {
    "Brand_Product_Size": "Royal Fields Peanuts In Shell 500g",
    "COL Price": 5.3,
    "COL ppu": "$10.60 per 1Kg",
    "COL Size": "500g"
  },
  {
    "Brand_Product_Size": "Coles Aloe Vera Bath Soap 8 Pack 800g",
    "COL Price": 2.3,
    "COL ppu": "$0.29 per 100G",
    "COL Size": "800g"
  },
  {
    "Brand_Product_Size": "Dove Antiperspirant Aerosol Clinical Pomegran 180mL",
    "COL Price": 10,
    "COL ppu": "$5.56 per 100mL",
    "COL Size": "180mL"
  },
  {
    "Brand_Product_Size": "T2 Tummy Tea 10 pack",
    "COL Price": 7,
    "COL ppu": "$0.70 per 1Ea",
    "COL Size": "10 pack"
  },
  {
    "Brand_Product_Size": "Arnott's Vita-Weat 9 Grain Crispbread 250g",
    "COL Price": 3.3,
    "COL ppu": "$1.32 per 100G",
    "COL Size": "250g"
  },
  {
    "Brand_Product_Size": "Blackmores Milk Thistle Digestive Health 42 Tablets 1 pack",
    "COL Price": 13.2,
    "COL ppu": "$13.20 per 1Ea",
    "COL Size": "1 pack"
  },
  {
    "Brand_Product_Size": "Weis Fruit Ice Fruito Bars 4 pack 280mL",
    "COL Price": 7.5,
    "COL ppu": "$2.68 per 100mL",
    "COL Size": "280mL"
  },
  {
    "Brand_Product_Size": "Canesten Antibacterial And Antifungal Hygiene Laundry Rinse Lemon 1L",
    "COL Price": 8.8,
    "COL ppu": "$8.80 per 1L",
    "COL Size": "1L"
  },
  {
    "Brand_Product_Size": "Uncle Tobys Natural Style Muesli 1kg",
    "COL Price": 7.5,
    "COL ppu": "$0.75 per 100G",
    "COL Size": "1kg"
  },
  {
    "Brand_Product_Size": "Red Tractor Almond Flax Baking Flour 400g",
    "COL Price": 9,
    "COL ppu": "$2.25 per 100G",
    "COL Size": "400g"
  },
  {
    "Brand_Product_Size": "A+ Roasted Seaweed Snack 4.5g",
    "COL Price": 1,
    "COL ppu": "$22.23 per 100G",
    "COL Size": "4.5g"
  },
  {
    "Brand_Product_Size": "Coles Finest Roasted Almonds Chocolate Thins 110g",
    "COL Price": 3.5,
    "COL ppu": "$3.18 per 100G",
    "COL Size": "110g"
  },
  {
    "Brand_Product_Size": "Nilodor Spray Mist Deodoriser 100mL",
    "COL Price": 7.3,
    "COL ppu": "$0.73 per 10mL",
    "COL Size": "100mL"
  },
  {
    "Brand_Product_Size": "Coles Frozen Fruit Blueberries 1 kg",
    "COL Price": 7.5,
    "COL ppu": "$7.50 per 1KG",
    "COL Size": "1 kg"
  },
  {
    "Brand_Product_Size": "Mother's Day Mum & Me Mug Set each",
    "COL Price": 6,
    "COL ppu": "$6.00 per 1Ea",
    "COL Size": "each"
  },
  {
    "Brand_Product_Size": "Emma & Tom's Karmarama Juice Chilled 350mL",
    "COL Price": 3.9,
    "COL ppu": "$11.14 per 1L",
    "COL Size": "350mL"
  },
  {
    "Brand_Product_Size": "Oral B Pro Health Advanced All Round Protection Toothpaste 110g",
    "COL Price": 2.5,
    "COL ppu": "$2.27 per 100G",
    "COL Size": "110g"
  },
  {
    "Brand_Product_Size": "Vaseline Aloe Soothe Body Lotion 225mL",
    "COL Price": 4.5,
    "COL ppu": "$2.00 per 100mL",
    "COL Size": "225mL"
  },
  {
    "Brand_Product_Size": "Dr. Oetker Frozen Ristorante Spinaci (Spinach) Pizza 390g",
    "COL Price": 7.9,
    "COL ppu": "$2.03 per 100G",
    "COL Size": "390g"
  },
  {
    "Brand_Product_Size": "Maggi Dry Recipe Base Gluten Free Creamy Cheese & Garlic Potato Bake 23g",
    "COL Price": 1.75,
    "COL ppu": "$7.61 per 100G",
    "COL Size": "23g"
  },
  {
    "Brand_Product_Size": "TKO Out For The Count Multi Insect Killer 320g",
    "COL Price": 5,
    "COL ppu": "$1.56 per 100G",
    "COL Size": "320g"
  },
  {
    "Brand_Product_Size": "Nestle Coffee Mate Whitener 400g",
    "COL Price": 4,
    "COL ppu": "$1.00 per 100G",
    "COL Size": "400g"
  },
  {
    "Brand_Product_Size": "Uncle Tobys Plus Iron Cereal 710g",
    "COL Price": 7.5,
    "COL ppu": "$1.06 per 100G",
    "COL Size": "710g"
  },
  {
    "Brand_Product_Size": "Wrigley's Extra Strawberry Sugar Free Chewing Gum Bottle 46 Piece 64g",
    "COL Price": 4,
    "COL ppu": "$6.25 per 100G",
    "COL Size": "64g"
  },
  {
    "Brand_Product_Size": "Coles Heavy Duty Large Gloves 1 pack",
    "COL Price": 4.3,
    "COL ppu": "$4.30 per 1Ea",
    "COL Size": "1 pack"
  },
  {
    "Brand_Product_Size": "Coles Choc Chip Cookies 500g",
    "COL Price": 2,
    "COL ppu": "$0.40 per 100G",
    "COL Size": "500g"
  },
  {
    "Brand_Product_Size": "Coles Lady Finger Bananas approx. 160g each",
    "COL Price": 1.264,
    "COL ppu": "$7.90 per 1Kg",
    "COL Size": "approx. 160g each"
  },
  {
    "Brand_Product_Size": "Coles Hokey Pokey Ice Cream 2L",
    "COL Price": 4.5,
    "COL ppu": "$0.23 per 100mL",
    "COL Size": "2L"
  },
  {
    "Brand_Product_Size": "Coles Beef Chipolatas 550g",
    "COL Price": 5.5,
    "COL ppu": "$1.00 per 100G",
    "COL Size": "550g"
  },
  {
    "Brand_Product_Size": "Coles Deli Express Mild Hungarian Sliced Salami 150g",
    "COL Price": 5.5,
    "COL ppu": "$3.67 per 100G",
    "COL Size": "150g"
  },
  {
    "Brand_Product_Size": "Tampax Regular Tampons With Applicator 20 pack",
    "COL Price": 4.72,
    "COL ppu": "$0.24 per 1Ea",
    "COL Size": "20 pack"
  },
  {
    "Brand_Product_Size": "Jab Tumbler Variety each",
    "COL Price": 3,
    "COL ppu": "$3.00 per 1Ea",
    "COL Size": "each"
  },
  {
    "Brand_Product_Size": "Mainland On The Go Tasty Cheese & Crackers 4 Pack 120g",
    "COL Price": 6,
    "COL ppu": "",
    "COL Size": "120g"
  },
  {
    "Brand_Product_Size": "Cutex Strengthening Nail Polish Remover 100mL",
    "COL Price": 4.8,
    "COL ppu": "$0.48 per 10mL",
    "COL Size": "100mL"
  },
  {
    "Brand_Product_Size": "Angel Delight Butterscotch Flavour Dessert 59g",
    "COL Price": 2.4,
    "COL ppu": "$0.41 per 10G",
    "COL Size": "59g"
  },
  {
    "Brand_Product_Size": "S & B Golden Curry Hot Sauce Mix 92g",
    "COL Price": 4.5,
    "COL ppu": "$4.89 per 100G",
    "COL Size": "92g"
  },
  {
    "Brand_Product_Size": "Wellness Road Australian Quinoa White 1kg",
    "COL Price": 10,
    "COL ppu": "$10.00 per 1Kg",
    "COL Size": "1kg"
  },
  {
    "Brand_Product_Size": "Poise Extra Long Liners 22 pack",
    "COL Price": 4.3,
    "COL ppu": "$0.20 per 1Ea",
    "COL Size": "22 pack"
  },
  {
    "Brand_Product_Size": "Hellmann's Real Mayonnaise Jar 800g",
    "COL Price": 9,
    "COL ppu": "$1.13 per 100G",
    "COL Size": "800g"
  },
  {
    "Brand_Product_Size": "Durex Naturals Intimate Gel Moisturising Lubricant 100mL",
    "COL Price": 14,
    "COL ppu": "$14.00 per 100mL",
    "COL Size": "100mL"
  },
  {
    "Brand_Product_Size": "Nestle Aero Peppermint Chocolate Block 118g",
    "COL Price": 3,
    "COL ppu": "$2.54 per 100G",
    "COL Size": "118g"
  },
  {
    "Brand_Product_Size": "L'Oreal Elvive Colour Protect Shampoo 700mL",
    "COL Price": 10,
    "COL ppu": "$1.43 per 100mL",
    "COL Size": "700mL"
  },
  {
    "Brand_Product_Size": "Bonds Comfy Tops Semi Opaque Knee Hi 40 Denier Black 1 size 1 pack",
    "COL Price": 6,
    "COL ppu": "",
    "COL Size": "1 pack"
  },
  {
    "Brand_Product_Size": "MasterFoods Sausage Hot Pot Slow Cook Recipe Base 175g",
    "COL Price": 2.2,
    "COL ppu": "$1.26 per 100G",
    "COL Size": "175g"
  },
  {
    "Brand_Product_Size": "Coles Walnut Oil 250mL",
    "COL Price": 5,
    "COL ppu": "$2.00 per 100mL",
    "COL Size": "250mL"
  },
  {
    "Brand_Product_Size": "Massel Chicken Stock Powder 168g",
    "COL Price": 3.45,
    "COL ppu": "$0.21 per 10G",
    "COL Size": "168g"
  },
  {
    "Brand_Product_Size": "Coles The Original Beef Sausage 550g",
    "COL Price": 5.5,
    "COL ppu": "$10.00 per 1Kg",
    "COL Size": "550g"
  },
  {
    "Brand_Product_Size": "Ayam Regular Coconut Milk 400mL",
    "COL Price": 3.5,
    "COL ppu": "$0.88 per 100mL",
    "COL Size": "400mL"
  },
  {
    "Brand_Product_Size": "L'Oreal Revitalift Filler Day Cream 50mL",
    "COL Price": 31.5,
    "COL ppu": "$63.00 per 100mL",
    "COL Size": "50mL"
  },
  {
    "Brand_Product_Size": "Chicco D'Oro Premium Blend Delta Ground Coffee 200g",
    "COL Price": 3,
    "COL ppu": "$1.50 per 100G",
    "COL Size": "200g"
  },
  {
    "Brand_Product_Size": "Loma Linda Mediterranean Tomato & Olive With Pasta 285g",
    "COL Price": 5,
    "COL ppu": "$1.75 per 100G",
    "COL Size": "285g"
  },
  {
    "Brand_Product_Size": "Cook & Dine White Lunch Serviettes 50 pack",
    "COL Price": 1.29,
    "COL ppu": "$2.58 per 100Ea",
    "COL Size": "50 pack"
  },
  {
    "Brand_Product_Size": "Colgate Kids 4-6 Years Strawberry Toothpaste 80g",
    "COL Price": 3.2,
    "COL ppu": "$4.00 per 100G",
    "COL Size": "80g"
  },
  {
    "Brand_Product_Size": "Golden Wok Frozen Diana Chan's Thai Chicken Dumplings 230g",
    "COL Price": 7.5,
    "COL ppu": "$3.26 per 100G",
    "COL Size": "230g"
  },
  {
    "Brand_Product_Size": "Nestle Kit Kat Chocolate Caramel Crisp 170g",
    "COL Price": 3,
    "COL ppu": "$1.76 per 100G",
    "COL Size": "170g"
  },
  {
    "Brand_Product_Size": "Ion Laundry Capsules Sensitive 36 pack",
    "COL Price": 12,
    "COL ppu": "$0.33 per 1Ea",
    "COL Size": "36 pack"
  },
  {
    "Brand_Product_Size": "Cenovis Echinacea Garlic Zinc & C Tablets 60 pack",
    "COL Price": 16,
    "COL ppu": "$0.27 per 1Ea",
    "COL Size": "60 pack"
  },
  {
    "Brand_Product_Size": "Oak Nestle Peppermint Crisp Flavoured Milk 600mL",
    "COL Price": 3.1,
    "COL ppu": "$5.17 per 1L",
    "COL Size": "600mL"
  },
  {
    "Brand_Product_Size": "Olay Regenerist Whip Moisturiser Cream 50g",
    "COL Price": 49,
    "COL ppu": "$98.00 per 100G",
    "COL Size": "50g"
  },
  {
    "Brand_Product_Size": "Coles Butter 250g",
    "COL Price": 3.25,
    "COL ppu": "$1.30 per 100G",
    "COL Size": "250g"
  },
  {
    "Brand_Product_Size": "SPC Diced Peaches In Orange Jelly 480g",
    "COL Price": 3,
    "COL ppu": "$6.25 per 1Kg",
    "COL Size": "480g"
  },
  {
    "Brand_Product_Size": "Green's Triple Choc Muffin Mix 425g",
    "COL Price": 3.2,
    "COL ppu": "$0.75 per 100G",
    "COL Size": "425g"
  },
  {
    "Brand_Product_Size": "Keep It Cleaner Fermented Vegetable Red Cabbage Kraut 400g",
    "COL Price": 10,
    "COL ppu": "$2.50 per 100G",
    "COL Size": "400g"
  },
  {
    "Brand_Product_Size": "Allure By Tempo Vanilla Yoghurt 200g",
    "COL Price": 2.85,
    "COL ppu": "$1.43 per 100G",
    "COL Size": "200g"
  },
  {
    "Brand_Product_Size": "Health Lab Choc Mint Ball 40g",
    "COL Price": 3,
    "COL ppu": "$7.50 per 100G",
    "COL Size": "40g"
  },
  {
    "Brand_Product_Size": "Coles Eucalyptus Oil Spray 200g",
    "COL Price": 8.5,
    "COL ppu": "$4.25 per 100G",
    "COL Size": "200g"
  },
  {
    "Brand_Product_Size": "Lotte Koala's March Chocolate Biscuits 195g",
    "COL Price": 5,
    "COL ppu": "$2.56 per 100G",
    "COL Size": "195g"
  },
  {
    "Brand_Product_Size": "Cook & Dine Scissors each",
    "COL Price": 7,
    "COL ppu": "$7.00 per 1Ea",
    "COL Size": "each"
  },
  {
    "Brand_Product_Size": "Hart & Soul All Natural Pho Soup With Konjac Pouch 400g",
    "COL Price": 3,
    "COL ppu": "$0.75 per 100G",
    "COL Size": "400g"
  },
  {
    "Brand_Product_Size": "Always Fresh Pasticcini Lemon Biscuits 110g",
    "COL Price": 3.5,
    "COL ppu": "$3.18 per 100G",
    "COL Size": "110g"
  },
  {
    "Brand_Product_Size": "Coles Extra Pads Regular With Wings 16 pack",
    "COL Price": 1.8,
    "COL ppu": "$0.11 per 1Ea",
    "COL Size": "16 pack"
  },
  {
    "Brand_Product_Size": "Sunsilk Addictive Brilliant Shine Shampoo 350mL",
    "COL Price": 5.5,
    "COL ppu": "$1.57 per 100mL",
    "COL Size": "350mL"
  },
  {
    "Brand_Product_Size": "A2 Light Fat Milk 1L",
    "COL Price": 3.2,
    "COL ppu": "$3.20 per 1L",
    "COL Size": "1L"
  },
  {
    "Brand_Product_Size": "Ajitas Twists Cheese Max 75g",
    "COL Price": 3.8,
    "COL ppu": "$5.07 per 100G",
    "COL Size": "75g"
  },
  {
    "Brand_Product_Size": "Nivea Sun Sunscreen Moisturiser Lotion + Vitamin E & SPF50+ 400mL",
    "COL Price": 21,
    "COL ppu": "$5.25 per 100mL",
    "COL Size": "400mL"
  },
  {
    "Brand_Product_Size": "Daley Street Medium/Dark Coffee Capsules 10 pack",
    "COL Price": 4,
    "COL ppu": "",
    "COL Size": "10 pack"
  },
  {
    "Brand_Product_Size": "Helga's Sourdough Bread 650g",
    "COL Price": 3.9,
    "COL ppu": "$0.60 per 100G",
    "COL Size": "650g"
  },
  {
    "Brand_Product_Size": "The Natural Cracker Co Crackers Crispy Taco 160g",
    "COL Price": 1.75,
    "COL ppu": "$1.09 per 100G",
    "COL Size": "160g"
  },
  {
    "Brand_Product_Size": "Table Of Plenty Single Rice Cakes Dark Chocolate 30g",
    "COL Price": 1.95,
    "COL ppu": "$6.50 per 100G",
    "COL Size": "30g"
  },
  {
    "Brand_Product_Size": "Doldori Roasted Seaweed Snack Hot & Spicy 30g",
    "COL Price": 3.35,
    "COL ppu": "$11.17 per 100G",
    "COL Size": "30g"
  },
  {
    "Brand_Product_Size": "Twinings Tea Bags Lady Grey 100 pack",
    "COL Price": 5.6,
    "COL ppu": "$0.06 per 1Ea",
    "COL Size": "100 pack"
  },
  {
    "Brand_Product_Size": "Fancy Feast Petit Cuisine With Grilled Chicken & Grilled Turkey Gourmet Cat Food 50g 6 pack",
    "COL Price": 5,
    "COL ppu": "$1.67 per 100G",
    "COL Size": "6 pack"
  },
  {
    "Brand_Product_Size": "Coles Kitchen Rich Beef Pie 360g",
    "COL Price": 8.5,
    "COL ppu": "$2.36 per 100G",
    "COL Size": "360g"
  },
  {
    "Brand_Product_Size": "Modo Ecoliving A4 Recycled Spiral Bound Notebook 176 Pages each",
    "COL Price": 4,
    "COL ppu": "$4.00 per 1Ea",
    "COL Size": "each"
  },
  {
    "Brand_Product_Size": "Naturopathica Fat Blaster Less Sugar Vanilla Shake 430g",
    "COL Price": 20,
    "COL ppu": "$4.65 per 100G",
    "COL Size": "430g"
  },
  {
    "Brand_Product_Size": "Weight Watchers Frozen Creamy Tuna Bake Meal 320g",
    "COL Price": 4,
    "COL ppu": "$1.25 per 100G",
    "COL Size": "320g"
  },
  {
    "Brand_Product_Size": "Arkadia Spice Chai Tea Sachets 20 pack 400g",
    "COL Price": 13,
    "COL ppu": "$3.25 per 100G",
    "COL Size": "400g"
  },
  {
    "Brand_Product_Size": "Primo Stacker Mild Salami Cheese & Crackers 50g",
    "COL Price": 4,
    "COL ppu": "",
    "COL Size": "50g"
  },
  {
    "Brand_Product_Size": "Pandaroo Rice Seasoning Bonito 50g",
    "COL Price": 5,
    "COL ppu": "$10.00 per 100G",
    "COL Size": "50g"
  },
  {
    "Brand_Product_Size": "Vanish Napisan Gold Pro Oxi Action Powder Fabric Stain Remover 1.8kg",
    "COL Price": 11,
    "COL ppu": "$6.11 per 1Kg",
    "COL Size": "1.8kg"
  },
  {
    "Brand_Product_Size": "Banana Boat Sport SPF 50+ Sunscreen Lotion 400g",
    "COL Price": 21,
    "COL ppu": "$5.25 per 100G",
    "COL Size": "400g"
  },
  {
    "Brand_Product_Size": "Coles Red Cayenne Chillies loose approx. 50g",
    "COL Price": 1.2,
    "COL ppu": "$24.00 per 1Kg",
    "COL Size": "approx. 50g"
  },
  {
    "Brand_Product_Size": "Coles Mango Slices 150g",
    "COL Price": 4,
    "COL ppu": "$2.67 per 100G",
    "COL Size": "150g"
  },
  {
    "Brand_Product_Size": "Hanabi Frozen Chicken Potstickers 500g",
    "COL Price": 8,
    "COL ppu": "$16.00 per 1Kg",
    "COL Size": "500g"
  },
  {
    "Brand_Product_Size": "B Honey Squeeze 300g",
    "COL Price": 4.5,
    "COL ppu": "$1.50 per 100G",
    "COL Size": "300g"
  },
  {
    "Brand_Product_Size": "Bickford's Lemon Lime & Bitters Cordial 750mL",
    "COL Price": 3.2,
    "COL ppu": "$4.27 per 1L",
    "COL Size": "750mL"
  },
  {
    "Brand_Product_Size": "Kiwi Sneaker Cleaner 75 mL",
    "COL Price": 8,
    "COL ppu": "",
    "COL Size": "75 mL"
  },
  {
    "Brand_Product_Size": "Oral-B Stages Berry Bubble Toothpaste For Kids 92g",
    "COL Price": 2,
    "COL ppu": "$2.17 per 100G",
    "COL Size": "92g"
  },
  {
    "Brand_Product_Size": "Hask Monoi Coconut Shampoo 355mL",
    "COL Price": 15,
    "COL ppu": "$4.23 per 100mL",
    "COL Size": "355mL"
  },
  {
    "Brand_Product_Size": "V Energy Drink Blue Can 500mL",
    "COL Price": 3.15,
    "COL ppu": "$6.30 per 1L",
    "COL Size": "500mL"
  },
  {
    "Brand_Product_Size": "White Wings Original Pancake Shake 350g",
    "COL Price": 2.5,
    "COL ppu": "$0.71 per 100G",
    "COL Size": "350g"
  },
  {
    "Brand_Product_Size": "Lurpak Unsalted Spreadable Butter 250g",
    "COL Price": 5,
    "COL ppu": "$2.00 per 100G",
    "COL Size": "250g"
  },
  {
    "Brand_Product_Size": "The Alternative Meat Co. Plant Based Sausages 350g",
    "COL Price": 7,
    "COL ppu": "$20.00 per 1Kg",
    "COL Size": "350g"
  },
  {
    "Brand_Product_Size": "Coles Finest Tasmanian Quince Paste approx. 100g",
    "COL Price": 3.3,
    "COL ppu": "$33.00 per 1Kg",
    "COL Size": "approx. 100g"
  },
  {
    "Brand_Product_Size": "Burt's Bees Beeswax Lip Balm 4.25g",
    "COL Price": 6.5,
    "COL ppu": "$15.29 per 10G",
    "COL Size": "4.25g"
  },
  {
    "Brand_Product_Size": "Coles Unflavoured Whey Protein Concentrate 500g",
    "COL Price": 18,
    "COL ppu": "$3.60 per 100G",
    "COL Size": "500g"
  },
  {
    "Brand_Product_Size": "McCain Frozen Scalloped Potatoes 600g",
    "COL Price": 2.5,
    "COL ppu": "$0.42 per 100G",
    "COL Size": "600g"
  },
  {
    "Brand_Product_Size": "L'Oreal Casting Creme Gloss Darkest Brown Hair Colour each",
    "COL Price": 12.8,
    "COL ppu": "$12.80 per 1Ea",
    "COL Size": "each"
  },
  {
    "Brand_Product_Size": "Original Juice Co. Black Label Limited Edition Juice 1.5L",
    "COL Price": 5.65,
    "COL ppu": "$3.77 per 1L",
    "COL Size": "1.5L"
  },
  {
    "Brand_Product_Size": "Cold Power Advanced  Clean Laundry Powder 4kg",
    "COL Price": 30,
    "COL ppu": "$7.50 per 1Kg",
    "COL Size": "4kg"
  },
  {
    "Brand_Product_Size": "Tresemme Botanique Restore & Shine Shampoo 350mL",
    "COL Price": 6.3,
    "COL ppu": "$1.80 per 100mL",
    "COL Size": "350mL"
  },
  {
    "Brand_Product_Size": "K-Roo Kangaroo Sizzle Steak 400g",
    "COL Price": 9,
    "COL ppu": "$2.25 per 100G",
    "COL Size": "400g"
  },
  {
    "Brand_Product_Size": "Kez's Kitchen Gluten Free Almond Florentine Biscuits 180g",
    "COL Price": 7,
    "COL ppu": "$3.89 per 100G",
    "COL Size": "180g"
  },
  {
    "Brand_Product_Size": "Danone YoPro Blueberry Yoghurt 160g",
    "COL Price": 2.4,
    "COL ppu": "$1.50 per 100G",
    "COL Size": "160g"
  },
  {
    "Brand_Product_Size": "Coles Marzipan Ready to Roll 500g",
    "COL Price": 8,
    "COL ppu": "$1.60 per 100G",
    "COL Size": "500g"
  },
  {
    "Brand_Product_Size": "Schwarzkopf C3 Nordic Blonde Anti-Yellow Toner 200mL",
    "COL Price": 13,
    "COL ppu": "$6.50 per 100mL",
    "COL Size": "200mL"
  },
  {
    "Brand_Product_Size": "Maybelline Fit Me Classic Ivory Powder 8.5g",
    "COL Price": 10.5,
    "COL ppu": "$12.35 per 10G",
    "COL Size": "8.5g"
  },
  {
    "Brand_Product_Size": "The Natural Confectionery Co Jumbo Pack Party Mix 1.1kg",
    "COL Price": 8.5,
    "COL ppu": "$0.77 per 100G",
    "COL Size": "1.1kg"
  },
  {
    "Brand_Product_Size": "Elite Kif Kef Wafer White 45g",
    "COL Price": 1.75,
    "COL ppu": "$3.89 per 100G",
    "COL Size": "45g"
  },
  {
    "Brand_Product_Size": "Odor Eaters Foot & Shoe Spray Sport 150mL",
    "COL Price": 7.5,
    "COL ppu": "",
    "COL Size": "150mL"
  },
  {
    "Brand_Product_Size": "Go Ahead Sultana & Forest Fruit Crispy Slice 218g",
    "COL Price": 1.97,
    "COL ppu": "$0.90 per 100G",
    "COL Size": "218g"
  },
  {
    "Brand_Product_Size": "3M Lint Pet Roller each",
    "COL Price": 8,
    "COL ppu": "$8.00 per 1Ea",
    "COL Size": "each"
  },
  {
    "Brand_Product_Size": "Decor Hydro Stainless Steel Bottle 750mL each",
    "COL Price": 14,
    "COL ppu": "$14.00 per 1Ea",
    "COL Size": "each"
  },
  {
    "Brand_Product_Size": "Gillette Sensor 3 Sensitive Disposable Razors 4 pack",
    "COL Price": 6.5,
    "COL ppu": "$1.63 per 1Ea",
    "COL Size": "4 pack"
  },
  {
    "Brand_Product_Size": "Sanitarium Weet-Bix Blends Apple & Cinnamon Breakfast Cereal 450g",
    "COL Price": 5.3,
    "COL ppu": "$1.18 per 100G",
    "COL Size": "450g"
  },
  {
    "Brand_Product_Size": "Keep It Cleaner Bliss Balls Peppermint Slice 40g",
    "COL Price": 2.5,
    "COL ppu": "$6.25 per 100mL",
    "COL Size": "40g"
  },
  {
    "Brand_Product_Size": "Hanabi Cheese Seafood Tofu 300g",
    "COL Price": 5,
    "COL ppu": "$1.67 per 100G",
    "COL Size": "300g"
  },
  {
    "Brand_Product_Size": "Jalna Premium Vanilla Creamy Yoghurt 170g",
    "COL Price": 1.75,
    "COL ppu": "$1.03 per 100G",
    "COL Size": "170g"
  },
  {
    "Brand_Product_Size": "VS Sassoon Mini Pro Straightening Brush 1 pack",
    "COL Price": 30,
    "COL ppu": "$30.00 per 1Ea",
    "COL Size": "1 pack"
  },
  {
    "Brand_Product_Size": "Multix Greener Brown Baking Paper 15m x 30cm 15m",
    "COL Price": 4.2,
    "COL ppu": "$0.28 per 1M",
    "COL Size": "15m"
  },
  {
    "Brand_Product_Size": "Jalna Lactose Free Strawberry Yoghurt 170g",
    "COL Price": 2.3,
    "COL ppu": "$1.35 per 100G",
    "COL Size": "170g"
  },
  {
    "Brand_Product_Size": "Coles Kids Triangles Cheese 8 pack 140g",
    "COL Price": 2,
    "COL ppu": "$1.43 per 100G",
    "COL Size": "140g"
  },
  {
    "Brand_Product_Size": "Quilton 3 Ply Floral Print Soft Double Length Toilet Paper 9 pack",
    "COL Price": 9.5,
    "COL ppu": "$0.29 per 100Ea",
    "COL Size": "9 pack"
  },
  {
    "Brand_Product_Size": "Coles Lemon Bleach 2L",
    "COL Price": 1.7,
    "COL ppu": "$0.85 per 1L",
    "COL Size": "2L"
  },
  {
    "Brand_Product_Size": "Belvita Fig & Pear Baked Bar 180g",
    "COL Price": 5.8,
    "COL ppu": "$3.22 per 100G",
    "COL Size": "180g"
  },
  {
    "Brand_Product_Size": "Latina Fresh Ricotta & Spinach Agnolotti 375g",
    "COL Price": 4,
    "COL ppu": "$1.07 per 100G",
    "COL Size": "375g"
  },
  {
    "Brand_Product_Size": "Coles Finest Thai Green Chicken Curry 400g",
    "COL Price": 8.5,
    "COL ppu": "$2.13 per 100G",
    "COL Size": "400g"
  },
  {
    "Brand_Product_Size": "Lynx Aerosol Legend Deodorant 165mL",
    "COL Price": 7,
    "COL ppu": "$4.24 per 100mL",
    "COL Size": "165mL"
  },
  {
    "Brand_Product_Size": "L'OR Espresso Onyx Intensity 12 Coffee Capsules 20 Pack 104g",
    "COL Price": 11,
    "COL ppu": "$10.58 per 100G",
    "COL Size": "104g"
  },
  {
    "Brand_Product_Size": "Burt's Bees Pomegranate Moisturizing Lip Balm 4.25g",
    "COL Price": 6.5,
    "COL ppu": "$15.29 per 10G",
    "COL Size": "4.25g"
  },
  {
    "Brand_Product_Size": "Red Tractor Organic Rolled Oats 1kg",
    "COL Price": 6.5,
    "COL ppu": "$0.65 per 100G",
    "COL Size": "1kg"
  },
  {
    "Brand_Product_Size": "Fussy Cat Grainfree Crunchers Chicken Treats 100g",
    "COL Price": 3,
    "COL ppu": "$3.00 per 100G",
    "COL Size": "100g"
  },
  {
    "Brand_Product_Size": "Oral-B FlossAction Electric Toothbrush Head 2 pack",
    "COL Price": 16.75,
    "COL ppu": "$8.38 per 1Ea",
    "COL Size": "2 pack"
  },
  {
    "Brand_Product_Size": "Coles Jazz Apples approx. 160g each",
    "COL Price": 1.04,
    "COL ppu": "$6.50 per 1Kg",
    "COL Size": "approx. 160g each"
  },
  {
    "Brand_Product_Size": "ETA Original Barbecue Sauce 375mL",
    "COL Price": 2.75,
    "COL ppu": "$0.73 per 100mL",
    "COL Size": "375mL"
  },
  {
    "Brand_Product_Size": "Norco Mighty Cool Strawberry Flavoured Milk 250mL",
    "COL Price": 2,
    "COL ppu": "$8.00 per 1L",
    "COL Size": "250mL"
  },
  {
    "Brand_Product_Size": "Patties Mini Quiche Cheese & Onion 420g",
    "COL Price": 6,
    "COL ppu": "$1.43 per 100G",
    "COL Size": "420g"
  },
  {
    "Brand_Product_Size": "Coles Frozen Fruit Mixed Berries 500g",
    "COL Price": 4,
    "COL ppu": "$8.00 per 1Kg",
    "COL Size": "500g"
  },
  {
    "Brand_Product_Size": "Coles Graze Lamb Shoulder Roast Boneless approx. 530g",
    "COL Price": 15.37,
    "COL ppu": "$29.00 per 1Kg",
    "COL Size": "approx. 530g"
  },
  {
    "Brand_Product_Size": "Paxo Sage & Onion Stuffing Mix 170g",
    "COL Price": 5.5,
    "COL ppu": "$3.24 per 100G",
    "COL Size": "170g"
  },
  {
    "Brand_Product_Size": "Simon Johnson Choc Coated Soft Nougat 110g",
    "COL Price": 20,
    "COL ppu": "$18.18 per 100G",
    "COL Size": "110g"
  },
  {
    "Brand_Product_Size": "Purr Tuna Jelly Cat Food Pouch 85g",
    "COL Price": 1,
    "COL ppu": "$1.18 per 100G",
    "COL Size": "85g"
  },
  {
    "Brand_Product_Size": "Nature's Way Super Foods Spirulina 100g",
    "COL Price": 13,
    "COL ppu": "$13.00 per 100G",
    "COL Size": "100g"
  },
  {
    "Brand_Product_Size": "Coles RSPCA Approved Boneless Chicken Roast With Apricot Herb & Stuffing 1kg",
    "COL Price": 12,
    "COL ppu": "$12.00 per 1Kg",
    "COL Size": "1kg"
  },
  {
    "Brand_Product_Size": "Queen Green Food Colour 50mL",
    "COL Price": 1.1,
    "COL ppu": "$0.22 per 10mL",
    "COL Size": "50mL"
  },
  {
    "Brand_Product_Size": "Dolmio Classic Tomato Pasta Sauce 500g",
    "COL Price": 2,
    "COL ppu": "$0.40 per 100G",
    "COL Size": "500g"
  },
  {
    "Brand_Product_Size": "Only Organic Vegetable & Chicken Risotto 220g",
    "COL Price": 3,
    "COL ppu": "$1.36 per 100G",
    "COL Size": "220g"
  },
  {
    "Brand_Product_Size": "The Laughing Cow Original Cheese Spread 256g",
    "COL Price": 6.5,
    "COL ppu": "$25.39 per 1Kg",
    "COL Size": "256g"
  },
  {
    "Brand_Product_Size": "Simson's Pantry Wholegrain Super Barley 5 pack 225g",
    "COL Price": 5,
    "COL ppu": "$2.22 per 100G",
    "COL Size": "225g"
  },
  {
    "Brand_Product_Size": "Blackmores Lyp-Sine Tablets 30 pack",
    "COL Price": 10.5,
    "COL ppu": "$35.00 per 100Ea",
    "COL Size": "30 pack"
  },
  {
    "Brand_Product_Size": "Coles Granny Smith Apples approx. 180g each",
    "COL Price": 0.81,
    "COL ppu": "$4.50 per 1Kg",
    "COL Size": "approx. 180g each"
  },
  {
    "Brand_Product_Size": "Fluffy Warm Vanilla & Creamy Coconut Fabric Conditioner 1.9L",
    "COL Price": 6.5,
    "COL ppu": "$3.42 per 1L",
    "COL Size": "1.9L"
  },
  {
    "Brand_Product_Size": "Grandma's Golden Wok Vegetable Gyoza 800g",
    "COL Price": 18.5,
    "COL ppu": "$2.31 per 100G",
    "COL Size": "800g"
  },
  {
    "Brand_Product_Size": "Burgen Soy & Linseed Bread 700g",
    "COL Price": 5,
    "COL ppu": "$0.71 per 100G",
    "COL Size": "700g"
  },
  {
    "Brand_Product_Size": "Coles Gingerbread Sticks 4pack 400mL",
    "COL Price": 5,
    "COL ppu": "$1.25 per 100mL",
    "COL Size": "400mL"
  },
  {
    "Brand_Product_Size": "Head & Shoulders Shampoo Clean Balanced 400mL",
    "COL Price": 6.75,
    "COL ppu": "$1.69 per 100mL",
    "COL Size": "400mL"
  },
  {
    "Brand_Product_Size": "Oral-B Pro 100 Cross Action Electric Toothbrush 1 pack",
    "COL Price": 70,
    "COL ppu": "$70.00 per 1Ea",
    "COL Size": "1 pack"
  },
  {
    "Brand_Product_Size": "Remedy Organic Kombucha Cherry Plum Multipack Cans 250mL 4 pack",
    "COL Price": 6,
    "COL ppu": "$6.00 per 1Ea",
    "COL Size": "4 pack"
  },
  {
    "Brand_Product_Size": "Pepsi Max Creaming Soda 1.25L",
    "COL Price": 1.3,
    "COL ppu": "$1.04 per 1L",
    "COL Size": "1.25L"
  },
  {
    "Brand_Product_Size": "Nevana Pizza Base 12 pack 700g",
    "COL Price": 4.8,
    "COL ppu": "$0.69 per 100G",
    "COL Size": "700g"
  },
  {
    "Brand_Product_Size": "Tommee Tippee Fast Flow Teat 2 pack",
    "COL Price": 8,
    "COL ppu": "$4.00 per 1Ea",
    "COL Size": "2 pack"
  },
  {
    "Brand_Product_Size": "Coles Tropical Juice Chilled 250mL 6 pack",
    "COL Price": 2.9,
    "COL ppu": "$1.93 per 1L",
    "COL Size": "6 pack"
  },
  {
    "Brand_Product_Size": "Wrigley's Extra Peppermint Sugar Free Chewing Gum 3 x 14 Piece Pack 81g",
    "COL Price": 4,
    "COL ppu": "$4.94 per 100G",
    "COL Size": "81g"
  },
  {
    "Brand_Product_Size": "Nescafe Dolce Gusto Cappuccino Capsules 16 pack 186g",
    "COL Price": 8.5,
    "COL ppu": "$4.57 per 100G",
    "COL Size": "186g"
  },
  {
    "Brand_Product_Size": "Oral B 3d Whitening Therapy Charcoal 95g",
    "COL Price": 12,
    "COL ppu": "$12.63 per 100G",
    "COL Size": "95g"
  },
  {
    "Brand_Product_Size": "Sukin Sheer Touch Facial Sunscreen Untinted SPF30 60mL",
    "COL Price": 25,
    "COL ppu": "$41.67 per 100mL",
    "COL Size": "60mL"
  },
  {
    "Brand_Product_Size": "Coles Kitchen Cottage Pie 400g",
    "COL Price": 7.5,
    "COL ppu": "$1.88 per 100G",
    "COL Size": "400g"
  },
  {
    "Brand_Product_Size": "Celebrate Health BBQ Sauce 430mL",
    "COL Price": 5,
    "COL ppu": "$1.16 per 100mL",
    "COL Size": "430mL"
  },
  {
    "Brand_Product_Size": "Coles Multi Colour Balloons 50 pack",
    "COL Price": 5,
    "COL ppu": "$0.10 per 1Ea",
    "COL Size": "50 pack"
  },
  {
    "Brand_Product_Size": "Allure By Tempo Forest Fruits Yoghurt 200g",
    "COL Price": 2.85,
    "COL ppu": "$1.43 per 100G",
    "COL Size": "200g"
  },
  {
    "Brand_Product_Size": "Coles Deli Hot Chorizo Salami approx. 125g",
    "COL Price": 4.125,
    "COL ppu": "$33.00 per 1Kg",
    "COL Size": "approx. 125g"
  },
  {
    "Brand_Product_Size": "Coles Lavash Wraps 6 Pack 225g",
    "COL Price": 2.7,
    "COL ppu": "$1.20 per 100G",
    "COL Size": "225g"
  },
  {
    "Brand_Product_Size": "Keep It Cleaner Brown Rice And Quinoa Spaghetti 250g",
    "COL Price": 4,
    "COL ppu": "$1.60 per 100G",
    "COL Size": "250g"
  },
  {
    "Brand_Product_Size": "Australian Eatwell Lentil Vegie Burgers 4 pack 500g",
    "COL Price": 6.3,
    "COL ppu": "$1.26 per 100G",
    "COL Size": "500g"
  },
  {
    "Brand_Product_Size": "Mother Sugar Free Energy Drink Can 500mL",
    "COL Price": 2.85,
    "COL ppu": "$5.70 per 1L",
    "COL Size": "500mL"
  },
  {
    "Brand_Product_Size": "Street Smokey BBQ Meatlovers Pizza 385g",
    "COL Price": 5,
    "COL ppu": "$1.30 per 100G",
    "COL Size": "385g"
  },
  {
    "Brand_Product_Size": "Thank You Goat's Milk & Lemon Myrtle Hand Wash Refill 1L",
    "COL Price": 8.75,
    "COL ppu": "$0.88 per 100mL",
    "COL Size": "1L"
  },
  {
    "Brand_Product_Size": "Bulla Crme Fraiche 200g",
    "COL Price": 4.2,
    "COL ppu": "$2.10 per 100G",
    "COL Size": "200g"
  },
  {
    "Brand_Product_Size": "S&W Gluten Free Whole Egg Mayonnaise 320g",
    "COL Price": 6,
    "COL ppu": "$1.88 per 100G",
    "COL Size": "320g"
  },
  {
    "Brand_Product_Size": "Vittoria Mountain Grown Coffee Beans 1kg",
    "COL Price": 36.5,
    "COL ppu": "$3.65 per 100G",
    "COL Size": "1kg"
  },
  {
    "Brand_Product_Size": "OB Finest Cranberry & Pumpkin Seed Crackers 150g",
    "COL Price": 6,
    "COL ppu": "$4.00 per 100G",
    "COL Size": "150g"
  },
  {
    "Brand_Product_Size": "Cold Power Advanced Clean Sensitive Pure Clean Laundry Liquid 2L",
    "COL Price": 8.75,
    "COL ppu": "$4.38 per 1L",
    "COL Size": "2L"
  },
  {
    "Brand_Product_Size": "Green's Gluten Free Golden Butter Cake Mix 470g",
    "COL Price": 3.2,
    "COL ppu": "$0.68 per 100G",
    "COL Size": "470g"
  },
  {
    "Brand_Product_Size": "Primo Streaky Bacon Twin Pack 430g",
    "COL Price": 11,
    "COL ppu": "$25.58 per 1Kg",
    "COL Size": "430g"
  },
  {
    "Brand_Product_Size": "Nice & Natural Chocolate Almond Nut Bars 6 pack 180g",
    "COL Price": 4,
    "COL ppu": "$2.22 per 100G",
    "COL Size": "180g"
  },
  {
    "Brand_Product_Size": "Coles Australian Style Fetta Cheese 200g",
    "COL Price": 3,
    "COL ppu": "$15.00 per 1Kg",
    "COL Size": "200g"
  },
  {
    "Brand_Product_Size": "The Natural Confectionary Co. Sour Squirms Lollies 240g",
    "COL Price": 2,
    "COL ppu": "$0.83 per 100G",
    "COL Size": "240g"
  },
  {
    "Brand_Product_Size": "South Cape Reduced Fat Greek Style Fetta 200g",
    "COL Price": 5,
    "COL ppu": "$25.00 per 1Kg",
    "COL Size": "200g"
  },
  {
    "Brand_Product_Size": "Lucky Hazelnut Meal 150g",
    "COL Price": 5,
    "COL ppu": "$33.34 per 1Kg",
    "COL Size": "150g"
  },
  {
    "Brand_Product_Size": "Revlon Super Lustrous Matte Lipstick Pick Me Up 4.2g",
    "COL Price": 25,
    "COL ppu": "$59.53 per 10G",
    "COL Size": "4.2g"
  },
  {
    "Brand_Product_Size": "Mr Chen's Frozen Prawn Hargow Dumplings 12 pack 300g",
    "COL Price": 3.75,
    "COL ppu": "$1.25 per 100G",
    "COL Size": "300g"
  },
  {
    "Brand_Product_Size": "Mother's Day Licensed Tea For One each",
    "COL Price": 20,
    "COL ppu": "$20.00 per 1Ea",
    "COL Size": "each"
  },
  {
    "Brand_Product_Size": "Bonds Opaque Tights Knee Hi 40 Denier Nude 1 size 1 pack",
    "COL Price": 6,
    "COL ppu": "",
    "COL Size": "1 pack"
  },
  {
    "Brand_Product_Size": "Coles Desiccated Coconut 500g",
    "COL Price": 2.8,
    "COL ppu": "$5.60 per 1Kg",
    "COL Size": "500g"
  },
  {
    "Brand_Product_Size": "Delicias Quince Paste 240g",
    "COL Price": 10,
    "COL ppu": "$4.17 per 100G",
    "COL Size": "240g"
  },
  {
    "Brand_Product_Size": "Sharpie Gel Pen Assorted 4 pack",
    "COL Price": 12,
    "COL ppu": "$3.00 per 1Ea",
    "COL Size": "4 pack"
  },
  {
    "Brand_Product_Size": "Heinz Soup For One Big Red Tomato Can 300g",
    "COL Price": 1.95,
    "COL ppu": "$0.65 per 100G",
    "COL Size": "300g"
  },
  {
    "Brand_Product_Size": "The Bar Counter Chocolate Orange Protein Balls 30g",
    "COL Price": 2.5,
    "COL ppu": "$8.33 per 100G",
    "COL Size": "30g"
  },
  {
    "Brand_Product_Size": "Golden Circle Orange Mango Juice 2L",
    "COL Price": 3,
    "COL ppu": "$1.50 per 1L",
    "COL Size": "2L"
  },
  {
    "Brand_Product_Size": "Kinder Surprise Egg 20g",
    "COL Price": 2.2,
    "COL ppu": "$11.00 per 100G",
    "COL Size": "20g"
  },
  {
    "Brand_Product_Size": "Campbell's Country Ladle Potato & Leek Soup Can 505g",
    "COL Price": 3.5,
    "COL ppu": "$0.69 per 100G",
    "COL Size": "505g"
  },
  {
    "Brand_Product_Size": "Monster Energy Drink Ultra Rosa 4X500mL 4 pack",
    "COL Price": 12.5,
    "COL ppu": "$6.25 per 1L",
    "COL Size": "4 pack"
  },
  {
    "Brand_Product_Size": "Mortein Power Gard Flying Insect Killer Spray 300g",
    "COL Price": 8.8,
    "COL ppu": "$2.93 per 100G",
    "COL Size": "300g"
  },
  {
    "Brand_Product_Size": "Peck's Devilled Ham Spread 125g",
    "COL Price": 2.8,
    "COL ppu": "$2.24 per 100G",
    "COL Size": "125g"
  },
  {
    "Brand_Product_Size": "Coles RSPCA Approved Chicken Thigh Jamaican Jerk 600g",
    "COL Price": 11,
    "COL ppu": "$1.83 per 100G",
    "COL Size": "600g"
  },
  {
    "Brand_Product_Size": "Pascall Pineapple Lumps Lollies 185g",
    "COL Price": 4,
    "COL ppu": "$2.16 per 100G",
    "COL Size": "185g"
  },
  {
    "Brand_Product_Size": "Serious Organic Frozen Raspberries 250g",
    "COL Price": 6,
    "COL ppu": "$2.40 per 100G",
    "COL Size": "250g"
  },
  {
    "Brand_Product_Size": "Purina Total Care Palatable Allwormer Cat Kittens Treatment Tablets 2 pack",
    "COL Price": 13,
    "COL ppu": "$6.50 per 1Ea",
    "COL Size": "2 pack"
  },
  {
    "Brand_Product_Size": "Mount Franklin Natural Lemon Flavoured Lightly Sparkling Water 1.25L",
    "COL Price": 2.7,
    "COL ppu": "$2.16 per 1L",
    "COL Size": "1.25L"
  },
  {
    "Brand_Product_Size": "Duracell Specialty 1632 Batteries 1 pack",
    "COL Price": 6,
    "COL ppu": "$6.00 per 1Ea",
    "COL Size": "1 pack"
  },
  {
    "Brand_Product_Size": "Blackmores Superkids Multi Gummies 60 pack",
    "COL Price": 10.05,
    "COL ppu": "$16.75 per 100Ea",
    "COL Size": "60 pack"
  },
  {
    "Brand_Product_Size": "Aqua Pura Fruit Splash Wild Berry 1L",
    "COL Price": 2.65,
    "COL ppu": "$2.65 per 1L",
    "COL Size": "1L"
  },
  {
    "Brand_Product_Size": "Duracell Specialty 3V 2025 Lithium Batteries 2 pack",
    "COL Price": 7,
    "COL ppu": "$3.50 per 1Ea",
    "COL Size": "2 pack"
  },
  {
    "Brand_Product_Size": "Maggi Oyster Sauce 275mL",
    "COL Price": 3,
    "COL ppu": "$1.09 per 100mL",
    "COL Size": "275mL"
  },
  {
    "Brand_Product_Size": "Coles Pineapple Pieces in Syrup 425g",
    "COL Price": 1.1,
    "COL ppu": "$2.59 per 1Kg",
    "COL Size": "425g"
  },
  {
    "Brand_Product_Size": "Syndian Aloo Tikka Masala 400g",
    "COL Price": 7.5,
    "COL ppu": "$1.88 per 100G",
    "COL Size": "400g"
  },
  {
    "Brand_Product_Size": "Coles Creamy Chicken With Croutons Soup Serves 2 60g",
    "COL Price": 1,
    "COL ppu": "$1.67 per 100G",
    "COL Size": "60g"
  },
  {
    "Brand_Product_Size": "Nutella B-Ready Biscuit Multipack 6x22g 132g",
    "COL Price": 5,
    "COL ppu": "$3.79 per 100G",
    "COL Size": "132g"
  },
  {
    "Brand_Product_Size": "Obento Rice Wine Vinegar 250mL",
    "COL Price": 2.3,
    "COL ppu": "$0.92 per 100mL",
    "COL Size": "250mL"
  },
  {
    "Brand_Product_Size": "Nestle Milo Dipped Snack Bars 10 Pack 270g",
    "COL Price": 7,
    "COL ppu": "$2.59 per 100G",
    "COL Size": "270g"
  },
  {
    "Brand_Product_Size": "Coles Bakery White Vienna each",
    "COL Price": 2.5,
    "COL ppu": "$2.50 per 1Ea",
    "COL Size": "each"
  },
  {
    "Brand_Product_Size": "Peters Drumstick Boysenberry Swirl Ice Cream Cones 4 pack 475mL",
    "COL Price": 5,
    "COL ppu": "$1.05 per 100mL",
    "COL Size": "475mL"
  },
  {
    "Brand_Product_Size": "McCain Superfries Shoestring 1.5kg",
    "COL Price": 5,
    "COL ppu": "$3.33 per 1Kg",
    "COL Size": "1.5kg"
  },
  {
    "Brand_Product_Size": "Cocobella Vanilla Coconut Yoghurt 150g",
    "COL Price": 1.25,
    "COL ppu": "$0.83 per 100G",
    "COL Size": "150g"
  },
  {
    "Brand_Product_Size": "Wild Tides Springwater Fished Tuna 95g",
    "COL Price": 1,
    "COL ppu": "$1.05 per 100G",
    "COL Size": "95g"
  },
  {
    "Brand_Product_Size": "Vanish Napisan Gold Oxi Action Pre-Treat Gel 1.75L",
    "COL Price": 10,
    "COL ppu": "$5.71 per 1L",
    "COL Size": "1.75L"
  },
  {
    "Brand_Product_Size": "Uncle Tobys Oats Quick Sachets Brown Sugar & Cinnamon 350g",
    "COL Price": 5,
    "COL ppu": "$1.43 per 100G",
    "COL Size": "350g"
  },
  {
    "Brand_Product_Size": "Cook & Dine Glass Storage Jars 250mL 2 pack",
    "COL Price": 10,
    "COL ppu": "$5.00 per 1Ea",
    "COL Size": "2 pack"
  },
  {
    "Brand_Product_Size": "Dandy Middle Bacon 250g",
    "COL Price": 3.5,
    "COL ppu": "$14.00 per 1Kg",
    "COL Size": "250g"
  },
  {
    "Brand_Product_Size": "Harpic Fresh Power6 Toilet Cleaner Summer Breeze 39g",
    "COL Price": 5,
    "COL ppu": "$12.82 per 100G",
    "COL Size": "39g"
  },
  {
    "Brand_Product_Size": "Coles White Serviettes 100 pack",
    "COL Price": 0.95,
    "COL ppu": "$0.95 per 100Ea",
    "COL Size": "100 pack"
  },
  {
    "Brand_Product_Size": "Temptations Tantalising Turkey Flavour Cat Treats 85g",
    "COL Price": 4.3,
    "COL ppu": "$5.06 per 100G",
    "COL Size": "85g"
  },
  {
    "Brand_Product_Size": "Coles Fresh Seafood Barramundi Fillet Skin Off approx. 215g",
    "COL Price": 7.525,
    "COL ppu": "$35.00 per 1Kg",
    "COL Size": "approx. 215g"
  },
  {
    "Brand_Product_Size": "Maybelline Lifter Lip Gloss Ice 5.4mL",
    "COL Price": 13.3,
    "COL ppu": "$24.63 per 10mL",
    "COL Size": "5.4mL"
  },
  {
    "Brand_Product_Size": "Nature's Way Extra Strength Super Krill Oil Capsules 60 pack",
    "COL Price": 36,
    "COL ppu": "$0.60 per 1Ea",
    "COL Size": "60 pack"
  },
  {
    "Brand_Product_Size": "Coles Spinach & Ricotta Cannelloni 1.2 kg",
    "COL Price": 10,
    "COL ppu": "$0.83 per 100G",
    "COL Size": "1.2 kg"
  },
  {
    "Brand_Product_Size": "Lean Cuisine Hot Smoked Salmon Pot Frittata 220g",
    "COL Price": 3.5,
    "COL ppu": "$1.59 per 100G",
    "COL Size": "220g"
  },
  {
    "Brand_Product_Size": "Cocobella Toppers Strawberry Blueberry Coconut Yoghurt 150g",
    "COL Price": 3.5,
    "COL ppu": "$2.33 per 100G",
    "COL Size": "150g"
  },
  {
    "Brand_Product_Size": "Parker's Original Pretzels 6 pack 150g",
    "COL Price": 3.1,
    "COL ppu": "$2.07 per 100G",
    "COL Size": "150g"
  },
  {
    "Brand_Product_Size": "Coles Fresh Seafood Flathead Fillet approx. 120g",
    "COL Price": 7.2,
    "COL ppu": "$60.00 per 1Kg",
    "COL Size": "approx. 120g"
  },
  {
    "Brand_Product_Size": "Griffin's Ginger Nuts Biscuits 250g",
    "COL Price": 2.85,
    "COL ppu": "$1.14 per 100G",
    "COL Size": "250g"
  },
  {
    "Brand_Product_Size": "Siena Anchovy Fillets 560g",
    "COL Price": 17.5,
    "COL ppu": "$31.25 per 1Kg",
    "COL Size": "560g"
  },
  {
    "Brand_Product_Size": "Bonvit Psyllium Husks 500g",
    "COL Price": 13.4,
    "COL ppu": "$2.68 per 100G",
    "COL Size": "500g"
  },
  {
    "Brand_Product_Size": "Coles Asia Singapore Noodles 400g",
    "COL Price": 1.85,
    "COL ppu": "$0.46 per 100G",
    "COL Size": "400g"
  },
  {
    "Brand_Product_Size": "Freedom Foods Gluten Free Muesli 500g",
    "COL Price": 6.5,
    "COL ppu": "$1.30 per 100G",
    "COL Size": "500g"
  },
  {
    "Brand_Product_Size": "Coles Flocked Hangers Black 10 pack",
    "COL Price": 6.3,
    "COL ppu": "$0.63 per 1Ea",
    "COL Size": "10 pack"
  },
  {
    "Brand_Product_Size": "Coles Cinnamon Donuts 6 pack",
    "COL Price": 2,
    "COL ppu": "$0.33 per 1Ea",
    "COL Size": "6 pack"
  },
  {
    "Brand_Product_Size": "Steggles Frozen Chicken Breast Goujons 1kg",
    "COL Price": 11,
    "COL ppu": "$11.00 per 1Kg",
    "COL Size": "1kg"
  },
  {
    "Brand_Product_Size": "Coles Natural Californian Walnut 400g",
    "COL Price": 8,
    "COL ppu": "$20.00 per 1Kg",
    "COL Size": "400g"
  },
  {
    "Brand_Product_Size": "Coles Finest Butter Croissant 2 pack",
    "COL Price": 4,
    "COL ppu": "$2.00 per 1Ea",
    "COL Size": "2 pack"
  },
  {
    "Brand_Product_Size": "Palmolive Ultra Dry Skin Dishwashing Liquid 750mL",
    "COL Price": 5.5,
    "COL ppu": "$0.73 per 100mL",
    "COL Size": "750mL"
  },
  {
    "Brand_Product_Size": "Fibre One Triple Choc Cake Bars 4 Pieces 100g",
    "COL Price": 5.5,
    "COL ppu": "$5.50 per 100G",
    "COL Size": "100g"
  },
  {
    "Brand_Product_Size": "Coles Green Kiwifruit each",
    "COL Price": 0.8,
    "COL ppu": "$0.80 per 1Ea",
    "COL Size": "each"
  },
  {
    "Brand_Product_Size": "Rimmel Wonder'Full Waterproof Mascara 001 Black 11mL",
    "COL Price": 11.4,
    "COL ppu": "$10.36 per 10mL",
    "COL Size": "11mL"
  },
  {
    "Brand_Product_Size": "Neutrogena Deep Clean Facial Cleanser 200mL",
    "COL Price": 15.3,
    "COL ppu": "$7.65 per 100mL",
    "COL Size": "200mL"
  },
  {
    "Brand_Product_Size": "Multix Extra Large Extra Wide Garbage Bags 90cm x 80cm 76L 10 pack",
    "COL Price": 4.4,
    "COL ppu": "$0.44 per 1Ea",
    "COL Size": "10 pack"
  },
  {
    "Brand_Product_Size": "Lewis & Son Green Olives 400g",
    "COL Price": 9.75,
    "COL ppu": "$2.44 per 100G",
    "COL Size": "400g"
  },
  {
    "Brand_Product_Size": "Coles Southern Style Chicken Pops 400g",
    "COL Price": 6,
    "COL ppu": "$15.00 per 1Kg",
    "COL Size": "400g"
  },
  {
    "Brand_Product_Size": "Madura Premium Blend Tea Bags 100 pack 200g",
    "COL Price": 8.4,
    "COL ppu": "$4.20 per 100G",
    "COL Size": "200g"
  },
  {
    "Brand_Product_Size": "Sellotape Sticky tape 18mmx25m each",
    "COL Price": 3,
    "COL ppu": "$3.00 per 1Ea",
    "COL Size": "each"
  },
  {
    "Brand_Product_Size": "Coles Bake & Create White Chocolate Block 200g",
    "COL Price": 2.5,
    "COL ppu": "$1.25 per 100G",
    "COL Size": "200g"
  },
  {
    "Brand_Product_Size": "King Oscar Brisling Sardines in Extra Virgin Olive Oil 45g",
    "COL Price": 2.25,
    "COL ppu": "$50.01 per 1Kg",
    "COL Size": "45g"
  },
  {
    "Brand_Product_Size": "Freedom Foods Corn Flakes 260g",
    "COL Price": 4,
    "COL ppu": "$1.54 per 100G",
    "COL Size": "260g"
  },
  {
    "Brand_Product_Size": "Pedigree Homestyle Beef Pasta & Vegies Adult Wet Dog Food Can 700g",
    "COL Price": 2.5,
    "COL ppu": "$0.36 per 100G",
    "COL Size": "700g"
  },
  {
    "Brand_Product_Size": "Mayvers Dark Roast Extra Crunchy Peanut Butter 375g",
    "COL Price": 5,
    "COL ppu": "$1.33 per 100G",
    "COL Size": "375g"
  },
  {
    "Brand_Product_Size": "Schick Xtreme 3 Ultimate Disposable Razor 4 pack",
    "COL Price": 3,
    "COL ppu": "$0.75 per 1Ea",
    "COL Size": "4 pack"
  },
  {
    "Brand_Product_Size": "Poise Extra Pads 12 pack",
    "COL Price": 6,
    "COL ppu": "$0.50 per 1Ea",
    "COL Size": "12 pack"
  },
  {
    "Brand_Product_Size": "Carmans Protein Bars 40g",
    "COL Price": 3.2,
    "COL ppu": "$8.00 per 100G",
    "COL Size": "40g"
  },
  {
    "Brand_Product_Size": "Lurpak Danish Butter With Crushed Garlic 125g",
    "COL Price": 3.5,
    "COL ppu": "$2.80 per 100G",
    "COL Size": "125g"
  },
  {
    "Brand_Product_Size": "Paper Mate Kilometrico Pens Black 10 pack",
    "COL Price": 4.5,
    "COL ppu": "$0.45 per 1Ea",
    "COL Size": "10 pack"
  },
  {
    "Brand_Product_Size": "Maggi Dry Recipe Base Lamb Casserole 31g",
    "COL Price": 1.75,
    "COL ppu": "$5.65 per 100G",
    "COL Size": "31g"
  },
  {
    "Brand_Product_Size": "Sunbeam Sultanas 375g",
    "COL Price": 4,
    "COL ppu": "$10.67 per 1Kg",
    "COL Size": "375g"
  },
  {
    "Brand_Product_Size": "British Sausage Co Black Pudding 200g",
    "COL Price": 7,
    "COL ppu": "$35.00 per 1Kg",
    "COL Size": "200g"
  },
  {
    "Brand_Product_Size": "Musashi Triple Espresso Flavour Protein Shake 375mL",
    "COL Price": 4.05,
    "COL ppu": "$1.08 per 100mL",
    "COL Size": "375mL"
  },
  {
    "Brand_Product_Size": "Lee Kum Kee Premium Dark Soy Sauce 250mL",
    "COL Price": 3.5,
    "COL ppu": "$1.40 per 100mL",
    "COL Size": "250mL"
  },
  {
    "Brand_Product_Size": "Palmolive Ultra Concentrate Divine Blends Dishwashing Liquid 700mL",
    "COL Price": 5.5,
    "COL ppu": "$0.79 per 100mL",
    "COL Size": "700mL"
  },
  {
    "Brand_Product_Size": "Glad Ambi Pur Handle Tie Tidy Bags Small 20 pack",
    "COL Price": 2.95,
    "COL ppu": "$0.15 per 1Ea",
    "COL Size": "20 pack"
  },
  {
    "Brand_Product_Size": "Natural Delights Medjool Dates Prepacked 454g",
    "COL Price": 10,
    "COL ppu": "$22.03 per 1Kg",
    "COL Size": "454g"
  },
  {
    "Brand_Product_Size": "Nivea Men Black And White Invisible Roll On Antiperspirant Deodorant 50mL",
    "COL Price": 3.5,
    "COL ppu": "$7.00 per 100mL",
    "COL Size": "50mL"
  },
  {
    "Brand_Product_Size": "Coles Kitchen Mixed Asian Vegetables 300g",
    "COL Price": 4,
    "COL ppu": "$13.33 per 1Kg",
    "COL Size": "300g"
  },
  {
    "Brand_Product_Size": "Melitta Blue Mountain Style Medium Roast Ground Coffee 250g",
    "COL Price": 5.3,
    "COL ppu": "$2.12 per 100G",
    "COL Size": "250g"
  },
  {
    "Brand_Product_Size": "Pine O Cleen Laundry Sanitiser Odour Active 1.5L",
    "COL Price": 12,
    "COL ppu": "$8.00 per 1L",
    "COL Size": "1.5L"
  },
  {
    "Brand_Product_Size": "Rio Ice Cream Assorted 1.8L",
    "COL Price": 11.25,
    "COL ppu": "$0.63 per 100mL",
    "COL Size": "1.8L"
  },
  {
    "Brand_Product_Size": "Coles Kitchen Chicken & Leek Pie 400g",
    "COL Price": 7.5,
    "COL ppu": "$1.88 per 100G",
    "COL Size": "400g"
  },
  {
    "Brand_Product_Size": "Coles Kitchen Family Vegetable Medley 750g",
    "COL Price": 6.5,
    "COL ppu": "$0.87 per 100G",
    "COL Size": "750g"
  },
  {
    "Brand_Product_Size": "Rafferty's Garden Chicken Peas & Wholemeal Pasta 6+ Months 120g",
    "COL Price": 1.9,
    "COL ppu": "$1.58 per 100G",
    "COL Size": "120g"
  },
  {
    "Brand_Product_Size": "Headgear Matte Shaper Styler 100g",
    "COL Price": 9,
    "COL ppu": "$9.00 per 100G",
    "COL Size": "100g"
  },
  {
    "Brand_Product_Size": "Colgate Sensitive Whitening Toothpaste 110g",
    "COL Price": 8,
    "COL ppu": "$7.27 per 100G",
    "COL Size": "110g"
  },
  {
    "Brand_Product_Size": "Total Care Dog Collar Reflective Medium 1 pack",
    "COL Price": 18,
    "COL ppu": "$18.00 per 1Ea",
    "COL Size": "1 pack"
  },
  {
    "Brand_Product_Size": "Sunrice Thin Sour Cream & Chives Gluten Free Rice Cakes 195g",
    "COL Price": 2.7,
    "COL ppu": "$1.38 per 100G",
    "COL Size": "195g"
  },
  {
    "Brand_Product_Size": "Kinder Chocolate 6 Snack Bar Pack 126g",
    "COL Price": 4,
    "COL ppu": "$3.17 per 100G",
    "COL Size": "126g"
  },
  {
    "Brand_Product_Size": "Coles Soft White Toast bread Loaf 700g",
    "COL Price": 1.75,
    "COL ppu": "$0.25 per 100G",
    "COL Size": "700g"
  },
  {
    "Brand_Product_Size": "Purr Snapper Tuna Gravy Cat Food Pouch 85g",
    "COL Price": 1,
    "COL ppu": "$1.18 per 100G",
    "COL Size": "85g"
  },
  {
    "Brand_Product_Size": "The Dutch Company Whole Grain Rye Bread 500g",
    "COL Price": 3.5,
    "COL ppu": "$0.70 per 100G",
    "COL Size": "500g"
  },
  {
    "Brand_Product_Size": "Arnott's Chocolate Coated Scotch Finger Biscuits 250g",
    "COL Price": 4,
    "COL ppu": "$1.60 per 100G",
    "COL Size": "250g"
  },
  {
    "Brand_Product_Size": "Coles Fresh Seafood Cooked Crystal Bay Banana Prawns approx. 250g",
    "COL Price": 7.5,
    "COL ppu": "$30.00 per 1Kg",
    "COL Size": "approx. 250g"
  },
  {
    "Brand_Product_Size": "Lo Bros Organic Kombucha Living Cola 330mL",
    "COL Price": 4,
    "COL ppu": "$12.12 per 1L",
    "COL Size": "330mL"
  },
  {
    "Brand_Product_Size": "Coles Cooked Prawns With Cocktail Sauce 260g",
    "COL Price": 11,
    "COL ppu": "$42.31 per 1Kg",
    "COL Size": "260g"
  },
  {
    "Brand_Product_Size": "Coles Paper Clips In Pouch Assorted Colours 200 pack",
    "COL Price": 4.5,
    "COL ppu": "$0.02 per 1Ea",
    "COL Size": "200 pack"
  },
  {
    "Brand_Product_Size": "Cook & Dine White Plastic Bowls 20 pack",
    "COL Price": 3,
    "COL ppu": "$0.15 per 1Ea",
    "COL Size": "20 pack"
  },
  {
    "Brand_Product_Size": "Coca-Cola No Sugar Soft Drink Sprite 1.25L",
    "COL Price": 2.6,
    "COL ppu": "$2.08 per 1L",
    "COL Size": "1.25L"
  },
  {
    "Brand_Product_Size": "V Energy Drink Blue 4 x 275ml Cans 4 pack",
    "COL Price": 9.95,
    "COL ppu": "$9.05 per 1L",
    "COL Size": "4 pack"
  },
  {
    "Brand_Product_Size": "Pringles Original Salted Stacked Potato Chips 134g",
    "COL Price": 2,
    "COL ppu": "$1.49 per 100G",
    "COL Size": "134g"
  },
  {
    "Brand_Product_Size": "Air Wick Pure Spring Delight Freshmatic Refill 157g",
    "COL Price": 8,
    "COL ppu": "$5.10 per 100G",
    "COL Size": "157g"
  },
  {
    "Brand_Product_Size": "Coles Soft Headbands 3 pack",
    "COL Price": 6.8,
    "COL ppu": "$2.27 per 1Ea",
    "COL Size": "3 pack"
  },
  {
    "Brand_Product_Size": "Coles Natures Kitchen Cookies Creme Cookie Dough 480g",
    "COL Price": 7.5,
    "COL ppu": "$1.56 per 100G",
    "COL Size": "480g"
  },
  {
    "Brand_Product_Size": "Coles Kitchen Spaghetti Bolognese 350g",
    "COL Price": 7.5,
    "COL ppu": "$2.14 per 100G",
    "COL Size": "350g"
  },
  {
    "Brand_Product_Size": "Twinings Cranberry &  Pomegranate Flavoured Tea Bags 10 pack 20g",
    "COL Price": 2.9,
    "COL ppu": "$0.29 per 1Ea",
    "COL Size": "20g"
  },
  {
    "Brand_Product_Size": "Fable Plant Based Mealshungarian Goulash 350g",
    "COL Price": 9.95,
    "COL ppu": "$2.84 per 100G",
    "COL Size": "350g"
  },
  {
    "Brand_Product_Size": "Coles Bolognese Mum's Sause 500g",
    "COL Price": 3,
    "COL ppu": "$0.60 per 100G",
    "COL Size": "500g"
  },
  {
    "Brand_Product_Size": "Coles Maple Flavoured Syrup 375g",
    "COL Price": 2.5,
    "COL ppu": "$0.67 per 100G",
    "COL Size": "375g"
  },
  {
    "Brand_Product_Size": "Coles Chinese Chicken & Corn Soup Pouch 430g",
    "COL Price": 2.7,
    "COL ppu": "$0.63 per 100G",
    "COL Size": "430g"
  },
  {
    "Brand_Product_Size": "Oob Organic Frozen Blueberries 300g",
    "COL Price": 5,
    "COL ppu": "$1.67 per 100G",
    "COL Size": "300g"
  },
  {
    "Brand_Product_Size": "Forelli Salt & Vinegar Rice Crackers 100g",
    "COL Price": 2.65,
    "COL ppu": "$2.65 per 100G",
    "COL Size": "100g"
  },
  {
    "Brand_Product_Size": "Pauls Zymil Cafe Latte Milk 400mL",
    "COL Price": 3,
    "COL ppu": "$7.50 per 1L",
    "COL Size": "400mL"
  },
  {
    "Brand_Product_Size": "Sensodyne Repair & Protect + Whitening Toothpaste Twin Pack 2 pack",
    "COL Price": 20,
    "COL ppu": "$10.00 per 1Ea",
    "COL Size": "2 pack"
  },
  {
    "Brand_Product_Size": "Coles Beef 3 Star Regular Mince 1kg",
    "COL Price": 12,
    "COL ppu": "$12.00 per 1Kg",
    "COL Size": "1kg"
  },
  {
    "Brand_Product_Size": "Coles Organic Baby Broccoli each",
    "COL Price": 5,
    "COL ppu": "$5.00 per 1Ea",
    "COL Size": "each"
  },
  {
    "Brand_Product_Size": "Weight Watchers Snap Frozen Mushroom & Pumpkin Risotto 320g",
    "COL Price": 4,
    "COL ppu": "$1.25 per 100G",
    "COL Size": "320g"
  },
  {
    "Brand_Product_Size": "Coles Finest Mushroom Risotto 400g",
    "COL Price": 8.5,
    "COL ppu": "$2.13 per 100G",
    "COL Size": "400g"
  },
  {
    "Brand_Product_Size": "Oreo Frozen Cookie Sandwich With Oreo Biscuit Pieces 4 pack 440mL",
    "COL Price": 8.5,
    "COL ppu": "$1.93 per 100mL",
    "COL Size": "440mL"
  },
  {
    "Brand_Product_Size": "Hoyts Star Anise 12g",
    "COL Price": 2.25,
    "COL ppu": "$1.88 per 10G",
    "COL Size": "12g"
  },
  {
    "Brand_Product_Size": "Dolmio Oven Bake Sauce Lemon & Garlic 175g",
    "COL Price": 2.9,
    "COL ppu": "$1.66 per 100G",
    "COL Size": "175g"
  },
  {
    "Brand_Product_Size": "Coles Mozzarella Dippers With Sauce 10 Pack 330g",
    "COL Price": 5,
    "COL ppu": "$1.52 per 100G",
    "COL Size": "330g"
  },
  {
    "Brand_Product_Size": "Ogx Coconut Milk Shampoo 384mL",
    "COL Price": 20,
    "COL ppu": "$5.19 per 100mL",
    "COL Size": "384mL"
  },
  {
    "Brand_Product_Size": "Barilla Risoni Pasta No 26 500g",
    "COL Price": 2,
    "COL ppu": "$0.40 per 100G",
    "COL Size": "500g"
  },
  {
    "Brand_Product_Size": "Coles Halloween Cats Bats & Ghosts Icing Decors 24 pack",
    "COL Price": 6,
    "COL ppu": "$0.25 per 1Ea",
    "COL Size": "24 pack"
  },
  {
    "Brand_Product_Size": "Coles Finest Angus Beef Cottage Pie 700g",
    "COL Price": 14,
    "COL ppu": "$2.00 per 100G",
    "COL Size": "700g"
  },
  {
    "Brand_Product_Size": "Nerf Dog TPR Spike Ball 1 pack",
    "COL Price": 12,
    "COL ppu": "$12.00 per 1Ea",
    "COL Size": "1 pack"
  },
  {
    "Brand_Product_Size": "Clairol Light Brown Root Touch Up Spray 100mL",
    "COL Price": 10.5,
    "COL ppu": "$10.50 per 100mL",
    "COL Size": "100mL"
  },
  {
    "Brand_Product_Size": "Coca-Cola Classic Coke 2L",
    "COL Price": 2.85,
    "COL ppu": "$1.43 per 1L",
    "COL Size": "2L"
  },
  {
    "Brand_Product_Size": "Coles Platter Mediterranean each",
    "COL Price": 35,
    "COL ppu": "$35.00 per 1Ea",
    "COL Size": "each"
  },
  {
    "Brand_Product_Size": "I&J The Finest Frozen Tuna Portions 500g",
    "COL Price": 10,
    "COL ppu": "$20.00 per 1Kg",
    "COL Size": "500g"
  },
  {
    "Brand_Product_Size": "Yoplait Forme French No Fat Vanilla Yoghurt 1kg",
    "COL Price": 4,
    "COL ppu": "$4.00 per 1Kg",
    "COL Size": "1kg"
  },
  {
    "Brand_Product_Size": "Belvita Milk and Cereals Breakfast Biscuits 6 Pack 300g",
    "COL Price": 4,
    "COL ppu": "$1.33 per 100G",
    "COL Size": "300g"
  },
  {
    "Brand_Product_Size": "Coles Large Chilli Bacon Penne Salad each",
    "COL Price": 7,
    "COL ppu": "$7.00 per 1Ea",
    "COL Size": "each"
  },
  {
    "Brand_Product_Size": "Mars Pods Chocolate 160g",
    "COL Price": 3,
    "COL ppu": "$1.88 per 100G",
    "COL Size": "160g"
  },
  {
    "Brand_Product_Size": "Odor Eaters Foot & Shoe Spray Sport 150mL",
    "COL Price": 7.5,
    "COL ppu": "",
    "COL Size": "150mL"
  },
  {
    "Brand_Product_Size": "Nescafe Coffee Sachets Vanilla 26 pack",
    "COL Price": 11,
    "COL ppu": "$0.42 per 1Ea",
    "COL Size": "26 pack"
  },
  {
    "Brand_Product_Size": "Coles Australian Peanuts Unsalted 375g",
    "COL Price": 3,
    "COL ppu": "$8.00 per 1Kg",
    "COL Size": "375g"
  },
  {
    "Brand_Product_Size": "Heinz Salad Cream 250g",
    "COL Price": 3,
    "COL ppu": "$1.20 per 100G",
    "COL Size": "250g"
  },
  {
    "Brand_Product_Size": "Mainland Vintage Cheese Block 200g",
    "COL Price": 5.5,
    "COL ppu": "$27.50 per 1Kg",
    "COL Size": "200g"
  },
  {
    "Brand_Product_Size": "Ogx Shampoo Coconut Milk 750mL",
    "COL Price": 19.2,
    "COL ppu": "$2.56 per 100mL",
    "COL Size": "750mL"
  },
  {
    "Brand_Product_Size": "Arnott's Wagon Wheels Single 48g",
    "COL Price": 1.5,
    "COL ppu": "$3.13 per 100G",
    "COL Size": "48g"
  },
  {
    "Brand_Product_Size": "Coles Bakery Sultana Scones 6 pack",
    "COL Price": 4.5,
    "COL ppu": "$0.75 per 1Ea",
    "COL Size": "6 pack"
  },
  {
    "Brand_Product_Size": "Coles Bakery Wholemeal Block Loaf 680g",
    "COL Price": 2,
    "COL ppu": "$0.29 per 100G",
    "COL Size": "680g"
  },
  {
    "Brand_Product_Size": "Coles Dental Flossers 30 pack",
    "COL Price": 1.5,
    "COL ppu": "$0.05 per 1Ea",
    "COL Size": "30 pack"
  },
  {
    "Brand_Product_Size": "Starbucks By Nespresso House Blend Lungo Capsules 10 pack",
    "COL Price": 6.9,
    "COL ppu": "$0.69 per 1Ea",
    "COL Size": "10 pack"
  },
  {
    "Brand_Product_Size": "Toblerone Gift Box 240g",
    "COL Price": 14,
    "COL ppu": "$5.83 per 100G",
    "COL Size": "240g"
  },
  {
    "Brand_Product_Size": "Nature's Way Restore 30 Billion Daily Probiotic Capsules 30 pack",
    "COL Price": 28,
    "COL ppu": "$0.93 per 1Ea",
    "COL Size": "30 pack"
  },
  {
    "Brand_Product_Size": "Perkii Strawberry Watermelon Probiotic Drink 350mL",
    "COL Price": 3.2,
    "COL ppu": "$9.14 per 1L",
    "COL Size": "350mL"
  },
  {
    "Brand_Product_Size": "Sara Lee Frozen Custard Danish 400g",
    "COL Price": 5,
    "COL ppu": "$1.25 per 100G",
    "COL Size": "400g"
  },
  {
    "Brand_Product_Size": "Rimmel Scandaleyes Black Mascara 12mL",
    "COL Price": 10.8,
    "COL ppu": "$9.00 per 10mL",
    "COL Size": "12mL"
  },
  {
    "Brand_Product_Size": "Clive of India Hot Madras Curry Powder 50g",
    "COL Price": 2.4,
    "COL ppu": "$0.48 per 10G",
    "COL Size": "50g"
  },
  {
    "Brand_Product_Size": "Meredith Dairy Goats Cheese 100g",
    "COL Price": 5,
    "COL ppu": "$50.00 per 1Kg",
    "COL Size": "100g"
  },
  {
    "Brand_Product_Size": "Beechworth Bee Raw Honey & Honeycomb 350g",
    "COL Price": 12,
    "COL ppu": "$3.43 per 100G",
    "COL Size": "350g"
  },
  {
    "Brand_Product_Size": "Coles Mini Capsicums 350g",
    "COL Price": 5.9,
    "COL ppu": "$16.86 per 1Kg",
    "COL Size": "350g"
  },
  {
    "Brand_Product_Size": "Earth Choice Ultra Concentrate Bio Plus+ Laundry Liquid With Stain Remover 2L",
    "COL Price": 11.2,
    "COL ppu": "$5.60 per 1L",
    "COL Size": "2L"
  },
  {
    "Brand_Product_Size": "Coles Lamb Backstrap approx. 248g",
    "COL Price": 10.912,
    "COL ppu": "$44.00 per 1Kg",
    "COL Size": "approx. 248g"
  },
  {
    "Brand_Product_Size": "Covergirl Lash Blast Fusion Very Black Mascara 13.1mL",
    "COL Price": 19,
    "COL ppu": "$14.50 per 10mL",
    "COL Size": "13.1mL"
  },
  {
    "Brand_Product_Size": "Coles Bake At Home White Dinner Rolls 3 pack 135g",
    "COL Price": 3,
    "COL ppu": "$2.22 per 100G",
    "COL Size": "135g"
  },
  {
    "Brand_Product_Size": "Sof Comfort Gel Heel Cup 1 pair",
    "COL Price": 6,
    "COL ppu": "",
    "COL Size": "1 pair"
  },
  {
    "Brand_Product_Size": "Coles Middle Rindless Bacon 200g",
    "COL Price": 5,
    "COL ppu": "$25.00 per 1Kg",
    "COL Size": "200g"
  },
  {
    "Brand_Product_Size": "Colgate Plax Fresh Mint Mouthwash 250mL",
    "COL Price": 2.8,
    "COL ppu": "$1.12 per 100mL",
    "COL Size": "250mL"
  },
  {
    "Brand_Product_Size": "Uncle Tobys Chewy Apricot Wholegrain Oats Bars 6 Pack 185g",
    "COL Price": 2.15,
    "COL ppu": "$1.16 per 100G",
    "COL Size": "185g"
  },
  {
    "Brand_Product_Size": "Parker's Baked Twists Pretzels 200g",
    "COL Price": 3.55,
    "COL ppu": "$1.78 per 100G",
    "COL Size": "200g"
  },
  {
    "Brand_Product_Size": "Tresemme Hairspray Salon Finish Freeze Hold 360g",
    "COL Price": 5.7,
    "COL ppu": "$1.58 per 100G",
    "COL Size": "360g"
  },
  {
    "Brand_Product_Size": "Arnott's Tiny Teddy Variety Biscuits 15 pack 375g",
    "COL Price": 5,
    "COL ppu": "$1.33 per 100G",
    "COL Size": "375g"
  },
  {
    "Brand_Product_Size": "Olay Total Effects 7 In One Normal Day Face Cream SPF 15 50g",
    "COL Price": 33.5,
    "COL ppu": "$67.00 per 100G",
    "COL Size": "50g"
  },
  {
    "Brand_Product_Size": "Coles Italian Tomato Paste 140g",
    "COL Price": 0.9,
    "COL ppu": "$0.64 per 100G",
    "COL Size": "140g"
  },
  {
    "Brand_Product_Size": "Coles Thin BBQ Beef Sausages 1.8kg",
    "COL Price": 11,
    "COL ppu": "$6.11 per 1Kg",
    "COL Size": "1.8kg"
  },
  {
    "Brand_Product_Size": "Mcvitie's Jaffa Cakes Biscuits Choc 110g",
    "COL Price": 3,
    "COL ppu": "$2.73 per 100G",
    "COL Size": "110g"
  },
  {
    "Brand_Product_Size": "Sunsilk Longer & Stronger Shampoo 700mL",
    "COL Price": 10,
    "COL ppu": "$1.43 per 100mL",
    "COL Size": "700mL"
  },
  {
    "Brand_Product_Size": "Meiji Yan Yan Chocolate Dip Stick Biscuits 50g",
    "COL Price": 1.8,
    "COL ppu": "$3.60 per 100G",
    "COL Size": "50g"
  },
  {
    "Brand_Product_Size": "Dine Desire Tuna Fillets & Prawn In Sauce Grain Free Wet Cat Food 85g 6 pack",
    "COL Price": 8,
    "COL ppu": "$1.57 per 100G",
    "COL Size": "6 pack"
  },
  {
    "Brand_Product_Size": "Gatorade Sport Drink Glacefreeze No Sugar 600mL",
    "COL Price": 2.15,
    "COL ppu": "$3.58 per 1L",
    "COL Size": "600mL"
  },
  {
    "Brand_Product_Size": "Dare Cold Brew Strong Latte Coffee 300mL",
    "COL Price": 3.1,
    "COL ppu": "$10.33 per 1L",
    "COL Size": "300mL"
  },
  {
    "Brand_Product_Size": "Arnott's Tim Tam Murray River Salted Caramel Crafted Biscuits 175g",
    "COL Price": 4,
    "COL ppu": "$2.29 per 100G",
    "COL Size": "175g"
  },
  {
    "Brand_Product_Size": "Dose & Co. Collagen Protein Powder Creamy Vanilla 420g",
    "COL Price": 32,
    "COL ppu": "$7.62 per 100G",
    "COL Size": "420g"
  },
  {
    "Brand_Product_Size": "Cadbury Dairy Milk Caramello Ice Cream 1.2L",
    "COL Price": 9,
    "COL ppu": "$0.75 per 100mL",
    "COL Size": "1.2L"
  },
  {
    "Brand_Product_Size": "Red Rock Deli Style Crackers Sweet Chilli Sour Cream 135g",
    "COL Price": 4,
    "COL ppu": "$2.96 per 100G",
    "COL Size": "135g"
  },
  {
    "Brand_Product_Size": "Farmer's Table Salted Butter 250g",
    "COL Price": 3.25,
    "COL ppu": "$1.30 per 100G",
    "COL Size": "250g"
  },
  {
    "Brand_Product_Size": "Pot Noodle Chicken & Mushroom Flavour Noodles 94g",
    "COL Price": 3.35,
    "COL ppu": "$3.56 per 100G",
    "COL Size": "94g"
  },
  {
    "Brand_Product_Size": "MasterFoods Garlic Granules 155g",
    "COL Price": 6,
    "COL ppu": "$0.39 per 10G",
    "COL Size": "155g"
  },
  {
    "Brand_Product_Size": "Coles Bake & Create Fantasy Candles 6 pack",
    "COL Price": 4,
    "COL ppu": "$0.67 per 1Ea",
    "COL Size": "6 pack"
  },
  {
    "Brand_Product_Size": "Farm Pride Frozen Egg Whites 950mL",
    "COL Price": 10,
    "COL ppu": "$1.05 per 100mL",
    "COL Size": "950mL"
  },
  {
    "Brand_Product_Size": "Woofin Good Chunks In Gravy Lamb Rice & Veg Dog Food 400g",
    "COL Price": 1.65,
    "COL ppu": "$0.41 per 100G",
    "COL Size": "400g"
  },
  {
    "Brand_Product_Size": "Rascal & Friends Nappy Pants Bulk Junior 24 pack",
    "COL Price": 15,
    "COL ppu": "$0.63 per 1Ea",
    "COL Size": "24 pack"
  },
  {
    "Brand_Product_Size": "Cancer Council Ultra Sunscreen SPF 50+ 220mL",
    "COL Price": 15.75,
    "COL ppu": "$7.16 per 100mL",
    "COL Size": "220mL"
  },
  {
    "Brand_Product_Size": "Sanitarium Up&Go Choc Ice No Added Sugar 250mL 12 pack",
    "COL Price": 14,
    "COL ppu": "$4.67 per 1L",
    "COL Size": "12 pack"
  },
  {
    "Brand_Product_Size": "Coles Black And White Chia Mix 200g",
    "COL Price": 5,
    "COL ppu": "$2.50 per 100G",
    "COL Size": "200g"
  },
  {
    "Brand_Product_Size": "Carmans Bar Protein 40g",
    "COL Price": 3.2,
    "COL ppu": "$8.00 per 100G",
    "COL Size": "40g"
  },
  {
    "Brand_Product_Size": "Ribena Blackcurrant Fruit Drink 2.4L",
    "COL Price": 4.15,
    "COL ppu": "$1.73 per 1L",
    "COL Size": "2.4L"
  },
  {
    "Brand_Product_Size": "Coles Sausages Thin BBQ Beef 560g",
    "COL Price": 5.5,
    "COL ppu": "$9.82 per 1Kg",
    "COL Size": "560g"
  },
  {
    "Brand_Product_Size": "Royal Fields Baby Peppers Biberiye Pickles 340g",
    "COL Price": 3.9,
    "COL ppu": "$1.15 per 100G",
    "COL Size": "340g"
  },
  {
    "Brand_Product_Size": "Coles High Fibre Wholemeal Sandwich Bread 700g",
    "COL Price": 2.3,
    "COL ppu": "$0.33 per 100G",
    "COL Size": "700g"
  },
  {
    "Brand_Product_Size": "Lucky Walnuts Cashews & Almonds Nut Mix 30g 6 pack",
    "COL Price": 5,
    "COL ppu": "$27.78 per 1Kg",
    "COL Size": "6 pack"
  },
  {
    "Brand_Product_Size": "Rafferty's Garden Vanilla Custard 6+ Months 120g",
    "COL Price": 1.5,
    "COL ppu": "$1.25 per 100G",
    "COL Size": "120g"
  },
  {
    "Brand_Product_Size": "Colgate Plax Fresh Mint Mouthwash 500mL",
    "COL Price": 6,
    "COL ppu": "$1.20 per 100mL",
    "COL Size": "500mL"
  },
  {
    "Brand_Product_Size": "Little Bellies Softcorn Banana 8g",
    "COL Price": 1.7,
    "COL ppu": "$21.25 per 100G",
    "COL Size": "8g"
  },
  {
    "Brand_Product_Size": "Deeko Plastic Dinner Plates 20 pack",
    "COL Price": 5,
    "COL ppu": "$0.25 per 1Ea",
    "COL Size": "20 pack"
  },
  {
    "Brand_Product_Size": "TIGI Bed Head  Urban Anitidotes L2 Recovery Conditioner 200mL",
    "COL Price": 20,
    "COL ppu": "$10.00 per 100mL",
    "COL Size": "200mL"
  },
  {
    "Brand_Product_Size": "Coles Coriander Leaves 6g",
    "COL Price": 3,
    "COL ppu": "$5.00 per 10G",
    "COL Size": "6g"
  },
  {
    "Brand_Product_Size": "Coles Passionfruit each",
    "COL Price": 1.2,
    "COL ppu": "$1.20 per 1Ea",
    "COL Size": "each"
  },
  {
    "Brand_Product_Size": "Schweppes Soda Water 1.1L",
    "COL Price": 2.15,
    "COL ppu": "$1.95 per 1L",
    "COL Size": "1.1L"
  },
  {
    "Brand_Product_Size": "Twinings Lemon & Ginger Infusions Tea Bags 80 pack 120g",
    "COL Price": 5.6,
    "COL ppu": "$0.07 per 1Ea",
    "COL Size": "120g"
  },
  {
    "Brand_Product_Size": "Bonsoy Almond Milk 1L",
    "COL Price": 4.8,
    "COL ppu": "$4.80 per 1L",
    "COL Size": "1L"
  },
  {
    "Brand_Product_Size": "Cottee's Apple & Raspberry No Added Sugar Cordial 1L",
    "COL Price": 4.2,
    "COL ppu": "$4.20 per 1L",
    "COL Size": "1L"
  },
  {
    "Brand_Product_Size": "Just Rooibos African Tea Bags 40 pack 100g",
    "COL Price": 6,
    "COL ppu": "$6.00 per 100G",
    "COL Size": "100g"
  },
  {
    "Brand_Product_Size": "Hask Biotin Boost Thickening Conditioner 355mL",
    "COL Price": 15,
    "COL ppu": "$4.23 per 100mL",
    "COL Size": "355mL"
  },
  {
    "Brand_Product_Size": "Coles Organic Garlic Prepacked 150g",
    "COL Price": 11,
    "COL ppu": "$7.33 per 100G",
    "COL Size": "150g"
  },
  {
    "Brand_Product_Size": "The Juice Brothers Orange Juice Chilled 1.5L",
    "COL Price": 7,
    "COL ppu": "$4.67 per 1L",
    "COL Size": "1.5L"
  },
  {
    "Brand_Product_Size": "Ecostore Bar Soap Coconut 80g",
    "COL Price": 2,
    "COL ppu": "$2.50 per 100G",
    "COL Size": "80g"
  },
  {
    "Brand_Product_Size": "Whiskas So Meaty 1+ Years Wet Cat Food Poultry Dishes 85g Pouch 12 pack",
    "COL Price": 7.35,
    "COL ppu": "$0.72 per 100G",
    "COL Size": "12 pack"
  },
  {
    "Brand_Product_Size": "Avent Medium Flow Teat 3+ Months 2 pack",
    "COL Price": 10,
    "COL ppu": "$5.00 per 1Ea",
    "COL Size": "2 pack"
  },
  {
    "Brand_Product_Size": "Mix Smooth Footlets 2 pack",
    "COL Price": 3,
    "COL ppu": "$1.50 per 1KGM",
    "COL Size": "2 pack"
  },
  {
    "Brand_Product_Size": "Garnier Pure Active Charcoal Anti-Blackhead Peel Off Mask 50mL",
    "COL Price": 7.5,
    "COL ppu": "$15.00 per 100mL",
    "COL Size": "50mL"
  },
  {
    "Brand_Product_Size": "Coles Honey Caramel & Macadamia Ice Cream Tub 1L",
    "COL Price": 5,
    "COL ppu": "$0.50 per 100mL",
    "COL Size": "1L"
  },
  {
    "Brand_Product_Size": "Hoyts Cinnamon Sticks 45g",
    "COL Price": 5.1,
    "COL ppu": "$1.13 per 10G",
    "COL Size": "45g"
  },
  {
    "Brand_Product_Size": "Coles Red Capsicum approx. 200g each",
    "COL Price": 1.78,
    "COL ppu": "$8.90 per 1Kg",
    "COL Size": "approx. 200g each"
  },
  {
    "Brand_Product_Size": "Bulla Frozen Multi Flavoured Yoghurt Sticks 8 pack 472g",
    "COL Price": 7,
    "COL ppu": "$1.48 per 100G",
    "COL Size": "472g"
  },
  {
    "Brand_Product_Size": "Coles Earl Grey Tea Bags 50 Pack 92.5g",
    "COL Price": 2.2,
    "COL ppu": "$2.38 per 100G",
    "COL Size": "92.5g"
  },
  {
    "Brand_Product_Size": "Coles Apricot & Almond Cheese 190g",
    "COL Price": 3,
    "COL ppu": "$15.79 per 1Kg",
    "COL Size": "190g"
  },
  {
    "Brand_Product_Size": "McVities Thins Milk Chocolate Biscuits 150g",
    "COL Price": 3.5,
    "COL ppu": "$2.33 per 100G",
    "COL Size": "150g"
  },
  {
    "Brand_Product_Size": "Mainland Butter Soft Salted Spreadable Butter 375g",
    "COL Price": 6.25,
    "COL ppu": "$1.67 per 100G",
    "COL Size": "375g"
  },
  {
    "Brand_Product_Size": "Coles Thick Ponytailers Snagless Blonde 28 pack",
    "COL Price": 6.8,
    "COL ppu": "$0.24 per 1Ea",
    "COL Size": "28 pack"
  },
  {
    "Brand_Product_Size": "Coles Urban Culture Strong Ground Coffee 1kg",
    "COL Price": 12,
    "COL ppu": "$12.00 per 1Kg",
    "COL Size": "1kg"
  },
  {
    "Brand_Product_Size": "King Island Diary Triple Cream Cheese approx. 100g",
    "COL Price": 6,
    "COL ppu": "$60.00 per 1Kg",
    "COL Size": "approx. 100g"
  },
  {
    "Brand_Product_Size": "Atkins Day Break Hazelnut Snack Bar 5 pack",
    "COL Price": 11.5,
    "COL ppu": "$6.22 per 100G",
    "COL Size": "5 pack"
  },
  {
    "Brand_Product_Size": "Mars Snickers Pods Chocolate Medium Bag 160g",
    "COL Price": 3,
    "COL ppu": "$1.88 per 100G",
    "COL Size": "160g"
  },
  {
    "Brand_Product_Size": "Maltesers Buttons Milk Chocolate Bag Medium 120g",
    "COL Price": 3,
    "COL ppu": "$2.50 per 100G",
    "COL Size": "120g"
  },
  {
    "Brand_Product_Size": "Tasmanian Heritage Double Brie 250g",
    "COL Price": 8,
    "COL ppu": "$32.00 per 1Kg",
    "COL Size": "250g"
  },
  {
    "Brand_Product_Size": "Coles Irresistable Mint Ice Cream Sticks 4 Pack 468mL",
    "COL Price": 3.8,
    "COL ppu": "$0.81 per 100mL",
    "COL Size": "468mL"
  },
  {
    "Brand_Product_Size": "Yoplait Forme Classics Yoghurt 160g 6 pack",
    "COL Price": 5,
    "COL ppu": "$0.52 per 100G",
    "COL Size": "6 pack"
  },
  {
    "Brand_Product_Size": "Sorbent Hypo Allergenic Toilet Tissue 12 pack",
    "COL Price": 9.4,
    "COL ppu": "$0.78 per 1Ea",
    "COL Size": "12 pack"
  },
  {
    "Brand_Product_Size": "Mckenzie's Borlotti Beans 375g",
    "COL Price": 2.65,
    "COL ppu": "$0.71 per 100G",
    "COL Size": "375g"
  },
  {
    "Brand_Product_Size": "Nice & Natural Toast Oat Bar Blueberry 5 Pack 150g",
    "COL Price": 4,
    "COL ppu": "$2.67 per 100G",
    "COL Size": "150g"
  },
  {
    "Brand_Product_Size": "Coles Snack Bites Chicken 200g",
    "COL Price": 1.4,
    "COL ppu": "$0.70 per 100G",
    "COL Size": "200g"
  },
  {
    "Brand_Product_Size": "Madame Flavour Caffeine Free Lemongrass Lime & Ginger Tisane Tea Bags 18 pack 36g",
    "COL Price": 5.96,
    "COL ppu": "$16.56 per 1G",
    "COL Size": "36g"
  },
  {
    "Brand_Product_Size": "Madura Earl Grey Tea Bags 50 pack 100g",
    "COL Price": 4.85,
    "COL ppu": "$4.85 per 100G",
    "COL Size": "100g"
  },
  {
    "Brand_Product_Size": "Lindt Caramel Square Dark Sea Salt Bag 124g",
    "COL Price": 6,
    "COL ppu": "$4.84 per 100G",
    "COL Size": "124g"
  },
  {
    "Brand_Product_Size": "Haddar Teriyaki Sauce 296mL",
    "COL Price": 5.8,
    "COL ppu": "$1.96 per 100mL",
    "COL Size": "296mL"
  },
  {
    "Brand_Product_Size": "Dove Nourishing Body Wash Fresh Touch 1L",
    "COL Price": 13.7,
    "COL ppu": "$1.37 per 100mL",
    "COL Size": "1L"
  },
  {
    "Brand_Product_Size": "Coles Kids Pack Bananas 750g",
    "COL Price": 3,
    "COL ppu": "$4.00 per 1Kg",
    "COL Size": "750g"
  },
  {
    "Brand_Product_Size": "Veet Warm Wax Hair Remover 375g",
    "COL Price": 14,
    "COL ppu": "$3.73 per 100G",
    "COL Size": "375g"
  },
  {
    "Brand_Product_Size": "Farmer Jo Cranberry & Fig Baked Muesli 400g",
    "COL Price": 6.8,
    "COL ppu": "$1.70 per 100G",
    "COL Size": "400g"
  },
  {
    "Brand_Product_Size": "Pantene Daily Moisture Renewal Shampoo 90mL",
    "COL Price": 3,
    "COL ppu": "$3.33 per 100mL",
    "COL Size": "90mL"
  },
  {
    "Brand_Product_Size": "Uncle Ben's Express Sriracha Rice Pouch 250g",
    "COL Price": 2.5,
    "COL ppu": "$1.00 per 100G",
    "COL Size": "250g"
  },
  {
    "Brand_Product_Size": "Red Seal Peach & Pineapple Hot Or Cold Brew Tea Bags 20 pack 50g",
    "COL Price": 3,
    "COL ppu": "$0.15 per 1Ea",
    "COL Size": "50g"
  },
  {
    "Brand_Product_Size": "Sodastream Mount Dew Flavour Mix 440mL",
    "COL Price": 5.6,
    "COL ppu": "$12.73 per 1L",
    "COL Size": "440mL"
  },
  {
    "Brand_Product_Size": "Duracell Hearing Aid S312 Batteries 8 pack",
    "COL Price": 10,
    "COL ppu": "$10.00 per 1Ea",
    "COL Size": "8 pack"
  },
  {
    "Brand_Product_Size": "Jarlsberg Regular Cheese Sliced/Shaved approx. 100g each",
    "COL Price": 2.275,
    "COL ppu": "$22.75 per 1Kg",
    "COL Size": "approx. 100g each"
  },
  {
    "Brand_Product_Size": "Mirabella LED Globe GLS Bayonet Cap 5.5 watt Cool White each",
    "COL Price": 7,
    "COL ppu": "$7.00 per 1Ea",
    "COL Size": "each"
  },
  {
    "Brand_Product_Size": "Food For Health Nutty Almond Fruit Free Clusters 425g",
    "COL Price": 8,
    "COL ppu": "$1.88 per 100G",
    "COL Size": "425g"
  },
  {
    "Brand_Product_Size": "Carefree Regular Liners 48 pack",
    "COL Price": 4,
    "COL ppu": "$0.08 per 1Ea",
    "COL Size": "48 pack"
  },
  {
    "Brand_Product_Size": "Coles Deli RSPCA Approved Chicken Breast Satay Style Kebab each",
    "COL Price": 1,
    "COL ppu": "$1.00 per 1Ea",
    "COL Size": "each"
  },
  {
    "Brand_Product_Size": "Sakata Classic BBQ Rice Crackers 100g",
    "COL Price": 2,
    "COL ppu": "$2.00 per 100G",
    "COL Size": "100g"
  },
  {
    "Brand_Product_Size": "Pace Farm Fresh Jumbo Cage Eggs 12 pack 800g",
    "COL Price": 5,
    "COL ppu": "$0.63 per 100G",
    "COL Size": "800g"
  },
  {
    "Brand_Product_Size": "Tom's Long Lasting Lavender Deodorant 64g",
    "COL Price": 10,
    "COL ppu": "$15.63 per 100G",
    "COL Size": "64g"
  },
  {
    "Brand_Product_Size": "Poppin Butter Microwave Popcorn 400g",
    "COL Price": 4,
    "COL ppu": "$1.00 per 100G",
    "COL Size": "400g"
  },
  {
    "Brand_Product_Size": "Gillette Venus Shaving Blade Refill 4 pack",
    "COL Price": 15.5,
    "COL ppu": "$3.88 per 1Ea",
    "COL Size": "4 pack"
  },
  {
    "Brand_Product_Size": "Nailene So Natural Everyday French Pink Fashion Nails 24 pack",
    "COL Price": 17,
    "COL ppu": "$0.71 per 1Ea",
    "COL Size": "24 pack"
  },
  {
    "Brand_Product_Size": "Coles Beef & Pork Meatballs Classic 28 Pack 560g",
    "COL Price": 8,
    "COL ppu": "$14.29 per 1Kg",
    "COL Size": "560g"
  },
  {
    "Brand_Product_Size": "San Remo Spaghetti No 5 500g",
    "COL Price": 1.95,
    "COL ppu": "$0.39 per 100G",
    "COL Size": "500g"
  },
  {
    "Brand_Product_Size": "Coles Natural Spring Water 600mL 24 pack",
    "COL Price": 9,
    "COL ppu": "$0.63 per 1L",
    "COL Size": "24 pack"
  },
  {
    "Brand_Product_Size": "South Cape Mellow & Creamy Gouda Cheese Wedge 200g",
    "COL Price": 4.7,
    "COL ppu": "$23.50 per 1Kg",
    "COL Size": "200g"
  },
  {
    "Brand_Product_Size": "First Response Pregnancy Test Instream 7 pack",
    "COL Price": 22.4,
    "COL ppu": "$3.20 per 1Ea",
    "COL Size": "7 pack"
  },
  {
    "Brand_Product_Size": "Coles \"Made Easy Bacon Wrapped Chicken Parcels With Pumpkin 600g",
    "COL Price": 12,
    "COL ppu": "$20.00 per 1Kg",
    "COL Size": "600g"
  },
  {
    "Brand_Product_Size": "Philadelphia Lactose Free Garden Herb & Onion Twist Spreadable Cream Cheese 130g",
    "COL Price": 4,
    "COL ppu": "$30.77 per 1Kg",
    "COL Size": "130g"
  },
  {
    "Brand_Product_Size": "Arnott's Tim Tam Chocolate Mint Biscuits 160g",
    "COL Price": 4,
    "COL ppu": "$2.50 per 100G",
    "COL Size": "160g"
  },
  {
    "Brand_Product_Size": "Cook & Dine Round Cake Tin 20cm each",
    "COL Price": 7,
    "COL ppu": "$7.00 per 1Ea",
    "COL Size": "each"
  },
  {
    "Brand_Product_Size": "Luv A Duck Fresh Duck Breast Fillets 380g",
    "COL Price": 14,
    "COL ppu": "$36.84 per 1Kg",
    "COL Size": "380g"
  },
  {
    "Brand_Product_Size": "Faber-Castell PVC Free Eraser 2 pack",
    "COL Price": 2.75,
    "COL ppu": "$1.38 per 1Ea",
    "COL Size": "2 pack"
  },
  {
    "Brand_Product_Size": "Dog Training Pads 15 pack",
    "COL Price": 7,
    "COL ppu": "",
    "COL Size": "15 pack"
  },
  {
    "Brand_Product_Size": "Rimmel Lasting Matte Finish Foundation True Beige 203 30mL",
    "COL Price": 10.8,
    "COL ppu": "$36.00 per 100mL",
    "COL Size": "30mL"
  },
  {
    "Brand_Product_Size": "Provedore Chorizo Crumb 100g",
    "COL Price": 5,
    "COL ppu": "$50.00 per 1Kg",
    "COL Size": "100g"
  },
  {
    "Brand_Product_Size": "Twinings Chamomile & Spearmint Herbal Infusions Tea Bags 10 pack 15g",
    "COL Price": 2.9,
    "COL ppu": "$0.29 per 1Ea",
    "COL Size": "15g"
  },
  {
    "Brand_Product_Size": "Coles Fresh Celeriac Bunch 1 bunch",
    "COL Price": 5,
    "COL ppu": "$5.00 per 1Ea",
    "COL Size": "1 bunch"
  },
  {
    "Brand_Product_Size": "Taj Mahal Black Tea Leaf 900g",
    "COL Price": 11,
    "COL ppu": "$1.22 per 100G",
    "COL Size": "900g"
  },
  {
    "Brand_Product_Size": "Ambi Pur Bathroom Fresh Air Freshener Refreshing Soap 6mL",
    "COL Price": 4,
    "COL ppu": "$6.67 per 10mL",
    "COL Size": "6mL"
  },
  {
    "Brand_Product_Size": "Coles Finest Artisan Sesame & Linseed Crispbread 130g",
    "COL Price": 3,
    "COL ppu": "$2.31 per 100G",
    "COL Size": "130g"
  },
  {
    "Brand_Product_Size": "Coles Bakery White Block Bread Loaf 680g",
    "COL Price": 2,
    "COL ppu": "$0.29 per 100G",
    "COL Size": "680g"
  },
  {
    "Brand_Product_Size": "Coles Pizza Dough Balls 250g",
    "COL Price": 2,
    "COL ppu": "$0.80 per 100G",
    "COL Size": "250g"
  },
  {
    "Brand_Product_Size": "Be Natural Berry Bliss Granola Breakfast Cereal with Whole Grains 450g",
    "COL Price": 4.87,
    "COL ppu": "$1.08 per 100G",
    "COL Size": "450g"
  },
  {
    "Brand_Product_Size": "Darikay Hearty Vegetable Soup 550g",
    "COL Price": 6.5,
    "COL ppu": "$1.18 per 100G",
    "COL Size": "550g"
  },
  {
    "Brand_Product_Size": "Coles RSPCA Approved Chicken Breast Schnitzel With Garlic & Herb Crumb 600g",
    "COL Price": 9,
    "COL ppu": "$15.00 per 1Kg",
    "COL Size": "600g"
  },
  {
    "Brand_Product_Size": "Calbee Pizza Potato Chips 55g",
    "COL Price": 2.5,
    "COL ppu": "$4.55 per 100G",
    "COL Size": "55g"
  },
  {
    "Brand_Product_Size": "Coles Leeks each",
    "COL Price": 2.5,
    "COL ppu": "$2.50 per 1Ea",
    "COL Size": "each"
  },
  {
    "Brand_Product_Size": "Alkanater Plain Halva 900g",
    "COL Price": 9.2,
    "COL ppu": "$1.02 per 100G",
    "COL Size": "900g"
  },
  {
    "Brand_Product_Size": "Coles White Potatoes Prepacked 2kg",
    "COL Price": 4,
    "COL ppu": "$2.00 per 1Kg",
    "COL Size": "2kg"
  },
  {
    "Brand_Product_Size": "Steggles Turkey Mince 500g",
    "COL Price": 6,
    "COL ppu": "$12.00 per 1Kg",
    "COL Size": "500g"
  },
  {
    "Brand_Product_Size": "Pedigree Chunks In Gravy Beef Mvms Dog Food Pouch 85g 12 pack",
    "COL Price": 10,
    "COL ppu": "$0.83 per 1Ea",
    "COL Size": "12 pack"
  },
  {
    "Brand_Product_Size": "Eco Tools Duo Ultimate Concealer 1 pack",
    "COL Price": 15,
    "COL ppu": "$15.00 per 1Ea",
    "COL Size": "1 pack"
  },
  {
    "Brand_Product_Size": "Always Discreet Pads Maxi Night For Bladder Leaks 6 pack",
    "COL Price": 8,
    "COL ppu": "$1.33 per 1Ea",
    "COL Size": "6 pack"
  },
  {
    "Brand_Product_Size": "Captain's Table Pita Crackers Classic Salt 100g",
    "COL Price": 3.5,
    "COL ppu": "$3.50 per 100G",
    "COL Size": "100g"
  },
  {
    "Brand_Product_Size": "Coles Multi Purpose Disposable Gloves 50 pack",
    "COL Price": 6,
    "COL ppu": "$0.12 per 1Ea",
    "COL Size": "50 pack"
  },
  {
    "Brand_Product_Size": "Sukin Natural Deodorant 125mL",
    "COL Price": 7,
    "COL ppu": "$5.60 per 100mL",
    "COL Size": "125mL"
  },
  {
    "Brand_Product_Size": "Ski D'Lite Yoghurt Vanilla Sensation 6 pack 150g",
    "COL Price": 4.5,
    "COL ppu": "$0.50 per 100G",
    "COL Size": "150g"
  },
  {
    "Brand_Product_Size": "Coles Kitchen Broccoli Cauliflower & Parmesan Soup 300g",
    "COL Price": 3,
    "COL ppu": "$1.00 per 100G",
    "COL Size": "300g"
  },
  {
    "Brand_Product_Size": "Lee Kum Kee Panda Brand Oyster Sauce 510g",
    "COL Price": 3.7,
    "COL ppu": "$0.73 per 100G",
    "COL Size": "510g"
  },
  {
    "Brand_Product_Size": "MasterFoods Spaghetti Bolognese Herbs 40g",
    "COL Price": 6,
    "COL ppu": "$1.50 per 10G",
    "COL Size": "40g"
  },
  {
    "Brand_Product_Size": "Gillette TerraCycle Bbgr Pack - Fusion Razor 1 pack",
    "COL Price": 30,
    "COL ppu": "$30.00 per 1Ea",
    "COL Size": "1 pack"
  },
  {
    "Brand_Product_Size": "Mortein Power Gard Cockroach Baits 12 pack",
    "COL Price": 15,
    "COL ppu": "$1.25 per 1Ea",
    "COL Size": "12 pack"
  },
  {
    "Brand_Product_Size": "Cadbury Favourites 373g",
    "COL Price": 7,
    "COL ppu": "$1.88 per 100G",
    "COL Size": "373g"
  },
  {
    "Brand_Product_Size": "Capilano Twist & Squeeze Pure Honey 220g",
    "COL Price": 4.7,
    "COL ppu": "$2.14 per 100G",
    "COL Size": "220g"
  },
  {
    "Brand_Product_Size": "Clairol Nice 'N Easy Root Touch-Up 3 Black Hair Colour 1 pack",
    "COL Price": 7.8,
    "COL ppu": "$7.80 per 1Ea",
    "COL Size": "1 pack"
  },
  {
    "Brand_Product_Size": "Thins Original Potato Chips 175g",
    "COL Price": 3.5,
    "COL ppu": "$2.00 per 100G",
    "COL Size": "175g"
  },
  {
    "Brand_Product_Size": "Don Deli Classic Ham approx. 125g",
    "COL Price": 2,
    "COL ppu": "$16.00 per 1Kg",
    "COL Size": "approx. 125g"
  },
  {
    "Brand_Product_Size": "Mother's Recipe Mango Pickle Hot 500g",
    "COL Price": 3.2,
    "COL ppu": "$0.64 per 100G",
    "COL Size": "500g"
  },
  {
    "Brand_Product_Size": "Lindt Cornet  Assorted 333g",
    "COL Price": 20,
    "COL ppu": "$6.01 per 100G",
    "COL Size": "333g"
  },
  {
    "Brand_Product_Size": "Haldirams Masala Vada 283g",
    "COL Price": 5.25,
    "COL ppu": "$1.86 per 100G",
    "COL Size": "283g"
  },
  {
    "Brand_Product_Size": "Delsey Toilet Tissue 1000 Sheets 11cm X 10cm 1 pack",
    "COL Price": 1.5,
    "COL ppu": "$1.50 per 1Ea",
    "COL Size": "1 pack"
  },
  {
    "Brand_Product_Size": "Cook & Dine Porcelain Egg Cups 2 pack",
    "COL Price": 3,
    "COL ppu": "$1.50 per 1Ea",
    "COL Size": "2 pack"
  },
  {
    "Brand_Product_Size": "Pyengana Clothbound Farmhouse Cheddar approx. 100g",
    "COL Price": 11,
    "COL ppu": "$110.00 per 1Kg",
    "COL Size": "approx. 100g"
  },
  {
    "Brand_Product_Size": "Bonds Women's Cottontails Original WOM221 Size 18 & 20 2 pack",
    "COL Price": 12,
    "COL ppu": "",
    "COL Size": "2 pack"
  },
  {
    "Brand_Product_Size": "Pana White Macadamia 45g",
    "COL Price": 6,
    "COL ppu": "$13.33 per 100G",
    "COL Size": "45g"
  },
  {
    "Brand_Product_Size": "Purina Felix As Good As It Looks Kitten Menu Cat Food 85g Pouch 12 pack",
    "COL Price": 11.5,
    "COL ppu": "$1.13 per 100G",
    "COL Size": "12 pack"
  },
  {
    "Brand_Product_Size": "Connoisseur Murray River Salted Caramel With Macadamia Gourmet Ice Cream Sticks 4 pack 455mL",
    "COL Price": 8.6,
    "COL ppu": "$1.89 per 100mL",
    "COL Size": "455mL"
  },
  {
    "Brand_Product_Size": "Cottee's Ice Magic Chocolate Topping 220g",
    "COL Price": 3.5,
    "COL ppu": "$1.59 per 100G",
    "COL Size": "220g"
  },
  {
    "Brand_Product_Size": "Deep Spring Pineapple & Pink Grapefruit Sparkling Natural Mineral Water 1.25L",
    "COL Price": 1.15,
    "COL ppu": "$0.92 per 1L",
    "COL Size": "1.25L"
  },
  {
    "Brand_Product_Size": "Coles Kitchen Tidy Bag Medium 30 pack",
    "COL Price": 2,
    "COL ppu": "$0.07 per 1Ea",
    "COL Size": "30 pack"
  },
  {
    "Brand_Product_Size": "Durex Fetherlite Ultra Extra Large Condoms 10 pack",
    "COL Price": 10,
    "COL ppu": "$1.00 per 1Ea",
    "COL Size": "10 pack"
  },
  {
    "Brand_Product_Size": "Peters Drumstick Minis Super Choc & Caramel Nut Ice Cream Cone 6 pack 480mL",
    "COL Price": 5,
    "COL ppu": "$1.04 per 100mL",
    "COL Size": "480mL"
  },
  {
    "Brand_Product_Size": "Schweppes Zero Sugar Lemonade 1.1L",
    "COL Price": 2.15,
    "COL ppu": "$1.95 per 1L",
    "COL Size": "1.1L"
  },
  {
    "Brand_Product_Size": "Coles Ultra Quick Thick Eraser Block 2 pack",
    "COL Price": 4,
    "COL ppu": "$2.00 per 1Ea",
    "COL Size": "2 pack"
  },
  {
    "Brand_Product_Size": "Good O Chicken & Veal Dry Dog Food 3kg",
    "COL Price": 13.3,
    "COL ppu": "$0.44 per 100G",
    "COL Size": "3kg"
  },
  {
    "Brand_Product_Size": "Mutti Tomato Passata 400g",
    "COL Price": 2.5,
    "COL ppu": "$0.63 per 100G",
    "COL Size": "400g"
  },
  {
    "Brand_Product_Size": "Ritz Salted Caramel Sandwich Crackers 118g",
    "COL Price": 1.5,
    "COL ppu": "$1.27 per 100G",
    "COL Size": "118g"
  },
  {
    "Brand_Product_Size": "L'Oreal Paris Excellence 7.1 Dark Ash Blonde Hair Colour 1 pack",
    "COL Price": 20,
    "COL ppu": "$20.00 per 1Ea",
    "COL Size": "1 pack"
  },
  {
    "Brand_Product_Size": "Leiber's Chocolate Sandwich Minios Cookies 227g",
    "COL Price": 5.5,
    "COL ppu": "$2.42 per 100G",
    "COL Size": "227g"
  },
  {
    "Brand_Product_Size": "On The Menu Frozen Slow Cooked Lamb In Red Wine Sauce King Size Power Bowl 450g",
    "COL Price": 7.5,
    "COL ppu": "$1.67 per 100G",
    "COL Size": "450g"
  },
  {
    "Brand_Product_Size": "Olympian Turkish Delight With Rose & Almond 300g",
    "COL Price": 8,
    "COL ppu": "$2.67 per 100G",
    "COL Size": "300g"
  },
  {
    "Brand_Product_Size": "Nivea Blackberry Fruit Moisturising Lip Balm 4.8g",
    "COL Price": 4,
    "COL ppu": "$8.33 per 10G",
    "COL Size": "4.8g"
  },
  {
    "Brand_Product_Size": "Queen Sugar Free Maple Flavoured Syrup 355mL",
    "COL Price": 4.2,
    "COL ppu": "$1.18 per 100mL",
    "COL Size": "355mL"
  },
  {
    "Brand_Product_Size": "Gourmet Garden Lightly Dried Chilli 10g",
    "COL Price": 3.5,
    "COL ppu": "$3.50 per 10G",
    "COL Size": "10g"
  },
  {
    "Brand_Product_Size": "Sistema Klip It Plus Square Container 5.5L each",
    "COL Price": 5.5,
    "COL ppu": "$5.50 per 1Ea",
    "COL Size": "each"
  },
  {
    "Brand_Product_Size": "Monster Super Fuel Sports Drink Blue Ice 550mL",
    "COL Price": 2.65,
    "COL ppu": "$0.48 per 100mL",
    "COL Size": "550mL"
  },
  {
    "Brand_Product_Size": "Kapai Puku Gut Health Raw Seed Mix 450g",
    "COL Price": 13.5,
    "COL ppu": "$3.00 per 100G",
    "COL Size": "450g"
  },
  {
    "Brand_Product_Size": "Ice Break Bold Espresso Real Coffee 500mL",
    "COL Price": 3.35,
    "COL ppu": "$6.70 per 1L",
    "COL Size": "500mL"
  },
  {
    "Brand_Product_Size": "Latina Fresh Beef Ravioli 375g",
    "COL Price": 4,
    "COL ppu": "$1.07 per 100G",
    "COL Size": "375g"
  },
  {
    "Brand_Product_Size": "Garnier Fructis Repairing Papaya Hair Food 390mL",
    "COL Price": 6,
    "COL ppu": "$1.54 per 100mL",
    "COL Size": "390mL"
  },
  {
    "Brand_Product_Size": "Uncle Tobys Yoghurt Muesli Bars Honeycomb 6 Pack 185g",
    "COL Price": 2.15,
    "COL ppu": "$1.16 per 100G",
    "COL Size": "185g"
  },
  {
    "Brand_Product_Size": "Bounce Gluten Free Almond Natural Energy Ball 49g",
    "COL Price": 2,
    "COL ppu": "$0.41 per 10G",
    "COL Size": "49g"
  },
  {
    "Brand_Product_Size": "Guylian Assortment Belgian Chocolates 305g",
    "COL Price": 18,
    "COL ppu": "$5.90 per 100G",
    "COL Size": "305g"
  },
  {
    "Brand_Product_Size": "Coles Fat Free Instant Skim Milk Powder 1kg",
    "COL Price": 5.7,
    "COL ppu": "$0.57 per 100G",
    "COL Size": "1kg"
  },
  {
    "Brand_Product_Size": "Continental Kosher Butchers Beef Brisket approx. 1kg",
    "COL Price": 44,
    "COL ppu": "$44.00 per 1Kg",
    "COL Size": "approx. 1kg"
  },
  {
    "Brand_Product_Size": "Coles Wholegrain Mustard 200g",
    "COL Price": 2,
    "COL ppu": "$1.00 per 100G",
    "COL Size": "200g"
  },
  {
    "Brand_Product_Size": "L'Oreal Paris Magic Retouch Precision Blond Concealer Brush 1 pack",
    "COL Price": 14.4,
    "COL ppu": "$14.40 per 1Ea",
    "COL Size": "1 pack"
  },
  {
    "Brand_Product_Size": "Colgate Total Charcoal Deep Clean Toothpaste 200g",
    "COL Price": 8,
    "COL ppu": "$4.00 per 100G",
    "COL Size": "200g"
  },
  {
    "Brand_Product_Size": "Solo Lemon Mini Multipack Cans 200mL 6 pack",
    "COL Price": 6.2,
    "COL ppu": "$5.17 per 1L",
    "COL Size": "6 pack"
  },
  {
    "Brand_Product_Size": "Pine O Cleen Tropical Blossom Disinfectant Wipes 120 pack",
    "COL Price": 10,
    "COL ppu": "$8.33 per 100Ea",
    "COL Size": "120 pack"
  },
  {
    "Brand_Product_Size": "Passage Foods Passage To India Saag Curry Simmer Sauce 375g",
    "COL Price": 2.35,
    "COL ppu": "$0.63 per 100G",
    "COL Size": "375g"
  },
  {
    "Brand_Product_Size": "Coles Chocolate Cream Wafers 125g",
    "COL Price": 0.55,
    "COL ppu": "$0.44 per 100G",
    "COL Size": "125g"
  },
  {
    "Brand_Product_Size": "Coles Kitchen Thai Coconut And Lime Stir Fry Sauce 180mL",
    "COL Price": 3,
    "COL ppu": "$1.67 per 100mL",
    "COL Size": "180mL"
  },
  {
    "Brand_Product_Size": "Cook & Dine White Plastic Cups 200ml 20 pack",
    "COL Price": 1.5,
    "COL ppu": "$0.08 per 1Ea",
    "COL Size": "20 pack"
  },
  {
    "Brand_Product_Size": "Aristocrat Green Cocktail Onions 150g",
    "COL Price": 2,
    "COL ppu": "$13.33 per 1Kg",
    "COL Size": "150g"
  },
  {
    "Brand_Product_Size": "Coles Golden Syrup 400g",
    "COL Price": 2.2,
    "COL ppu": "$0.55 per 100G",
    "COL Size": "400g"
  },
  {
    "Brand_Product_Size": "Sard Wonder Soaker Super Power 900g",
    "COL Price": 7,
    "COL ppu": "$0.78 per 100G",
    "COL Size": "900g"
  },
  {
    "Brand_Product_Size": "Arnott's Shortbread Cream Biscuits Tiramisu 250g",
    "COL Price": 3,
    "COL ppu": "$1.20 per 100G",
    "COL Size": "250g"
  },
  {
    "Brand_Product_Size": "Fibre One Milk Chocolate Popcorn Bars 105g",
    "COL Price": 5.5,
    "COL ppu": "$5.24 per 100G",
    "COL Size": "105g"
  },
  {
    "Brand_Product_Size": "McVitie's Digestives Milk Chocolate Wheat Biscuits 300g",
    "COL Price": 3.95,
    "COL ppu": "$1.32 per 100G",
    "COL Size": "300g"
  },
  {
    "Brand_Product_Size": "Whiskas Kitten Chicken And Tuna Adult Dry Cat Food 800g",
    "COL Price": 5,
    "COL ppu": "$0.63 per 100G",
    "COL Size": "800g"
  },
  {
    "Brand_Product_Size": "WD-40 Lubricating Spray 255g",
    "COL Price": 6.5,
    "COL ppu": "$6.50 per 1ea",
    "COL Size": "255g"
  },
  {
    "Brand_Product_Size": "Chris' Heritage Gluten Free Goat Cheese & Black Truffle Savoury Dip 170g",
    "COL Price": 8,
    "COL ppu": "$4.71 per 100G",
    "COL Size": "170g"
  },
  {
    "Brand_Product_Size": "Coles Original Flavour Stacked Chips 160g",
    "COL Price": 1.75,
    "COL ppu": "$1.09 per 100G",
    "COL Size": "160g"
  },
  {
    "Brand_Product_Size": "Cenovis Echinacea Garlic Zinc & C Tablets 125 pack",
    "COL Price": 26,
    "COL ppu": "$0.21 per 1Ea",
    "COL Size": "125 pack"
  },
  {
    "Brand_Product_Size": "Coles Fresh Turnips approx. 180g each",
    "COL Price": 1.08,
    "COL ppu": "$6.00 per 1Kg",
    "COL Size": "approx. 180g each"
  },
  {
    "Brand_Product_Size": "Coles Banana Pops 10 pack 700mL",
    "COL Price": 3.75,
    "COL ppu": "$0.54 per 100mL",
    "COL Size": "700mL"
  },
  {
    "Brand_Product_Size": "Sharpie Metallic Markers 2 pack",
    "COL Price": 6.4,
    "COL ppu": "$3.20 per 1ea",
    "COL Size": "2 pack"
  },
  {
    "Brand_Product_Size": "Hot Topic Footed Mug each",
    "COL Price": 5.6,
    "COL ppu": "$5.60 per 1Ea",
    "COL Size": "each"
  },
  {
    "Brand_Product_Size": "Bonds No Show Footlets Tan size 8-11 1 pack",
    "COL Price": 4,
    "COL ppu": "",
    "COL Size": "1 pack"
  },
  {
    "Brand_Product_Size": "Olay Complete Defence Sensitive Moisturiser Lotion SPF 30+ 75mL",
    "COL Price": 15,
    "COL ppu": "$20.00 per 100mL",
    "COL Size": "75mL"
  },
  {
    "Brand_Product_Size": "Licorette Licorice Pastilles 25g",
    "COL Price": 1.5,
    "COL ppu": "$6.52 per 100G",
    "COL Size": "25g"
  },
  {
    "Brand_Product_Size": "Hershey's Cookies & Cream Sticks 360mL",
    "COL Price": 6,
    "COL ppu": "$1.67 per 100mL",
    "COL Size": "360mL"
  },
  {
    "Brand_Product_Size": "Tracklements Original Onion Marmalade 250g",
    "COL Price": 14.75,
    "COL ppu": "$5.90 per 100G",
    "COL Size": "250g"
  },
  {
    "Brand_Product_Size": "Coles Kitchen Tidy Bags with Handles Lavender Scented Large 25 pack",
    "COL Price": 2,
    "COL ppu": "$0.08 per 1Ea",
    "COL Size": "25 pack"
  },
  {
    "Brand_Product_Size": "Pace Farm Cage Extra Large Eggs 15 pack 975g",
    "COL Price": 6.5,
    "COL ppu": "$0.67 per 100G",
    "COL Size": "975g"
  },
  {
    "Brand_Product_Size": "Martha's Eucalyptus Wool Mix 1.25L",
    "COL Price": 5.64,
    "COL ppu": "$4.51 per 1L",
    "COL Size": "1.25L"
  },
  {
    "Brand_Product_Size": "Streets Magnum Mochaccino Cookie 4 Pack 360mL",
    "COL Price": 4.5,
    "COL ppu": "$1.25 per 100mL",
    "COL Size": "360mL"
  },
  {
    "Brand_Product_Size": "Restaurant Collection Shawarma Grilled Lamb Shoulder 500g",
    "COL Price": 18.5,
    "COL ppu": "$3.70 per 100G",
    "COL Size": "500g"
  },
  {
    "Brand_Product_Size": "Mayvers Protein Plus Peanut Butter with 5 Super Seeds 375g",
    "COL Price": 5.5,
    "COL ppu": "$1.47 per 100G",
    "COL Size": "375g"
  },
  {
    "Brand_Product_Size": "Coles Roasted Almond Butter 250g",
    "COL Price": 5.7,
    "COL ppu": "$2.28 per 100G",
    "COL Size": "250g"
  },
  {
    "Brand_Product_Size": "Quorn Frozen Meat Free Cheese & Spinach Schnitzels 240g",
    "COL Price": 6.2,
    "COL ppu": "$2.58 per 100G",
    "COL Size": "240g"
  },
  {
    "Brand_Product_Size": "Coles Natures Kitchen Cookies Creme Cookie Dough 480g",
    "COL Price": 7.5,
    "COL ppu": "$1.56 per 100G",
    "COL Size": "480g"
  },
  {
    "Brand_Product_Size": "Tiger Extra Strength Red Balm 18g",
    "COL Price": 8.3,
    "COL ppu": "$46.11 per 100G",
    "COL Size": "18g"
  },
  {
    "Brand_Product_Size": "Dreambaby Baby On Board Sign each",
    "COL Price": 6,
    "COL ppu": "$6.00 per 1Ea",
    "COL Size": "each"
  },
  {
    "Brand_Product_Size": "Thankyou Botanical Geranium & Rosewood Bath & Body Oil 100mL",
    "COL Price": 10.5,
    "COL ppu": "$10.50 per 100mL",
    "COL Size": "100mL"
  },
  {
    "Brand_Product_Size": "Decor Match Ups Fruit Infuser Jug 2.4L each",
    "COL Price": 16,
    "COL ppu": "$16.00 per 1Ea",
    "COL Size": "each"
  },
  {
    "Brand_Product_Size": "M&M's Crispy Chocolate Bag Medium 145g",
    "COL Price": 3,
    "COL ppu": "$2.07 per 100G",
    "COL Size": "145g"
  },
  {
    "Brand_Product_Size": "Coles Deli Danube Rare Blackforest Rare Roast Beef approx. 2kg",
    "COL Price": 50.4,
    "COL ppu": "$25.20 per 1Kg",
    "COL Size": "approx. 2kg"
  },
  {
    "Brand_Product_Size": "Olay Sensitive Skin Moisturiser Cream 100g",
    "COL Price": 13,
    "COL ppu": "$13.00 per 100G",
    "COL Size": "100g"
  },
  {
    "Brand_Product_Size": "Fanta Orange Multipack Cans 375mL 24 pack",
    "COL Price": 16.17,
    "COL ppu": "$1.80 per 1L",
    "COL Size": "24 pack"
  },
  {
    "Brand_Product_Size": "Sistema Snack Capsule 515mL each",
    "COL Price": 7,
    "COL ppu": "$7.00 per 1Ea",
    "COL Size": "each"
  },
  {
    "Brand_Product_Size": "Nair Sensitive Facial Hair Removal Cream 20g",
    "COL Price": 6,
    "COL ppu": "$30.00 per 100G",
    "COL Size": "20g"
  },
  {
    "Brand_Product_Size": "Coles Dutch Carrots 1 bunch",
    "COL Price": 3.5,
    "COL ppu": "$3.50 per 1Ea",
    "COL Size": "1 bunch"
  },
  {
    "Brand_Product_Size": "Peck's Anchovette Fish Paste 125g",
    "COL Price": 2.7,
    "COL ppu": "$2.16 per 100G",
    "COL Size": "125g"
  },
  {
    "Brand_Product_Size": "Coles Finest Filled Pasta Pumpkin 350g",
    "COL Price": 5,
    "COL ppu": "$1.43 per 100G",
    "COL Size": "350g"
  },
  {
    "Brand_Product_Size": "Republica Organic Capsules Sydney 20 pack",
    "COL Price": 9.5,
    "COL ppu": "$0.48 per 1Ea",
    "COL Size": "20 pack"
  },
  {
    "Brand_Product_Size": "Sauers Turkish Bread Rolls 2 pack",
    "COL Price": 2.5,
    "COL ppu": "$1.25 per 1Ea",
    "COL Size": "2 pack"
  },
  {
    "Brand_Product_Size": "Rimmel Lasting Finish True Beige 203 Foundation 30mL",
    "COL Price": 11.4,
    "COL ppu": "$3.80 per 10mL",
    "COL Size": "30mL"
  },
  {
    "Brand_Product_Size": "Nivea Deo Roll On Men Amazonia 50mL",
    "COL Price": 3.5,
    "COL ppu": "$7.00 per 100mL",
    "COL Size": "50mL"
  },
  {
    "Brand_Product_Size": "CUB Baby Oil 500mL",
    "COL Price": 2.4,
    "COL ppu": "$0.48 per 100mL",
    "COL Size": "500mL"
  },
  {
    "Brand_Product_Size": "Coles Foam Ear Plugs 4 pack",
    "COL Price": 6,
    "COL ppu": "$1.50 per 1Ea",
    "COL Size": "4 pack"
  },
  {
    "Brand_Product_Size": "Elite Milk Chocolate 85g",
    "COL Price": 3.3,
    "COL ppu": "$3.88 per 100G",
    "COL Size": "85g"
  },
  {
    "Brand_Product_Size": "Coles Grape Perino Tomatoes Prepacked 200g",
    "COL Price": 4.5,
    "COL ppu": "$22.50 per 1Kg",
    "COL Size": "200g"
  },
  {
    "Brand_Product_Size": "Neronim Sabbath Candles 72 pack",
    "COL Price": 23.25,
    "COL ppu": "$0.32 per 1Ea",
    "COL Size": "72 pack"
  },
  {
    "Brand_Product_Size": "Lilydale Free Range Chicken Stir Fry 500g",
    "COL Price": 10.5,
    "COL ppu": "$21.00 per 1Kg",
    "COL Size": "500g"
  },
  {
    "Brand_Product_Size": "Elastoplast Sport Rigid Strapping Tape 1 pack",
    "COL Price": 12,
    "COL ppu": "$12.00 per 1Ea",
    "COL Size": "1 pack"
  },
  {
    "Brand_Product_Size": "Coles White Chocolate & Macadamia Cookies 6 pack",
    "COL Price": 3,
    "COL ppu": "$0.50 per 1Ea",
    "COL Size": "6 pack"
  },
  {
    "Brand_Product_Size": "Guzzi's Tricolore Fettuccine Pasta 375g",
    "COL Price": 4,
    "COL ppu": "$1.07 per 100G",
    "COL Size": "375g"
  },
  {
    "Brand_Product_Size": "Whisper Regular Flow Slim Pads with Wings Pads 20 pack",
    "COL Price": 3.64,
    "COL ppu": "$0.18 per 1Ea",
    "COL Size": "20 pack"
  },
  {
    "Brand_Product_Size": "Herbert Adams Frozen Slow Cooked Beef With Shiraz & Cracked Pepper Pies 2pack 400g",
    "COL Price": 7.8,
    "COL ppu": "$1.95 per 100G",
    "COL Size": "400g"
  },
  {
    "Brand_Product_Size": "Campbell's V8 Vegetable Juice 1.25L",
    "COL Price": 4.6,
    "COL ppu": "$3.68 per 1L",
    "COL Size": "1.25L"
  },
  {
    "Brand_Product_Size": "Flora Margarine Spread Original 1kg",
    "COL Price": 5,
    "COL ppu": "$0.50 per 100G",
    "COL Size": "1kg"
  },
  {
    "Brand_Product_Size": "Maynards Original Wine Gum Rolls 39g",
    "COL Price": 1.4,
    "COL ppu": "$3.59 per 100G",
    "COL Size": "39g"
  },
  {
    "Brand_Product_Size": "Mckenzie's Red Kidney Beans 375g",
    "COL Price": 2.65,
    "COL ppu": "$0.71 per 100G",
    "COL Size": "375g"
  },
  {
    "Brand_Product_Size": "BSC Low Carb Cookies & Cream Protein Bar 60g",
    "COL Price": 4,
    "COL ppu": "$0.67 per 10G",
    "COL Size": "60g"
  },
  {
    "Brand_Product_Size": "Huon Chilli Garlic & Lime Salmon Skin On 280g",
    "COL Price": 14,
    "COL ppu": "$50.00 per 1Kg",
    "COL Size": "280g"
  },
  {
    "Brand_Product_Size": "Coles Wrapped Butternut Pumpkin approx. 700g each",
    "COL Price": 2.45,
    "COL ppu": "$3.50 per 1Kg",
    "COL Size": "approx. 700g each"
  },
  {
    "Brand_Product_Size": "Coles Gluten Free Pizza Bases 2 pack 300g",
    "COL Price": 5.5,
    "COL ppu": "$1.83 per 100G",
    "COL Size": "300g"
  },
  {
    "Brand_Product_Size": "Kan Tong Sticky Chicken Soy Honey & Garlic Sauce 175g",
    "COL Price": 2.9,
    "COL ppu": "$1.66 per 100G",
    "COL Size": "175g"
  },
  {
    "Brand_Product_Size": "Ocean Spray Jellied Cranberry Sauce 275g",
    "COL Price": 3.55,
    "COL ppu": "$1.29 per 100G",
    "COL Size": "275g"
  },
  {
    "Brand_Product_Size": "Revlon Colorstay Lipliner Nude 0.28g",
    "COL Price": 23,
    "COL ppu": "$821.43 per 10G",
    "COL Size": "0.28g"
  },
  {
    "Brand_Product_Size": "CSR Caster Sugar 500g",
    "COL Price": 1.7,
    "COL ppu": "$0.34 per 100G",
    "COL Size": "500g"
  },
  {
    "Brand_Product_Size": "Schweppes 7Up Lemonade 1.25L",
    "COL Price": 1.3,
    "COL ppu": "$1.04 per 1L",
    "COL Size": "1.25L"
  },
  {
    "Brand_Product_Size": "Cook & Dine Glazed Small Bowl each",
    "COL Price": 5,
    "COL ppu": "$5.00 per 1Ea",
    "COL Size": "each"
  },
  {
    "Brand_Product_Size": "Dilmah Exceptional Italian Almond Tea 20 pack",
    "COL Price": 2,
    "COL ppu": "$0.10 per 1Ea",
    "COL Size": "20 pack"
  },
  {
    "Brand_Product_Size": "Lee Kum Kee Soy Sauce 150mL",
    "COL Price": 2.7,
    "COL ppu": "$1.80 per 100mL",
    "COL Size": "150mL"
  },
  {
    "Brand_Product_Size": "Maggi Stir Fry Creations Sweet Chilli Ginger & Lemongrass Chicken 150g",
    "COL Price": 2.7,
    "COL ppu": "$1.80 per 100G",
    "COL Size": "150g"
  },
  {
    "Brand_Product_Size": "Steggles Frozen Crumbed Chicken Nuggets 1kg",
    "COL Price": 12,
    "COL ppu": "$12.00 per 1Kg",
    "COL Size": "1kg"
  },
  {
    "Brand_Product_Size": "Coles Beef 5 Star Extra Lean Mince 500g",
    "COL Price": 10,
    "COL ppu": "$20.00 per 1Kg",
    "COL Size": "500g"
  },
  {
    "Brand_Product_Size": "Yumi's Gluten Free Curried Pumpkin & Spinach Veggie Bites 225g",
    "COL Price": 5.5,
    "COL ppu": "$2.44 per 100G",
    "COL Size": "225g"
  },
  {
    "Brand_Product_Size": "Ice Break Reduced Sugar Iced Coffee 500mL",
    "COL Price": 3.35,
    "COL ppu": "$6.70 per 1L",
    "COL Size": "500mL"
  },
  {
    "Brand_Product_Size": "Mirabella Solar Led Bollard Stake Light each",
    "COL Price": 5.5,
    "COL ppu": "$5.50 per 1Ea",
    "COL Size": "each"
  },
  {
    "Brand_Product_Size": "Duck Deep Action Toilet Gel Pine 750mL",
    "COL Price": 2.5,
    "COL ppu": "$0.33 per 100mL",
    "COL Size": "750mL"
  },
  {
    "Brand_Product_Size": "Lipton Quality Tips Loose Leaf Tea 250g",
    "COL Price": 4.4,
    "COL ppu": "$1.76 per 100G",
    "COL Size": "250g"
  },
  {
    "Brand_Product_Size": "Dari's Table Gluten Free Mediterranean Hummus Dip 200g",
    "COL Price": 5,
    "COL ppu": "$2.50 per 100G",
    "COL Size": "200g"
  },
  {
    "Brand_Product_Size": "Coles Beef Family Roast approx. 1.7kg",
    "COL Price": 22.95,
    "COL ppu": "$13.50 per 1Kg",
    "COL Size": "approx. 1.7kg"
  },
  {
    "Brand_Product_Size": "Wiltshire Staysharp Multipurpose Knife 15cm each",
    "COL Price": 22,
    "COL ppu": "$22.00 per 1Ea",
    "COL Size": "each"
  },
  {
    "Brand_Product_Size": "Uncle Toby's Nutritious Snacks Oat Slice Peanut Butter 140g",
    "COL Price": 5.5,
    "COL ppu": "$3.93 per 100G",
    "COL Size": "140g"
  },
  {
    "Brand_Product_Size": "Golden Circle Fruit Cup Cordial 2L",
    "COL Price": 3,
    "COL ppu": "$1.50 per 1L",
    "COL Size": "2L"
  },
  {
    "Brand_Product_Size": "Aeroplane Blue Heaven Jelly Crystals 85g",
    "COL Price": 1.15,
    "COL ppu": "$1.35 per 100G",
    "COL Size": "85g"
  },
  {
    "Brand_Product_Size": "Gastro Health Fibre Pro Powder 200g",
    "COL Price": 18.99,
    "COL ppu": "$9.50 per 100G",
    "COL Size": "200g"
  },
  {
    "Brand_Product_Size": "Three Threes Sweet Whole Baby Beets 415g",
    "COL Price": 3,
    "COL ppu": "$7.23 per 1Kg",
    "COL Size": "415g"
  },
  {
    "Brand_Product_Size": "Sukin Haircare Sensitive Micellar Conditioner 500mL",
    "COL Price": 18,
    "COL ppu": "$3.60 per 100mL",
    "COL Size": "500mL"
  },
  {
    "Brand_Product_Size": "L'Oreal Waterproof Eye Make Up Remover 125mL",
    "COL Price": 9.73,
    "COL ppu": "$7.78 per 100mL",
    "COL Size": "125mL"
  },
  {
    "Brand_Product_Size": "Earth Choice Dish Wash Concentrate Liquid Green Tea & Lime 900mL",
    "COL Price": 5.35,
    "COL ppu": "$0.59 per 100mL",
    "COL Size": "900mL"
  },
  {
    "Brand_Product_Size": "Maggi Japanese Teriyaki Chicken Fusian Noodles 350g",
    "COL Price": 3.95,
    "COL ppu": "$1.13 per 100G",
    "COL Size": "350g"
  },
  {
    "Brand_Product_Size": "King Island Diary Triple Cream Cheese approx. 100g",
    "COL Price": 6,
    "COL ppu": "$60.00 per 1Kg",
    "COL Size": "approx. 100g"
  },
  {
    "Brand_Product_Size": "Streets Magnum Classic Mini Ice Cream Sticks 6 Pack 360mL",
    "COL Price": 4.5,
    "COL ppu": "$1.25 per 100mL",
    "COL Size": "360mL"
  },
  {
    "Brand_Product_Size": "Dairylea Regular Cheese Slices 36 Pack 648g",
    "COL Price": 6.9,
    "COL ppu": "$10.65 per 1Kg",
    "COL Size": "648g"
  },
  {
    "Brand_Product_Size": "Coles Free Range Pork Shoulder Roast Boneless approx. 1.8kg each",
    "COL Price": 21.6,
    "COL ppu": "$12.00 per 1Kg",
    "COL Size": "approx. 1.8kg each"
  },
  {
    "Brand_Product_Size": "Laucke CWA Scone Mix 1kg",
    "COL Price": 5.15,
    "COL ppu": "$5.15 per 1Kg",
    "COL Size": "1kg"
  },
  {
    "Brand_Product_Size": "Twinings Earl Grey Tea Bags 100 pack 200g",
    "COL Price": 5.6,
    "COL ppu": "$0.06 per 1Ea",
    "COL Size": "200g"
  },
  {
    "Brand_Product_Size": "Bulla Frozen Icecream Vanilla Cream Choc Bars 10 Pack 768mL",
    "COL Price": 7,
    "COL ppu": "$0.91 per 100mL",
    "COL Size": "768mL"
  },
  {
    "Brand_Product_Size": "Taylors Of Harrogate Yorkshire Tea Proper Strong 100 pack",
    "COL Price": 6,
    "COL ppu": "$6.00 per 100G",
    "COL Size": "100 pack"
  },
  {
    "Brand_Product_Size": "Nescafe Sugar Free Mocha Sachets 10 pack",
    "COL Price": 6.3,
    "COL ppu": "$0.63 per 1Ea",
    "COL Size": "10 pack"
  },
  {
    "Brand_Product_Size": "Coles Made Easy Chicken Strips In Souvlaki Seasoning 500g",
    "COL Price": 10,
    "COL ppu": "$20.00 per 1Kg",
    "COL Size": "500g"
  },
  {
    "Brand_Product_Size": "Laucke Spelt Bread Mix 1kg",
    "COL Price": 6.8,
    "COL ppu": "$6.80 per 1Kg",
    "COL Size": "1kg"
  },
  {
    "Brand_Product_Size": "Coles Strawberry Yoghurt 150g",
    "COL Price": 1,
    "COL ppu": "$0.67 per 100G",
    "COL Size": "150g"
  },
  {
    "Brand_Product_Size": "Gotzinger Kransky Jalapeno Cheese each",
    "COL Price": 2,
    "COL ppu": "$2.00 per 1Ea",
    "COL Size": "each"
  },
  {
    "Brand_Product_Size": "Cold Power Front & Top Loader Regular Laundry Liquid 6L",
    "COL Price": 26.5,
    "COL ppu": "$4.42 per 1L",
    "COL Size": "6L"
  },
  {
    "Brand_Product_Size": "Praise Squeeze Beetroot Mayonnaise 250mL",
    "COL Price": 4,
    "COL ppu": "$1.60 per 100mL",
    "COL Size": "250mL"
  },
  {
    "Brand_Product_Size": "Australian Gold Creamy Camembert Cheese 115g",
    "COL Price": 3.6,
    "COL ppu": "$31.30 per 1Kg",
    "COL Size": "115g"
  },
  {
    "Brand_Product_Size": "Western Star Original Salted Butter Pat 500g",
    "COL Price": 6.5,
    "COL ppu": "$13.00 per 1kg",
    "COL Size": "500g"
  },
  {
    "Brand_Product_Size": "Natural Chip Co. Corn Chips Sea Salt 225g",
    "COL Price": 4.5,
    "COL ppu": "$2.00 per 100G",
    "COL Size": "225g"
  },
  {
    "Brand_Product_Size": "Chris's Plant Based Sweet Potato & Cashew Dip 200g",
    "COL Price": 3,
    "COL ppu": "$1.50 per 100G",
    "COL Size": "200g"
  },
  {
    "Brand_Product_Size": "Deeko Collection Dinner Plate 10 pack",
    "COL Price": 5,
    "COL ppu": "$0.50 per 1Ea",
    "COL Size": "10 pack"
  },
  {
    "Brand_Product_Size": "Libra Maternity Extra Long With Wings Pads 10 pack",
    "COL Price": 2.94,
    "COL ppu": "$0.29 per 1Ea",
    "COL Size": "10 pack"
  },
  {
    "Brand_Product_Size": "Coles Fresh Seafood Whole Baby Barramundi approx. 800g",
    "COL Price": 15.2,
    "COL ppu": "$19.00 per 1Kg",
    "COL Size": "approx. 800g"
  },
  {
    "Brand_Product_Size": "Coles Kitchen Pizza Chicken Parma 470g",
    "COL Price": 5,
    "COL ppu": "$1.06 per 100G",
    "COL Size": "470g"
  },
  {
    "Brand_Product_Size": "La Zuppa Moroccan Style Pumpkin & Chickpea Soup Pouch 500g",
    "COL Price": 4.4,
    "COL ppu": "$0.88 per 100G",
    "COL Size": "500g"
  },
  {
    "Brand_Product_Size": "Chux Magic Eraser Bathroom Cleaner Block 2 pack",
    "COL Price": 5.2,
    "COL ppu": "$2.60 per 1Ea",
    "COL Size": "2 pack"
  },
  {
    "Brand_Product_Size": "Maybelline Define A Lash Very Black Mascara 6.5mL",
    "COL Price": 13.3,
    "COL ppu": "$20.46 per 10mL",
    "COL Size": "6.5mL"
  },
  {
    "Brand_Product_Size": "Coles All Butter Mini Croissants 8 Pack 160g",
    "COL Price": 3.5,
    "COL ppu": "$2.19 per 100G",
    "COL Size": "160g"
  },
  {
    "Brand_Product_Size": "Yackandandah Lemon Curd Spread 350g",
    "COL Price": 4.1,
    "COL ppu": "$1.17 per 100G",
    "COL Size": "350g"
  },
  {
    "Brand_Product_Size": "MasterFoods Garlic Powder 155g",
    "COL Price": 5.8,
    "COL ppu": "$0.37 per 10G",
    "COL Size": "155g"
  },
  {
    "Brand_Product_Size": "Dollar Sweets Choc 100s & 1000s 130g",
    "COL Price": 5,
    "COL ppu": "$3.85 per 100G",
    "COL Size": "130g"
  },
  {
    "Brand_Product_Size": "MTR Badam Drink 180mL 6 pack",
    "COL Price": 8.5,
    "COL ppu": "$1.42 per 1Ea",
    "COL Size": "6 pack"
  },
  {
    "Brand_Product_Size": "Orgran Tumeric & Beetroot Wafer Crackers 100g",
    "COL Price": 3.1,
    "COL ppu": "$3.10 per 100G",
    "COL Size": "100g"
  },
  {
    "Brand_Product_Size": "Green's Chunkies Chocolate Chip Cookies Mini Multipack 200g",
    "COL Price": 4.1,
    "COL ppu": "$2.05 per 100G",
    "COL Size": "200g"
  },
  {
    "Brand_Product_Size": "Jalna Greek Style Sweet & Creamy Yoghurt 1kg",
    "COL Price": 7.5,
    "COL ppu": "$0.75 per 100G",
    "COL Size": "1kg"
  },
  {
    "Brand_Product_Size": "OB Finest Gluten Free Wafer Crackers 100g",
    "COL Price": 3,
    "COL ppu": "$3.00 per 100G",
    "COL Size": "100g"
  },
  {
    "Brand_Product_Size": "Brut Antiperspirant Ultra Dry Deodorant For Men 245mL",
    "COL Price": 3.15,
    "COL ppu": "$1.29 per 100mL",
    "COL Size": "245mL"
  },
  {
    "Brand_Product_Size": "Batiste Pretty & Delicate Rose Gold Dry Shampoo 200mL",
    "COL Price": 10,
    "COL ppu": "$5.00 per 100mL",
    "COL Size": "200mL"
  },
  {
    "Brand_Product_Size": "John West Salmon Cor Chilli Lime 95g",
    "COL Price": 2,
    "COL ppu": "$21.05 per 1Kg",
    "COL Size": "95g"
  },
  {
    "Brand_Product_Size": "Korbond Easy Threading Needles each",
    "COL Price": 3.5,
    "COL ppu": "$3.50 per 1Ea",
    "COL Size": "each"
  },
  {
    "Brand_Product_Size": "Cobs Sea Salt Organic Popcorn 80g",
    "COL Price": 3.5,
    "COL ppu": "$4.38 per 100G",
    "COL Size": "80g"
  },
  {
    "Brand_Product_Size": "Health Lab Salted Caramel Protein Balls 3x40g 120g",
    "COL Price": 7.5,
    "COL ppu": "$6.25 per 100G",
    "COL Size": "120g"
  },
  {
    "Brand_Product_Size": "Berocca Energy Vitamin Original Berry 45 Effervescent Tablets 1 pack",
    "COL Price": 22.8,
    "COL ppu": "$22.80 per 1Ea",
    "COL Size": "1 pack"
  },
  {
    "Brand_Product_Size": "Easy Off Bam Power Oven Heavy Duty Cleaner 325g",
    "COL Price": 3.5,
    "COL ppu": "$1.08 per 100G",
    "COL Size": "325g"
  },
  {
    "Brand_Product_Size": "Dettol Healthy Clean Kitchen Spray 500mL",
    "COL Price": 4.5,
    "COL ppu": "$0.90 per 100mL",
    "COL Size": "500mL"
  },
  {
    "Brand_Product_Size": "Nads Natural Sugar Wax Kit 370g",
    "COL Price": 15,
    "COL ppu": "$4.05 per 100G",
    "COL Size": "370g"
  },
  {
    "Brand_Product_Size": "Gourmet Garden Lightly Dried Coriander 8g",
    "COL Price": 3.5,
    "COL ppu": "$4.38 per 10G",
    "COL Size": "8g"
  },
  {
    "Brand_Product_Size": "Murray River Organics Coffee Fruit Muesli 400g",
    "COL Price": 7.5,
    "COL ppu": "$1.88 per 100G",
    "COL Size": "400g"
  },
  {
    "Brand_Product_Size": "Ital Choc Hazelnut Biscotti 170g",
    "COL Price": 2,
    "COL ppu": "$1.18 per 100G",
    "COL Size": "170g"
  },
  {
    "Brand_Product_Size": "Dr. Oetker Frozen Ristorante Hawaii Pizza 355g",
    "COL Price": 7.9,
    "COL ppu": "$2.23 per 100G",
    "COL Size": "355g"
  },
  {
    "Brand_Product_Size": "Coles High Fibre White Sandwich Bread 700g",
    "COL Price": 2.3,
    "COL ppu": "$0.33 per 100G",
    "COL Size": "700g"
  },
  {
    "Brand_Product_Size": "Real Foods Tasty Cheese Corn Thins 125g",
    "COL Price": 2,
    "COL ppu": "$1.60 per 100G",
    "COL Size": "125g"
  },
  {
    "Brand_Product_Size": "Coles Salad Medium Tubs Potato Egg & Bacon Salad Salad medium",
    "COL Price": 6,
    "COL ppu": "$6.00 per 1Ea",
    "COL Size": "medium"
  },
  {
    "Brand_Product_Size": "Coles Corn Kernels 125g",
    "COL Price": 0.85,
    "COL ppu": "$0.68 per 100G",
    "COL Size": "125g"
  },
  {
    "Brand_Product_Size": "Coles No Added Sugar Dark Chocolate With Peppermint 100g",
    "COL Price": 4,
    "COL ppu": "$4.00 per 100G",
    "COL Size": "100g"
  },
  {
    "Brand_Product_Size": "Coles 3-in-1 Sensitive 30 Facial Cleansing Wipes 1 pack",
    "COL Price": 1.8,
    "COL ppu": "$1.80 per 1Ea",
    "COL Size": "1 pack"
  },
  {
    "Brand_Product_Size": "Pauls Zymil Lactose Free Long Life Milk Low Fat 1L",
    "COL Price": 2.25,
    "COL ppu": "$2.25 per 1L",
    "COL Size": "1L"
  },
  {
    "Brand_Product_Size": "Coles Dairy Free Coconut & Mango Flavoured Pops Ice Cream Sticks 8 Pack 600mL",
    "COL Price": 5,
    "COL ppu": "$0.83 per 100mL",
    "COL Size": "600mL"
  },
  {
    "Brand_Product_Size": "Calbee Hot & Spicy Potato Chips 55g",
    "COL Price": 2.5,
    "COL ppu": "$4.55 per 100G",
    "COL Size": "55g"
  },
  {
    "Brand_Product_Size": "Ocean Blue Mini Blinis 168g",
    "COL Price": 5.4,
    "COL ppu": "$32.14 per 1Kg",
    "COL Size": "168g"
  },
  {
    "Brand_Product_Size": "Kellogg's Nutri-Grain Original Cereal Snack Bars 10 pack 240g",
    "COL Price": 4.8,
    "COL ppu": "$2.00 per 100G",
    "COL Size": "240g"
  },
  {
    "Brand_Product_Size": "Cook & Dine White Plastic Teaspoons 20 pack",
    "COL Price": 1,
    "COL ppu": "$0.05 per 1Ea",
    "COL Size": "20 pack"
  },
  {
    "Brand_Product_Size": "Continental Kosher Meatballs 420g",
    "COL Price": 14.75,
    "COL ppu": "$35.12 per 1Kg",
    "COL Size": "420g"
  },
  {
    "Brand_Product_Size": "Oral-B Cross Action Power Dual Clean Electric Toothbrush Medium 1 pack",
    "COL Price": 8.5,
    "COL ppu": "$8.50 per 1Ea",
    "COL Size": "1 pack"
  },
  {
    "Brand_Product_Size": "Golden Wok Frozen Diana Chan's Vegetable Dumplings 230g",
    "COL Price": 7.5,
    "COL ppu": "$3.26 per 100G",
    "COL Size": "230g"
  },
  {
    "Brand_Product_Size": "Coles Bakery French Stick each",
    "COL Price": 1.5,
    "COL ppu": "$1.50 per 1Ea",
    "COL Size": "each"
  },
  {
    "Brand_Product_Size": "Farmer's Table Unsalted Butter 250g",
    "COL Price": 3.25,
    "COL ppu": "$1.30 per 100G",
    "COL Size": "250g"
  },
  {
    "Brand_Product_Size": "Decor Vent & Seal Leak Glass Container 1L each",
    "COL Price": 11,
    "COL ppu": "$11.00 per 1Ea",
    "COL Size": "each"
  },
  {
    "Brand_Product_Size": "Tu Bao Zi Flaky Scallion Pancake 480g",
    "COL Price": 4.8,
    "COL ppu": "$1.00 per 100G",
    "COL Size": "480g"
  },
  {
    "Brand_Product_Size": "Coles Italian Crushed Tomatoes with Mixed Herbs 400g",
    "COL Price": 1.2,
    "COL ppu": "$3.00 per 1Kg",
    "COL Size": "400g"
  },
  {
    "Brand_Product_Size": "Madame Flavour Green Jasmine & Pear Tea Bags18 pack 36g",
    "COL Price": 6.15,
    "COL ppu": "$17.08 per 100G",
    "COL Size": "36g"
  },
  {
    "Brand_Product_Size": "Coles Organic Trail Mix 180g",
    "COL Price": 5,
    "COL ppu": "$27.78 per 1Kg",
    "COL Size": "180g"
  },
  {
    "Brand_Product_Size": "Poise Thin & Discreet Pad Super 6 each",
    "COL Price": 6,
    "COL ppu": "$2.70 per 1KGM",
    "COL Size": "6 each"
  },
  {
    "Brand_Product_Size": "Coles Gluten Free Five Seed Bread 500g",
    "COL Price": 4.5,
    "COL ppu": "$0.90 per 100G",
    "COL Size": "500g"
  },
  {
    "Brand_Product_Size": "Patties Frozen Party Pasties 12 pack 500g",
    "COL Price": 8.5,
    "COL ppu": "$1.70 per 100G",
    "COL Size": "500g"
  },
  {
    "Brand_Product_Size": "Continental Roasted Garlic And Herbs Cook In Bag 40g",
    "COL Price": 2.3,
    "COL ppu": "$5.75 per 100G",
    "COL Size": "40g"
  },
  {
    "Brand_Product_Size": "Yi Feng Dry Starch Ball 250g",
    "COL Price": 3.2,
    "COL ppu": "$1.28 per 100G",
    "COL Size": "250g"
  },
  {
    "Brand_Product_Size": "Pukka Day To Night Collection 20 pack",
    "COL Price": 7.5,
    "COL ppu": "$0.38 per 1Ea",
    "COL Size": "20 pack"
  },
  {
    "Brand_Product_Size": "Tresemme Colour Shineplex Shampoo 675mL",
    "COL Price": 9,
    "COL ppu": "$1.33 per 100mL",
    "COL Size": "675mL"
  },
  {
    "Brand_Product_Size": "Vittoria Inca Peru Coffee Capsules 10 pack",
    "COL Price": 7,
    "COL ppu": "$0.70 per 1Ea",
    "COL Size": "10 pack"
  },
  {
    "Brand_Product_Size": "Pureharvest Organic Rice Cakes 150g",
    "COL Price": 1.7,
    "COL ppu": "$1.13 per 100G",
    "COL Size": "150g"
  },
  {
    "Brand_Product_Size": "Cook & Dine White Plastic Bowls 20 pack",
    "COL Price": 3,
    "COL ppu": "$0.15 per 1Ea",
    "COL Size": "20 pack"
  },
  {
    "Brand_Product_Size": "Coles Fresh Red Cabbage Half each",
    "COL Price": 2,
    "COL ppu": "$2.00 per 1Ea",
    "COL Size": "each"
  },
  {
    "Brand_Product_Size": "Korbond Tape Press 1 pack",
    "COL Price": 2.5,
    "COL ppu": "$2.50 per 1ea",
    "COL Size": "1 pack"
  },
  {
    "Brand_Product_Size": "Danone YoPro Vanilla Yoghurt 160g",
    "COL Price": 2.4,
    "COL ppu": "$1.50 per 100G",
    "COL Size": "160g"
  },
  {
    "Brand_Product_Size": "White King Mould & Soap Scum Remover 500mL",
    "COL Price": 4.5,
    "COL ppu": "$0.90 per 100mL",
    "COL Size": "500mL"
  },
  {
    "Brand_Product_Size": "Coles No Added Hormone Beef Roast Topside apprx. 1.3kg",
    "COL Price": 22.1,
    "COL ppu": "$17.00 per 1Kg",
    "COL Size": "apprx. 1.3kg"
  },
  {
    "Brand_Product_Size": "Mix Fuller Figure Pantyhose 15 Denier Natural Size 1 4 pack",
    "COL Price": 5,
    "COL ppu": "$1.25 per 1Ea",
    "COL Size": "4 pack"
  },
  {
    "Brand_Product_Size": "Quilton 3 Ply Tissues Cooling Menthol & Eucalyptus 95 pack",
    "COL Price": 2.6,
    "COL ppu": "$2.74 per 100Ea",
    "COL Size": "95 pack"
  },
  {
    "Brand_Product_Size": "Genius Gluten Free Wraps 4 pack",
    "COL Price": 6,
    "COL ppu": "$1.50 per 1Ea",
    "COL Size": "4 pack"
  },
  {
    "Brand_Product_Size": "St Dalfour Wild Blueberry Spread 284g",
    "COL Price": 3,
    "COL ppu": "$1.06 per 100G",
    "COL Size": "284g"
  },
  {
    "Brand_Product_Size": "Bosisto's Harmony Diffuser Oil 15mL",
    "COL Price": 17,
    "COL ppu": "$11.33 per 10mL",
    "COL Size": "15mL"
  },
  {
    "Brand_Product_Size": "Coles Grill Lamb Ribs With Sticky BBQ Rub 750g",
    "COL Price": 13.5,
    "COL ppu": "$1.80 per 100G",
    "COL Size": "750g"
  },
  {
    "Brand_Product_Size": "Garnier Pure Active Daily Pore Scrub Wash 150mL",
    "COL Price": 5.75,
    "COL ppu": "$3.83 per 100mL",
    "COL Size": "150mL"
  },
  {
    "Brand_Product_Size": "Master Lock Brass Combination 30mm 1 pack",
    "COL Price": 16,
    "COL ppu": "",
    "COL Size": "1 pack"
  },
  {
    "Brand_Product_Size": "Activia Probiotic Vanilla Yoghurt 4 pack 125g",
    "COL Price": 3.5,
    "COL ppu": "$2.80 per 100G",
    "COL Size": "125g"
  },
  {
    "Brand_Product_Size": "Hoyts Bay Leaves 15g",
    "COL Price": 1.4,
    "COL ppu": "$0.93 per 10G",
    "COL Size": "15g"
  },
  {
    "Brand_Product_Size": "Coles Cold & Flu Day & Night Capsules 24 pack",
    "COL Price": 9.5,
    "COL ppu": "$0.40 per 1Ea",
    "COL Size": "24 pack"
  },
  {
    "Brand_Product_Size": "Harpic Fresh Power6 Toilet Cleaner Tropical Blossom 39g",
    "COL Price": 5,
    "COL ppu": "$12.82 per 100G",
    "COL Size": "39g"
  },
  {
    "Brand_Product_Size": "South Cape Classic Crumbled Fetta Cheese 200g",
    "COL Price": 8.2,
    "COL ppu": "$41.00 per 1Kg",
    "COL Size": "200g"
  },
  {
    "Brand_Product_Size": "Coles Cherry Field Tomatoes Prepacked 250g",
    "COL Price": 2.5,
    "COL ppu": "$10.00 per 1Kg",
    "COL Size": "250g"
  },
  {
    "Brand_Product_Size": "Jelly B Drinkable Konjac Jelly Grape Flavour 150mL",
    "COL Price": 2.7,
    "COL ppu": "$1.80 per 100mL",
    "COL Size": "150mL"
  },
  {
    "Brand_Product_Size": "Pantene Daily Moisture Renewal Conditioner 375mL",
    "COL Price": 8,
    "COL ppu": "$2.13 per 100mL",
    "COL Size": "375mL"
  },
  {
    "Brand_Product_Size": "Doritos Nacho Cheese Corn Chips 170g",
    "COL Price": 1.75,
    "COL ppu": "$1.03 per 100G",
    "COL Size": "170g"
  },
  {
    "Brand_Product_Size": "Wiltshire Staysharp Kitchen Scissors each",
    "COL Price": 18,
    "COL ppu": "$18.00 per 1Ea",
    "COL Size": "each"
  },
  {
    "Brand_Product_Size": "Always Fresh Kalamata Peppers Stuffed Olives 220g",
    "COL Price": 5.4,
    "COL ppu": "$2.45 per 100G",
    "COL Size": "220g"
  },
  {
    "Brand_Product_Size": "Garnier Goodbye Dry Gentle Make-Up Remover 25 Wipes 1 pack",
    "COL Price": 7.6,
    "COL ppu": "$7.60 per 1Ea",
    "COL Size": "1 pack"
  },
  {
    "Brand_Product_Size": "Peckish Lightly Salted Brown Rice Crackers 100g",
    "COL Price": 2.5,
    "COL ppu": "$2.50 per 100G",
    "COL Size": "100g"
  },
  {
    "Brand_Product_Size": "Sharwood's Korean BBQ Asian Pouch 250g",
    "COL Price": 3.5,
    "COL ppu": "$1.40 per 100G",
    "COL Size": "250g"
  },
  {
    "Brand_Product_Size": "Coles Kids Replacement Brush Heads 2 pack",
    "COL Price": 9,
    "COL ppu": "",
    "COL Size": "2 pack"
  },
  {
    "Brand_Product_Size": "Coles Real Chicken Stock 1L",
    "COL Price": 1.9,
    "COL ppu": "$0.19 per 100mL",
    "COL Size": "1L"
  },
  {
    "Brand_Product_Size": "Meat Mates Dog Food Beef Dinner Pouch 100g",
    "COL Price": 2,
    "COL ppu": "$2.00 per 100G",
    "COL Size": "100g"
  },
  {
    "Brand_Product_Size": "Nature's Gift Deli Roll with Beef Potato Carrots  & Peas Dog Food 200g",
    "COL Price": 1.5,
    "COL ppu": "$0.75 per 100G",
    "COL Size": "200g"
  },
  {
    "Brand_Product_Size": "Licenced Back Pack Girls each",
    "COL Price": 15,
    "COL ppu": "$15.00 per 1Ea",
    "COL Size": "each"
  },
  {
    "Brand_Product_Size": "L'Oreal Elvive Colour Protect Purple Shampoo 200mL",
    "COL Price": 4.97,
    "COL ppu": "$2.49 per 100mL",
    "COL Size": "200mL"
  },
  {
    "Brand_Product_Size": "Marys Gone Crackers Super Seed 155g",
    "COL Price": 7.9,
    "COL ppu": "$5.10 per 100G",
    "COL Size": "155g"
  },
  {
    "Brand_Product_Size": "Eskal Falafel Mix 180g",
    "COL Price": 3.59,
    "COL ppu": "$1.99 per 100G",
    "COL Size": "180g"
  },
  {
    "Brand_Product_Size": "Local Legends Sticks Original 25g",
    "COL Price": 2.5,
    "COL ppu": "$10.00 per 100G",
    "COL Size": "25g"
  },
  {
    "Brand_Product_Size": "Colgate Sensitive Pro Relief Enamel Repair Toothpaste 110g",
    "COL Price": 10,
    "COL ppu": "$9.09 per 100G",
    "COL Size": "110g"
  },
  {
    "Brand_Product_Size": "Sharpie Fine Assorted Markers 12 pack",
    "COL Price": 15,
    "COL ppu": "$1.25 per 1Ea",
    "COL Size": "12 pack"
  },
  {
    "Brand_Product_Size": "Coles Kitchen Carrot Sticks 150g",
    "COL Price": 2,
    "COL ppu": "$13.33 per 1Kg",
    "COL Size": "150g"
  },
  {
    "Brand_Product_Size": "Mattel Hot Wheels Gift Pack 5 pack",
    "COL Price": 12,
    "COL ppu": "$12.00 per 1ea",
    "COL Size": "5 pack"
  },
  {
    "Brand_Product_Size": "Gillette Fusion ProGlide Manual Shaving Blade Refill 4 pack",
    "COL Price": 25,
    "COL ppu": "$6.25 per 1Ea",
    "COL Size": "4 pack"
  },
  {
    "Brand_Product_Size": "Oreo Creme Biscuits Choc Split 133g",
    "COL Price": 1.5,
    "COL ppu": "$1.13 per 100G",
    "COL Size": "133g"
  },
  {
    "Brand_Product_Size": "Celebrate Health Gluten Free Vegan Mayo 430mL",
    "COL Price": 5,
    "COL ppu": "$1.16 per 100mL",
    "COL Size": "430mL"
  },
  {
    "Brand_Product_Size": "Alpecin Caffeine C1 Shampoo 250mL",
    "COL Price": 12.5,
    "COL ppu": "$5.00 per 100mL",
    "COL Size": "250mL"
  },
  {
    "Brand_Product_Size": "MasterFoods Vanilla Sugar 65g",
    "COL Price": 2,
    "COL ppu": "$0.31 per 10G",
    "COL Size": "65g"
  },
  {
    "Brand_Product_Size": "Razzamatazz Sheer Reinforced Toe Knee Hi 15 Denier Bonezapper 2 pack",
    "COL Price": 4,
    "COL ppu": "",
    "COL Size": "2 pack"
  },
  {
    "Brand_Product_Size": "Kurrajong Kitchen Lavosh Original 145g",
    "COL Price": 3,
    "COL ppu": "$2.07 per 100G",
    "COL Size": "145g"
  },
  {
    "Brand_Product_Size": "Cook & Dine Induction Base Aluminium Saucepan each",
    "COL Price": 14,
    "COL ppu": "$14.00 per 1Ea",
    "COL Size": "each"
  },
  {
    "Brand_Product_Size": "Old El Paso Tortilla Pockets Kit 375g",
    "COL Price": 5,
    "COL ppu": "$1.33 per 100G",
    "COL Size": "375g"
  },
  {
    "Brand_Product_Size": "Coles Ultimate Apple Pie Cookies 12 Pack 225g",
    "COL Price": 3.5,
    "COL ppu": "$1.56 per 100G",
    "COL Size": "225g"
  },
  {
    "Brand_Product_Size": "Coles Ultimate Peanut Butter Cups Ice Cream Tubs 473mL",
    "COL Price": 6,
    "COL ppu": "$1.27 per 100mL",
    "COL Size": "473mL"
  },
  {
    "Brand_Product_Size": "Mission Low Carb Wraps 6 pack 288g",
    "COL Price": 4,
    "COL ppu": "$1.39 per 100G",
    "COL Size": "288g"
  },
  {
    "Brand_Product_Size": "Duru Bulgur Brown Fine 1kg",
    "COL Price": 2.4,
    "COL ppu": "$2.40 per 1Kg",
    "COL Size": "1kg"
  },
  {
    "Brand_Product_Size": "Bosisto's Stress Roll On 10ml 10mL",
    "COL Price": 15,
    "COL ppu": "$15.00 per 1Ea",
    "COL Size": "10mL"
  },
  {
    "Brand_Product_Size": "Ambi Pur Air Effect Sweet Citrus & Zest 275g",
    "COL Price": 6,
    "COL ppu": "$2.18 per 100G",
    "COL Size": "275g"
  },
  {
    "Brand_Product_Size": "Coles Butter Popcorn 100g",
    "COL Price": 2.2,
    "COL ppu": "$2.20 per 100G",
    "COL Size": "100g"
  },
  {
    "Brand_Product_Size": "Dulcolax Constipation Relief Tablets 80 pack",
    "COL Price": 12,
    "COL ppu": "$0.15 per 1Ea",
    "COL Size": "80 pack"
  },
  {
    "Brand_Product_Size": "Coles Nature's Kitchen Yellow Curry Tempeh 200g",
    "COL Price": 5.35,
    "COL ppu": "$2.68 per 100G",
    "COL Size": "200g"
  },
  {
    "Brand_Product_Size": "Beauty Bites Choc Cherry Coconut 32g",
    "COL Price": 4,
    "COL ppu": "$12.50 per 100G",
    "COL Size": "32g"
  },
  {
    "Brand_Product_Size": "Oreo Cadbury Coated Mint Biscuit 6 x 2 pack 204g",
    "COL Price": 3.8,
    "COL ppu": "$1.86 per 100G",
    "COL Size": "204g"
  },
  {
    "Brand_Product_Size": "Oak Vanilla Malt Flavoured Milk 600mL",
    "COL Price": 3.1,
    "COL ppu": "$5.17 per 1L",
    "COL Size": "600mL"
  },
  {
    "Brand_Product_Size": "Norco Mighty Cool Chocolate Flavoured Milk 250mL",
    "COL Price": 2,
    "COL ppu": "$8.00 per 1L",
    "COL Size": "250mL"
  },
  {
    "Brand_Product_Size": "Coles Deli Salads Tub Jumbo Classic Pasta each",
    "COL Price": 10,
    "COL ppu": "$10.00 per 1Ea",
    "COL Size": "each"
  },
  {
    "Brand_Product_Size": "Cadbury Flake Chocolate Bar 30g",
    "COL Price": 1,
    "COL ppu": "$3.33 per 100G",
    "COL Size": "30g"
  },
  {
    "Brand_Product_Size": "Whittaker's Coconut Milk Chocolate Block 250g",
    "COL Price": 6,
    "COL ppu": "$2.40 per 100G",
    "COL Size": "250g"
  },
  {
    "Brand_Product_Size": "Hoyts Sweet Paprika 190g",
    "COL Price": 3.4,
    "COL ppu": "$0.18 per 10G",
    "COL Size": "190g"
  },
  {
    "Brand_Product_Size": "Coles Orange Flavour Drink 1.25L",
    "COL Price": 1,
    "COL ppu": "$0.80 per 1L",
    "COL Size": "1.25L"
  },
  {
    "Brand_Product_Size": "Continental Value Pack Pasta & Sauce Chicken Curry 150g",
    "COL Price": 3,
    "COL ppu": "$2.00 per 100G",
    "COL Size": "150g"
  },
  {
    "Brand_Product_Size": "Oral-B Fresh Clean Value Pack Soft Toothbrush 5 pack",
    "COL Price": 10.5,
    "COL ppu": "$2.10 per 1Ea",
    "COL Size": "5 pack"
  },
  {
    "Brand_Product_Size": "Earth Choice Ultra Concentrate Front & Top Loader Laundry Liquid 1L",
    "COL Price": 6,
    "COL ppu": "$6.00 per 1L",
    "COL Size": "1L"
  },
  {
    "Brand_Product_Size": "Buono Mochi Ice Mango 156g",
    "COL Price": 5.6,
    "COL ppu": "$3.59 per 100G",
    "COL Size": "156g"
  },
  {
    "Brand_Product_Size": "Green & Blacks Organic Dark Chocolate 90g",
    "COL Price": 3,
    "COL ppu": "$3.33 per 100G",
    "COL Size": "90g"
  },
  {
    "Brand_Product_Size": "Coles Tartare Sauce 230g",
    "COL Price": 2,
    "COL ppu": "$0.87 per 100G",
    "COL Size": "230g"
  },
  {
    "Brand_Product_Size": "Mortein NaturGard Odourless Insect Bomb 3 pack",
    "COL Price": 16,
    "COL ppu": "$4.27 per 100G",
    "COL Size": "3 pack"
  },
  {
    "Brand_Product_Size": "Kikkoman Soy Sauce 150mL",
    "COL Price": 4.2,
    "COL ppu": "$2.80 per 100mL",
    "COL Size": "150mL"
  },
  {
    "Brand_Product_Size": "Tom Organic Period Brief Regular Flow Size S each",
    "COL Price": 15,
    "COL ppu": "$15.00 per 1Ea",
    "COL Size": "each"
  },
  {
    "Brand_Product_Size": "Elevate Healthy Weight Cat Chicken Chunks With Carrot & Pumpkin In gravy 85g",
    "COL Price": 2,
    "COL ppu": "$2.35 per 100G",
    "COL Size": "85g"
  },
  {
    "Brand_Product_Size": "Coles Vanilla Flavoured Meringue Kisses 100g",
    "COL Price": 4,
    "COL ppu": "$4.00 per 100G",
    "COL Size": "100g"
  },
  {
    "Brand_Product_Size": "Klorane Oat Milk Dry Shampoo 150mL",
    "COL Price": 16,
    "COL ppu": "$10.67 per 100mL",
    "COL Size": "150mL"
  },
  {
    "Brand_Product_Size": "Barkers Strawberry & Apple Compote 300g",
    "COL Price": 4.5,
    "COL ppu": "$15.00 per 1Kg",
    "COL Size": "300g"
  },
  {
    "Brand_Product_Size": "Codral Relief Cold & Flu Tablets 10 pack",
    "COL Price": 9,
    "COL ppu": "$0.90 per 1Ea",
    "COL Size": "10 pack"
  },
  {
    "Brand_Product_Size": "Old El Paso Reduced Salt Spice Mix Taco Mild 30g",
    "COL Price": 2,
    "COL ppu": "$0.67 per 10G",
    "COL Size": "30g"
  },
  {
    "Brand_Product_Size": "Swisse Manuka Honey Daily Glow Foaming Cleanser 120mL",
    "COL Price": 6.5,
    "COL ppu": "$5.42 per 100mL",
    "COL Size": "120mL"
  },
  {
    "Brand_Product_Size": "Aeroplane Lime Jelly Crystals 30% Reduced Sugar 85g",
    "COL Price": 1.25,
    "COL ppu": "$1.47 per 100G",
    "COL Size": "85g"
  },
  {
    "Brand_Product_Size": "Ice Break Regular Strength Real Coffee 2L",
    "COL Price": 5,
    "COL ppu": "$2.50 per 1L",
    "COL Size": "2L"
  },
  {
    "Brand_Product_Size": "Difflam Plus Anaesthetic Sore Throat Spray 30mL",
    "COL Price": 19,
    "COL ppu": "$63.34 per 100mL",
    "COL Size": "30mL"
  },
  {
    "Brand_Product_Size": "Benefiber Natural Fibre Supplement 155g",
    "COL Price": 12,
    "COL ppu": "$7.74 per 100G",
    "COL Size": "155g"
  },
  {
    "Brand_Product_Size": "Bref Blue Active In Bowl Eucalyptus Twin Pack 100 gram",
    "COL Price": 7,
    "COL ppu": "",
    "COL Size": "100 gram"
  },
  {
    "Brand_Product_Size": "Cook & Dine Cutlery Set 12 pack",
    "COL Price": 4,
    "COL ppu": "$0.33 per 1Ea",
    "COL Size": "12 pack"
  },
  {
    "Brand_Product_Size": "Johnson & Johnson Baby Bath Wash Top To Toe 500mL",
    "COL Price": 8.99,
    "COL ppu": "$1.80 per 100mL",
    "COL Size": "500mL"
  },
  {
    "Brand_Product_Size": "Aoun Rose Water 500mL",
    "COL Price": 4,
    "COL ppu": "$8.00 per 1L",
    "COL Size": "500mL"
  },
  {
    "Brand_Product_Size": "Connoisseur Cafe Grande Gourmet Ice Cream Tub 1L",
    "COL Price": 7.5,
    "COL ppu": "$0.75 per 100mL",
    "COL Size": "1L"
  },
  {
    "Brand_Product_Size": "Hanabi Frozen Korean Vegetable Gyoza 675g",
    "COL Price": 10,
    "COL ppu": "$1.48 per 100G",
    "COL Size": "675g"
  },
  {
    "Brand_Product_Size": "Kellogg's Just Right Granola Cereal Fusion Almond & Cashew 400g",
    "COL Price": 4.8,
    "COL ppu": "$1.20 per 100G",
    "COL Size": "400g"
  },
  {
    "Brand_Product_Size": "Abbott's Village Bakery Gluten Free Rustic White Bread 500g",
    "COL Price": 6,
    "COL ppu": "$1.20 per 100G",
    "COL Size": "500g"
  },
  {
    "Brand_Product_Size": "Bounce Hazelnut Cacao Brekkie Bar 150g",
    "COL Price": 6,
    "COL ppu": "$4.00 per 100G",
    "COL Size": "150g"
  },
  {
    "Brand_Product_Size": "Keep It Cleaner Nut Butter Filled Balls Cinnamon Bun With Cashew Butter Filling 40g",
    "COL Price": 3.5,
    "COL ppu": "$8.75 per 100G",
    "COL Size": "40g"
  },
  {
    "Brand_Product_Size": "OB Finest Gluten Free Pistachio & Fig Speciality Crackers 130g",
    "COL Price": 6,
    "COL ppu": "$4.62 per 100G",
    "COL Size": "130g"
  },
  {
    "Brand_Product_Size": "Nestle Plaistowe Premium Cocoa 180g",
    "COL Price": 6,
    "COL ppu": "$3.33 per 100G",
    "COL Size": "180g"
  },
  {
    "Brand_Product_Size": "Nature's Way Super Greens Boost 100g",
    "COL Price": 20,
    "COL ppu": "$20.00 per 100G",
    "COL Size": "100g"
  },
  {
    "Brand_Product_Size": "Kb's Raw Prawn 1kg",
    "COL Price": 28,
    "COL ppu": "$28.00 per 1Kg",
    "COL Size": "1kg"
  },
  {
    "Brand_Product_Size": "Coles Fruit Sticks 24 pack 480g",
    "COL Price": 3.55,
    "COL ppu": "$0.74 per 100G",
    "COL Size": "480g"
  },
  {
    "Brand_Product_Size": "MasterFoods Mild American Mustard 250g",
    "COL Price": 3.5,
    "COL ppu": "$1.40 per 100G",
    "COL Size": "250g"
  },
  {
    "Brand_Product_Size": "Coles French Dressing 300mL",
    "COL Price": 1.8,
    "COL ppu": "$0.60 per 100mL",
    "COL Size": "300mL"
  },
  {
    "Brand_Product_Size": "Nivea Men Pure Impact Shower Gel & Body Wash 500mL",
    "COL Price": 6,
    "COL ppu": "$1.20 per 100mL",
    "COL Size": "500mL"
  },
  {
    "Brand_Product_Size": "Coles Kitchen Pasta Salad 800g",
    "COL Price": 5.9,
    "COL ppu": "$7.38 per 1Kg",
    "COL Size": "800g"
  },
  {
    "Brand_Product_Size": "Revlon Colorstay Ultimate Suede Iconic Lipstick 055 2.55g",
    "COL Price": 27,
    "COL ppu": "$105.88 per 10G",
    "COL Size": "2.55g"
  },
  {
    "Brand_Product_Size": "Hershey's Cookies N Creme Cone 4 Pack 512mL",
    "COL Price": 6,
    "COL ppu": "$1.17 per 100mL",
    "COL Size": "512mL"
  },
  {
    "Brand_Product_Size": "Moccona Espresso Coffee Capsules 10 pack 52g",
    "COL Price": 6,
    "COL ppu": "$11.54 per 100G",
    "COL Size": "52g"
  },
  {
    "Brand_Product_Size": "Mother Energy Drink Cans 500mL 4 pack",
    "COL Price": 6.85,
    "COL ppu": "$3.43 per 1L",
    "COL Size": "4 pack"
  },
  {
    "Brand_Product_Size": "Coles Shredded Parmesan Cheese 250g",
    "COL Price": 4.4,
    "COL ppu": "$17.60 per 1Kg",
    "COL Size": "250g"
  },
  {
    "Brand_Product_Size": "Coles Caper Berries 290g",
    "COL Price": 3.5,
    "COL ppu": "$12.07 per 1Kg",
    "COL Size": "290g"
  },
  {
    "Brand_Product_Size": "Coles Chicken Tortellini 600g",
    "COL Price": 4,
    "COL ppu": "$0.67 per 100G",
    "COL Size": "600g"
  },
  {
    "Brand_Product_Size": "Ikina Stainless Steel Double Wall Bottle 600mL each",
    "COL Price": 16,
    "COL ppu": "$16.00 per 1Ea",
    "COL Size": "each"
  },
  {
    "Brand_Product_Size": "Fancy Feast Delights Tuna & Cheddar Canned Cat Food 85g",
    "COL Price": 1.45,
    "COL ppu": "$1.71 per 100G",
    "COL Size": "85g"
  },
  {
    "Brand_Product_Size": "Mr.Chen's Frozen Family Dumpling Pack 20 Pieces 625g",
    "COL Price": 15,
    "COL ppu": "$2.40 per 100G",
    "COL Size": "625g"
  },
  {
    "Brand_Product_Size": "Air Wick Pure Fresh Berries Aerosol 159g",
    "COL Price": 7,
    "COL ppu": "$4.40 per 100G",
    "COL Size": "159g"
  },
  {
    "Brand_Product_Size": "Dairy Farmers Classic Vanilla Malt Milk 500mL",
    "COL Price": 3,
    "COL ppu": "$6.00 per 1L",
    "COL Size": "500mL"
  },
  {
    "Brand_Product_Size": "Pureharvest Organic Apple Juice Bottle 1L",
    "COL Price": 4,
    "COL ppu": "$4.00 per 1L",
    "COL Size": "1L"
  },
  {
    "Brand_Product_Size": "Schwarzkopf Nordic Blonde M1 Streaking Kit 1 pack",
    "COL Price": 20,
    "COL ppu": "$20.00 per 1Ea",
    "COL Size": "1 pack"
  },
  {
    "Brand_Product_Size": "Cook & Dine Coffee First Mug each",
    "COL Price": 4,
    "COL ppu": "$4.00 per 1Ea",
    "COL Size": "each"
  },
  {
    "Brand_Product_Size": "Coles Finest Finest Macaroni & Cheese 700g",
    "COL Price": 14,
    "COL ppu": "$2.00 per 100G",
    "COL Size": "700g"
  },
  {
    "Brand_Product_Size": "Stonefire Roasted Garlic Naan 2 pack 250g",
    "COL Price": 3.5,
    "COL ppu": "$1.40 per 100G",
    "COL Size": "250g"
  },
  {
    "Brand_Product_Size": "Royal Fields Soup Mix Continental 500g",
    "COL Price": 4.5,
    "COL ppu": "$0.90 per 100G",
    "COL Size": "500g"
  },
  {
    "Brand_Product_Size": "Coles Bakery Coconut Drops 12 pack",
    "COL Price": 2,
    "COL ppu": "$0.17 per 1Ea",
    "COL Size": "12 pack"
  },
  {
    "Brand_Product_Size": "Farmers Market Grain Free Chicken Loaf With Carrots & Peas Dog Food 400g",
    "COL Price": 2.75,
    "COL ppu": "$0.69 per 100G",
    "COL Size": "400g"
  },
  {
    "Brand_Product_Size": "Coles Traditional Rolled Oats 500g",
    "COL Price": 2.75,
    "COL ppu": "$0.55 per 100G",
    "COL Size": "500g"
  },
  {
    "Brand_Product_Size": "Sirena La Vita Lite Tuna in Oil 95g",
    "COL Price": 2.7,
    "COL ppu": "$28.42 per 1Kg",
    "COL Size": "95g"
  },
  {
    "Brand_Product_Size": "Glade Sense & Spray Automatic Air Freshener Hawaiian Breeze Refill 12.2g",
    "COL Price": 5.9,
    "COL ppu": "$48.36 per 100G",
    "COL Size": "12.2g"
  },
  {
    "Brand_Product_Size": "Avalanche Caramel Sugar Free Coffee Sachets 10 pack",
    "COL Price": 5.5,
    "COL ppu": "$0.55 per 1Ea",
    "COL Size": "10 pack"
  },
  {
    "Brand_Product_Size": "Nestle NAN Supreme Stage 1 Formula 800g",
    "COL Price": 24,
    "COL ppu": "$3.00 per 100G",
    "COL Size": "800g"
  },
  {
    "Brand_Product_Size": "Obela Smooth Classic Hommus Singles 3 Pack 180g",
    "COL Price": 3,
    "COL ppu": "$1.67 per 100G",
    "COL Size": "180g"
  },
  {
    "Brand_Product_Size": "Coles I'm Free From Iced Carrot Cake 500g",
    "COL Price": 8.5,
    "COL ppu": "$1.70 per 100G",
    "COL Size": "500g"
  },
  {
    "Brand_Product_Size": "Schwarzkopf Extra Care Strong Styling Hair Spray 250g",
    "COL Price": 7,
    "COL ppu": "$2.80 per 100G",
    "COL Size": "250g"
  },
  {
    "Brand_Product_Size": "Bubs Organic Grass Fed Formula Stage 2 Follow On 800g",
    "COL Price": 24,
    "COL ppu": "$3.00 per 100G",
    "COL Size": "800g"
  },
  {
    "Brand_Product_Size": "Coles Tomato & Cheese Spaghetti 420g",
    "COL Price": 0.9,
    "COL ppu": "$0.21 per 100G",
    "COL Size": "420g"
  },
  {
    "Brand_Product_Size": "Coles Pepitas 150g",
    "COL Price": 2,
    "COL ppu": "$13.33 per 1Kg",
    "COL Size": "150g"
  },
  {
    "Brand_Product_Size": "Vegeta Real Gourmet Stock 500g",
    "COL Price": 5.7,
    "COL ppu": "$1.14 per 100G",
    "COL Size": "500g"
  },
  {
    "Brand_Product_Size": "VS Sassoon Led Lighted Mirror 1 pack",
    "COL Price": 30,
    "COL ppu": "$30.00 per 1Ea",
    "COL Size": "1 pack"
  },
  {
    "Brand_Product_Size": "Coles Shave Foam 250g",
    "COL Price": 2.3,
    "COL ppu": "$0.92 per 100G",
    "COL Size": "250g"
  },
  {
    "Brand_Product_Size": "Oral-B 3D White Whitening Therapy Sensitivity Care Toothpaste 95g",
    "COL Price": 12,
    "COL ppu": "$12.63 per 100G",
    "COL Size": "95g"
  },
  {
    "Brand_Product_Size": "Coles Kitchen Creamy Carbonara Sauce 425g",
    "COL Price": 4.2,
    "COL ppu": "$0.99 per 100G",
    "COL Size": "425g"
  },
  {
    "Brand_Product_Size": "Asiago Sliced Porcini Mushrooms 10g",
    "COL Price": 4.3,
    "COL ppu": "$4.30 per 10G",
    "COL Size": "10g"
  },
  {
    "Brand_Product_Size": "Cocobella Pineapple Flavour Pure Coconut Water 250mL",
    "COL Price": 2.15,
    "COL ppu": "$8.60 per 1L",
    "COL Size": "250mL"
  },
  {
    "Brand_Product_Size": "Oral-B Frozen Kids Toothpaste With Sugar Shield  3+ Years 92g",
    "COL Price": 2.8,
    "COL ppu": "$3.04 per 100G",
    "COL Size": "92g"
  },
  {
    "Brand_Product_Size": "Thursday Plantation Tea Tree Manuka Blam 30g",
    "COL Price": 10.4,
    "COL ppu": "$34.67 per 100G",
    "COL Size": "30g"
  },
  {
    "Brand_Product_Size": "Fountain Soy Sauce 250mL",
    "COL Price": 2.7,
    "COL ppu": "$1.08 per 100mL",
    "COL Size": "250mL"
  },
  {
    "Brand_Product_Size": "Kiwi All Day Comfort Insole 1 pair",
    "COL Price": 3,
    "COL ppu": "$1.50 per 1Ea",
    "COL Size": "1 pair"
  },
  {
    "Brand_Product_Size": "Simson's Pantry High Protein Pizza Base 2pack 500g",
    "COL Price": 6.5,
    "COL ppu": "$1.30 per 100G",
    "COL Size": "500g"
  },
  {
    "Brand_Product_Size": "Arnott's Original Chocolate TeeVee Snacks 175g",
    "COL Price": 4,
    "COL ppu": "$2.29 per 100G",
    "COL Size": "175g"
  },
  {
    "Brand_Product_Size": "Arnott's Family Pack Tim Tam Biscuits 365g",
    "COL Price": 4.5,
    "COL ppu": "$1.23 per 100G",
    "COL Size": "365g"
  },
  {
    "Brand_Product_Size": "Coles Frozen Chunky Potato Wedges 750g",
    "COL Price": 2,
    "COL ppu": "$2.67 per 1Kg",
    "COL Size": "750g"
  },
  {
    "Brand_Product_Size": "Pattu Ajwain Seeds 100g",
    "COL Price": 2.7,
    "COL ppu": "$2.70 per 100G",
    "COL Size": "100g"
  },
  {
    "Brand_Product_Size": "Chux Heavy Duty Scourer Sponge 3 pack",
    "COL Price": 3.2,
    "COL ppu": "$1.07 per 1Ea",
    "COL Size": "3 pack"
  },
  {
    "Brand_Product_Size": "Nivea Q10 Plus Eye Cream Anti Wrinkle 15mL",
    "COL Price": 22,
    "COL ppu": "$146.68 per 100mL",
    "COL Size": "15mL"
  },
  {
    "Brand_Product_Size": "Coles Beef Stir Fry Strips 500g",
    "COL Price": 11,
    "COL ppu": "$22.00 per 1Kg",
    "COL Size": "500g"
  },
  {
    "Brand_Product_Size": "Mix Sheer Sockettes 30 Denier Black Size 1 4 pack",
    "COL Price": 3,
    "COL ppu": "$0.75 per 1Ea",
    "COL Size": "4 pack"
  },
  {
    "Brand_Product_Size": "Sharpie Colour Burst 24 pack",
    "COL Price": 24,
    "COL ppu": "$1.00 per 1Ea",
    "COL Size": "24 pack"
  },
  {
    "Brand_Product_Size": "Carman's Dark Choc Macadamia & Coconut Nut Bar 5 pack 160g",
    "COL Price": 6,
    "COL ppu": "$3.75 per 100G",
    "COL Size": "160g"
  },
  {
    "Brand_Product_Size": "Hanabi Premium Pineapple Cut Squid 1kg",
    "COL Price": 14.95,
    "COL ppu": "$14.95 per 1Kg",
    "COL Size": "1kg"
  },
  {
    "Brand_Product_Size": "Coles Greaseproof Paper 30m each",
    "COL Price": 1.4,
    "COL ppu": "$1.40 per 1Ea",
    "COL Size": "each"
  },
  {
    "Brand_Product_Size": "Coles Gluten Free Sliced Pepperoni 200g",
    "COL Price": 5,
    "COL ppu": "$25.00 per 1Kg",
    "COL Size": "200g"
  },
  {
    "Brand_Product_Size": "OB Finest Fig Fruit Paste 100g",
    "COL Price": 5,
    "COL ppu": "$5.00 per 100G",
    "COL Size": "100g"
  },
  {
    "Brand_Product_Size": "Coles Gluten Free Turkish Bread 200g",
    "COL Price": 4.5,
    "COL ppu": "$2.25 per 100G",
    "COL Size": "200g"
  },
  {
    "Brand_Product_Size": "Neutrogena Micellar Cleansing Water 400mL",
    "COL Price": 15,
    "COL ppu": "$3.75 per 100mL",
    "COL Size": "400mL"
  },
  {
    "Brand_Product_Size": "Babylove Unisex Cosifit Walker Nappy 12-17 Kg Size 5 28 pack",
    "COL Price": 14,
    "COL ppu": "$0.50 per 1Ea",
    "COL Size": "28 pack"
  },
  {
    "Brand_Product_Size": "Coles Organic Maca Powder 150g",
    "COL Price": 5.5,
    "COL ppu": "$3.67 per 100G",
    "COL Size": "150g"
  },
  {
    "Brand_Product_Size": "Schwarzkopf Live Pastel Cool Grey Hair Colour each",
    "COL Price": 5,
    "COL ppu": "$5.00 per 1Ea",
    "COL Size": "each"
  },
  {
    "Brand_Product_Size": "Old El Paso Reduced Salt Spice Mix Taco Mild 30g",
    "COL Price": 2,
    "COL ppu": "$0.67 per 10G",
    "COL Size": "30g"
  },
  {
    "Brand_Product_Size": "DJ & A Veggie Crisps Original 90g",
    "COL Price": 3.5,
    "COL ppu": "$3.89 per 100G",
    "COL Size": "90g"
  },
  {
    "Brand_Product_Size": "Halwani Bros Fava Beans 400g",
    "COL Price": 1,
    "COL ppu": "$2.50 per 1Kg",
    "COL Size": "400g"
  },
  {
    "Brand_Product_Size": "Coles Red Tipped Eco Bananas approx. 180g each",
    "COL Price": 0.9,
    "COL ppu": "$5.00 per 1Kg",
    "COL Size": "approx. 180g each"
  },
  {
    "Brand_Product_Size": "Coles Bakery Stone Baked By Laurent Sourdough Baguette each",
    "COL Price": 3.5,
    "COL ppu": "$3.50 per 1Ea",
    "COL Size": "each"
  },
  {
    "Brand_Product_Size": "Nature's Way Kids Smart Probiotic 50 Milk Chocolate Balls 125g",
    "COL Price": 16,
    "COL ppu": "$12.80 per 100G",
    "COL Size": "125g"
  },
  {
    "Brand_Product_Size": "Maggi 2 Minute Noodles Chicken Wholegrain 5 Pack 345g",
    "COL Price": 3.95,
    "COL ppu": "$1.14 per 100G",
    "COL Size": "345g"
  },
  {
    "Brand_Product_Size": "Coles Fragrance free White Facial Tissues 90 pack",
    "COL Price": 0.95,
    "COL ppu": "$1.06 per 100Ea",
    "COL Size": "90 pack"
  },
  {
    "Brand_Product_Size": "Capilano Manuka Honey MGO 100+ Upside Down 340g",
    "COL Price": 19.5,
    "COL ppu": "$5.74 per 100G",
    "COL Size": "340g"
  },
  {
    "Brand_Product_Size": "Pitango Organic Soup Pumpkin & Ginger 600g",
    "COL Price": 6.5,
    "COL ppu": "$1.08 per 100G",
    "COL Size": "600g"
  },
  {
    "Brand_Product_Size": "Barber's English Cheddar approx. 100g",
    "COL Price": 5,
    "COL ppu": "$50.00 per 1Kg",
    "COL Size": "approx. 100g"
  },
  {
    "Brand_Product_Size": "Kiwi All Day Comfort Insole 1 pair",
    "COL Price": 3,
    "COL ppu": "$1.50 per 1Ea",
    "COL Size": "1 pair"
  },
  {
    "Brand_Product_Size": "Raguletto Venetian Style Pasta Sauce 500g",
    "COL Price": 1.8,
    "COL ppu": "$0.36 per 100G",
    "COL Size": "500g"
  },
  {
    "Brand_Product_Size": "Twinings Infuse Pink Grapefruit & Orange Cold Water Infusion 12 Pack 30g",
    "COL Price": 6,
    "COL ppu": "$20.00 per 100G",
    "COL Size": "30g"
  },
  {
    "Brand_Product_Size": "Vibe Palm Held Vegetable Peeler each",
    "COL Price": 14,
    "COL ppu": "$14.00 per 1Ea",
    "COL Size": "each"
  },
  {
    "Brand_Product_Size": "Mum Dry Anitperspirant Active All Day Aerosol Deodorant 100g",
    "COL Price": 3.2,
    "COL ppu": "$3.20 per 100G",
    "COL Size": "100g"
  },
  {
    "Brand_Product_Size": "Optimum Grainfree Dry Cat Food Sensitive Oceanfish 1.8kg",
    "COL Price": 19.8,
    "COL ppu": "$1.10 per 100G",
    "COL Size": "1.8kg"
  },
  {
    "Brand_Product_Size": "Farmers Union Regular Greek Yoghurt 4 pack 640g",
    "COL Price": 4.2,
    "COL ppu": "$0.66 per 100G",
    "COL Size": "640g"
  },
  {
    "Brand_Product_Size": "Spam Hot & Spicy Ham 340g",
    "COL Price": 5.16,
    "COL ppu": "$15.18 per 1Kg",
    "COL Size": "340g"
  },
  {
    "Brand_Product_Size": "Youfoodz Karaage Chicken Poke Bowl 322g",
    "COL Price": 9.95,
    "COL ppu": "$3.09 per 100G",
    "COL Size": "322g"
  },
  {
    "Brand_Product_Size": "Rascal & Friends Eco Nappies Size 5 Walker 32 pack",
    "COL Price": 19,
    "COL ppu": "",
    "COL Size": "32 pack"
  },
  {
    "Brand_Product_Size": "Schweppes Lime Drink 1.1L",
    "COL Price": 2.15,
    "COL ppu": "$1.95 per 1L",
    "COL Size": "1.1L"
  },
  {
    "Brand_Product_Size": "OB Finest Cashew & Rosemary Crackers 150g",
    "COL Price": 6,
    "COL ppu": "$4.00 per 100G",
    "COL Size": "150g"
  },
  {
    "Brand_Product_Size": "Carman's Gourmet Golden Maple Porridge Sachet 320g",
    "COL Price": 4,
    "COL ppu": "$1.25 per 100G",
    "COL Size": "320g"
  },
  {
    "Brand_Product_Size": "Beerenberg Tomato Sauce 300mL",
    "COL Price": 4.75,
    "COL ppu": "$1.58 per 100mL",
    "COL Size": "300mL"
  },
  {
    "Brand_Product_Size": "Coles Choc Coated Ice Creams 10 Pack 865mL",
    "COL Price": 3,
    "COL ppu": "$0.35 per 100mL",
    "COL Size": "865mL"
  },
  {
    "Brand_Product_Size": "Dettol Instant Hand Sanitiser Pump 500mL",
    "COL Price": 14.95,
    "COL ppu": "$2.99 per 100mL",
    "COL Size": "500mL"
  },
  {
    "Brand_Product_Size": "Trill Bird Seed Small Parrot Mix 1.8 kg",
    "COL Price": 6,
    "COL ppu": "",
    "COL Size": "1.8 kg"
  },
  {
    "Brand_Product_Size": "Rafferty's Garden Banana Mini Yoghurt Drops 8M+ 8g",
    "COL Price": 1.9,
    "COL ppu": "$23.75 per 100G",
    "COL Size": "8g"
  },
  {
    "Brand_Product_Size": "L'Oreal Elvive Extraordinary Coconut Oil Mask 300mL",
    "COL Price": 5,
    "COL ppu": "$1.67 per 100mL",
    "COL Size": "300mL"
  },
  {
    "Brand_Product_Size": "Comfort Sheets & Towels Fabric Conditioner 750mL",
    "COL Price": 5,
    "COL ppu": "$6.67 per 1L",
    "COL Size": "750mL"
  },
  {
    "Brand_Product_Size": "Daily Juice Orange Juice Chilled 2L",
    "COL Price": 5,
    "COL ppu": "$2.50 per 1L",
    "COL Size": "2L"
  },
  {
    "Brand_Product_Size": "Primo Stacker Chicken Cheese & Rice Crackers 45g",
    "COL Price": 4,
    "COL ppu": "$0.89 per 10G",
    "COL Size": "45g"
  },
  {
    "Brand_Product_Size": "Earth Choice Floor & Surface Cleaner 1L",
    "COL Price": 3,
    "COL ppu": "$0.30 per 100mL",
    "COL Size": "1L"
  },
  {
    "Brand_Product_Size": "Lavazza Cafe Italiano Classico Ground 250g",
    "COL Price": 7.5,
    "COL ppu": "$3.00 per 100G",
    "COL Size": "250g"
  },
  {
    "Brand_Product_Size": "Sabco Vinyl Disposable Gloves Medium 25 pack",
    "COL Price": 5,
    "COL ppu": "$0.20 per 1Ea",
    "COL Size": "25 pack"
  },
  {
    "Brand_Product_Size": "Suimin Origins Beef Massaman Noodle Bowl 137g",
    "COL Price": 2,
    "COL ppu": "$1.46 per 100G",
    "COL Size": "137g"
  },
  {
    "Brand_Product_Size": "Lucky Flaked Almonds 110g",
    "COL Price": 5,
    "COL ppu": "$45.45 per 1Kg",
    "COL Size": "110g"
  },
  {
    "Brand_Product_Size": "Melrose Almond Naturals Gluten Free Spread 250g",
    "COL Price": 8.95,
    "COL ppu": "$3.58 per 100G",
    "COL Size": "250g"
  },
  {
    "Brand_Product_Size": "Bokomo Pro Nutro Original Instant Porridge Cereal 500g",
    "COL Price": 7.2,
    "COL ppu": "$1.44 per 100G",
    "COL Size": "500g"
  },
  {
    "Brand_Product_Size": "Dairy Farmers A2 Goodness Chocolate Milk 300mL",
    "COL Price": 1.9,
    "COL ppu": "$6.33 per 1L",
    "COL Size": "300mL"
  },
  {
    "Brand_Product_Size": "Meat Mates Dog Food Lamb Dinner Pouch 100g",
    "COL Price": 2,
    "COL ppu": "$2.00 per 100G",
    "COL Size": "100g"
  },
  {
    "Brand_Product_Size": "Grand Kafa Coffee Gold 200g",
    "COL Price": 5.7,
    "COL ppu": "$2.85 per 100G",
    "COL Size": "200g"
  },
  {
    "Brand_Product_Size": "Pepsi Multipack Cans 375mL 10 pack",
    "COL Price": 7.5,
    "COL ppu": "$2.00 per 1L",
    "COL Size": "10 pack"
  },
  {
    "Brand_Product_Size": "Clio Curvy Slim Tights 15D Natural - 2 each",
    "COL Price": 8,
    "COL ppu": "$8.00 per 1Ea",
    "COL Size": "each"
  },
  {
    "Brand_Product_Size": "Montefiore Mascarpone Cheese 250g",
    "COL Price": 5.5,
    "COL ppu": "$22.00 per 1Kg",
    "COL Size": "250g"
  },
  {
    "Brand_Product_Size": "Grillman BBQ Aluminium Large Roasting Trays 2 pack",
    "COL Price": 6,
    "COL ppu": "$3.00 per 1Ea",
    "COL Size": "2 pack"
  },
  {
    "Brand_Product_Size": "Bonsoy Almond Milk 1L",
    "COL Price": 4.8,
    "COL ppu": "$4.80 per 1L",
    "COL Size": "1L"
  },
  {
    "Brand_Product_Size": "Botanica Island Rose & African Geranium Room Spray 236mL",
    "COL Price": 7.5,
    "COL ppu": "$3.18 per 100mL",
    "COL Size": "236mL"
  },
  {
    "Brand_Product_Size": "Carmans Porridge Protein Rich Almond Vanilla & Cinnamon 270g",
    "COL Price": 4,
    "COL ppu": "$1.48 per 100G",
    "COL Size": "270g"
  },
  {
    "Brand_Product_Size": "San Remo Penne Rigati Pasta No 18 500g",
    "COL Price": 1.95,
    "COL ppu": "$0.39 per 100G",
    "COL Size": "500g"
  },
  {
    "Brand_Product_Size": "Ayam Plum Sauce 210mL",
    "COL Price": 3.5,
    "COL ppu": "$1.67 per 100mL",
    "COL Size": "210mL"
  },
  {
    "Brand_Product_Size": "Bulla Creamy Classics Choc Chip Ice Cream Tub 2L",
    "COL Price": 8.5,
    "COL ppu": "$0.43 per 100mL",
    "COL Size": "2L"
  },
  {
    "Brand_Product_Size": "Glico Pocky Strawberry Biscuit Sticks 45g",
    "COL Price": 1.8,
    "COL ppu": "$4.00 per 100G",
    "COL Size": "45g"
  },
  {
    "Brand_Product_Size": "Nature's Own Sleep Ezy Capsules 100 pack",
    "COL Price": 15,
    "COL ppu": "$15.00 per 100Ea",
    "COL Size": "100 pack"
  },
  {
    "Brand_Product_Size": "Schwobs Swiss Farmer Rye White Sour Dough 800g",
    "COL Price": 5.2,
    "COL ppu": "$0.65 per 100G",
    "COL Size": "800g"
  },
  {
    "Brand_Product_Size": "Dairy Farmers Thick & Creamy Yellow Box Honey Yoghurt 150g",
    "COL Price": 2.2,
    "COL ppu": "$1.47 per 100G",
    "COL Size": "150g"
  },
  {
    "Brand_Product_Size": "Cook & Dine Peelers 4 pack",
    "COL Price": 2,
    "COL ppu": "$0.50 per 1Ea",
    "COL Size": "4 pack"
  },
  {
    "Brand_Product_Size": "Latina Gluten Free Beef Ravioli 280g",
    "COL Price": 7.5,
    "COL ppu": "$2.68 per 100G",
    "COL Size": "280g"
  },
  {
    "Brand_Product_Size": "Monday Sensitive Shampoo 350mL",
    "COL Price": 10,
    "COL ppu": "$2.86 per 100mL",
    "COL Size": "350mL"
  },
  {
    "Brand_Product_Size": "Dine Creamy Treats Chicken Flavour Cat Treat 4 pack",
    "COL Price": 3,
    "COL ppu": "$6.25 per 100G",
    "COL Size": "4 pack"
  },
  {
    "Brand_Product_Size": "Coles Pink Salmon 415g",
    "COL Price": 4.7,
    "COL ppu": "$1.13 per 100G",
    "COL Size": "415g"
  },
  {
    "Brand_Product_Size": "Taylors of Harrogate Yorkshire Black Tea Bags 100 pack 220g",
    "COL Price": 4.5,
    "COL ppu": "$0.05 per 1Ea",
    "COL Size": "220g"
  },
  {
    "Brand_Product_Size": "Old El Paso Jumbo Taco Kit Mild 345g",
    "COL Price": 5,
    "COL ppu": "$1.45 per 100G",
    "COL Size": "345g"
  },
  {
    "Brand_Product_Size": "Quit Nits Complete Head Lice Kit 325mL",
    "COL Price": 23.5,
    "COL ppu": "$7.23 per 100mL",
    "COL Size": "325mL"
  },
  {
    "Brand_Product_Size": "Coles Garlic Powder 60g",
    "COL Price": 2.4,
    "COL ppu": "$0.40 per 10G",
    "COL Size": "60g"
  },
  {
    "Brand_Product_Size": "Pepsi Max Creaming Soda 1.25L",
    "COL Price": 1.3,
    "COL ppu": "$1.04 per 1L",
    "COL Size": "1.25L"
  },
  {
    "Brand_Product_Size": "Chaokoh Natural Coconut Water Can 350mL",
    "COL Price": 1.7,
    "COL ppu": "$4.86 per 1L",
    "COL Size": "350mL"
  },
  {
    "Brand_Product_Size": "Hoyts Sesame Seeds 230g",
    "COL Price": 4.45,
    "COL ppu": "$0.19 per 10G",
    "COL Size": "230g"
  },
  {
    "Brand_Product_Size": "Lynx Aerosol Australia Deodorant 165mL",
    "COL Price": 7,
    "COL ppu": "$4.24 per 100mL",
    "COL Size": "165mL"
  },
  {
    "Brand_Product_Size": "Aussie Bodies Shape Lo Carb Salted Caramel Whipped 50g",
    "COL Price": 3,
    "COL ppu": "$6.00 per 100G",
    "COL Size": "50g"
  },
  {
    "Brand_Product_Size": "Master Lock Brass Padlock 40mm Long Shackle 1 pack",
    "COL Price": 14,
    "COL ppu": "",
    "COL Size": "1 pack"
  },
  {
    "Brand_Product_Size": "Coles Tortoiseshell Claw Grips Black 2 pack",
    "COL Price": 5.6,
    "COL ppu": "$2.80 per 1Ea",
    "COL Size": "2 pack"
  },
  {
    "Brand_Product_Size": "Grinders Rich & Bold Espresso Coffee Beans 1kg",
    "COL Price": 20,
    "COL ppu": "$2.00 per 100G",
    "COL Size": "1kg"
  },
  {
    "Brand_Product_Size": "Lucky Slivered Almonds 110g",
    "COL Price": 5,
    "COL ppu": "$45.45 per 1Kg",
    "COL Size": "110g"
  },
  {
    "Brand_Product_Size": "Coles Danish Blue Cheese 100g",
    "COL Price": 3.8,
    "COL ppu": "$3.80 per 100G",
    "COL Size": "100g"
  },
  {
    "Brand_Product_Size": "Tresemme Repair & Protect Shampoo 675mL",
    "COL Price": 9,
    "COL ppu": "$1.33 per 100mL",
    "COL Size": "675mL"
  },
  {
    "Brand_Product_Size": "On The Menu Frozen Chicken Fillet Burger 165g",
    "COL Price": 2.9,
    "COL ppu": "$1.76 per 100G",
    "COL Size": "165g"
  },
  {
    "Brand_Product_Size": "Lemnos Smooth Fetta Cheese 200g",
    "COL Price": 5,
    "COL ppu": "$2.50 per 100G",
    "COL Size": "200g"
  },
  {
    "Brand_Product_Size": "Belvita Fruit and Fibre Breakfast Biscuits 6 Pack 300g",
    "COL Price": 4,
    "COL ppu": "$1.33 per 100G",
    "COL Size": "300g"
  },
  {
    "Brand_Product_Size": "Cetaphil Oily Skin Cleanser 500mL",
    "COL Price": 16.5,
    "COL ppu": "$3.30 per 100mL",
    "COL Size": "500mL"
  },
  {
    "Brand_Product_Size": "Rainmate Poncho Adults Assorted Colours each",
    "COL Price": 5,
    "COL ppu": "$5.00 per 1Ea",
    "COL Size": "each"
  },
  {
    "Brand_Product_Size": "Veet Sensitive Wax Strips for Legs 20 pack",
    "COL Price": 9,
    "COL ppu": "$0.45 per 1Ea",
    "COL Size": "20 pack"
  },
  {
    "Brand_Product_Size": "Mt Franklin Lightly Sparkling Passionfruit 375mL 10 pack",
    "COL Price": 13.75,
    "COL ppu": "$3.67 per 1L",
    "COL Size": "10 pack"
  },
  {
    "Brand_Product_Size": "OB Finest Natural Sourdough Crispbread 110g",
    "COL Price": 5,
    "COL ppu": "$4.55 per 100G",
    "COL Size": "110g"
  },
  {
    "Brand_Product_Size": "Well Naturally Peppermint Chip Milk Chocolate Bar No Added Sugar 45g",
    "COL Price": 2.85,
    "COL ppu": "$6.33 per 100G",
    "COL Size": "45g"
  },
  {
    "Brand_Product_Size": "Coles Large Chilli Bacon Penne Salad each",
    "COL Price": 7,
    "COL ppu": "$7.00 per 1Ea",
    "COL Size": "each"
  },
  {
    "Brand_Product_Size": "Vegie Delights Chickn Style Slices 150g",
    "COL Price": 6,
    "COL ppu": "$4.00 per 100G",
    "COL Size": "150g"
  },
  {
    "Brand_Product_Size": "King Island Dairy Phoques Cove Camembert Cheese 200g",
    "COL Price": 12.6,
    "COL ppu": "$6.30 per 100G",
    "COL Size": "200g"
  },
  {
    "Brand_Product_Size": "Lego Mini Figures each",
    "COL Price": 4,
    "COL ppu": "",
    "COL Size": "each"
  },
  {
    "Brand_Product_Size": "3M Command Adhesive Hook Jumbo each",
    "COL Price": 6.5,
    "COL ppu": "$6.50 per 1ea",
    "COL Size": "each"
  },
  {
    "Brand_Product_Size": "Sard Wonder Ultra Whitening Stain Remover Soaker 1kg",
    "COL Price": 7,
    "COL ppu": "$7.00 per 1Kg",
    "COL Size": "1kg"
  },
  {
    "Brand_Product_Size": "Coles Cinnamon Donuts 12 pack",
    "COL Price": 3,
    "COL ppu": "$0.25 per 1Ea",
    "COL Size": "12 pack"
  },
  {
    "Brand_Product_Size": "McVities Penguins Multipack Mint Chocolate Biscuits 147g",
    "COL Price": 2.8,
    "COL ppu": "$1.90 per 100G",
    "COL Size": "147g"
  },
  {
    "Brand_Product_Size": "Rexona Women Antiperspirant Aerosol Advanced Invisible Dry Pure Deodorant 220mL",
    "COL Price": 7.5,
    "COL ppu": "$3.41 per 100mL",
    "COL Size": "220mL"
  },
  {
    "Brand_Product_Size": "Rimmel Scandaleyes Eye Definer #001 Intense Black 0.28g",
    "COL Price": 8.4,
    "COL ppu": "$300.00 per 10G",
    "COL Size": "0.28g"
  },
  {
    "Brand_Product_Size": "Coles Broccolini Family Pack each",
    "COL Price": 5,
    "COL ppu": "$5.00 per 1Ea",
    "COL Size": "each"
  },
  {
    "Brand_Product_Size": "Coles Symphony Lettuce Prepacked each",
    "COL Price": 3,
    "COL ppu": "$3.00 per 1Ea",
    "COL Size": "each"
  },
  {
    "Brand_Product_Size": "Skin Republic Charcoal Face Mask 1 pack",
    "COL Price": 8,
    "COL ppu": "$8.00 per 1Ea",
    "COL Size": "1 pack"
  },
  {
    "Brand_Product_Size": "Coles Finest Beef Ragu Fettucine 400g",
    "COL Price": 8.5,
    "COL ppu": "$2.13 per 100G",
    "COL Size": "400g"
  },
  {
    "Brand_Product_Size": "Cadbury Favourites Party Pack 570g",
    "COL Price": 20,
    "COL ppu": "$3.51 per 100G",
    "COL Size": "570g"
  },
  {
    "Brand_Product_Size": "Carman's Oat Slice Belgian Chocolate 70g",
    "COL Price": 3.5,
    "COL ppu": "$5.00 per 100G",
    "COL Size": "70g"
  },
  {
    "Brand_Product_Size": "Ozesauce Gluten Free Tomato Sauce 500mL",
    "COL Price": 1.5,
    "COL ppu": "$0.30 per 100mL",
    "COL Size": "500mL"
  },
  {
    "Brand_Product_Size": "Coles Vintage Cheese & Crackers 4 Pack 120g",
    "COL Price": 4,
    "COL ppu": "",
    "COL Size": "120g"
  },
  {
    "Brand_Product_Size": "Devondale Moo Chocolate Flavoured Multipack Milk 200mL 6 pack",
    "COL Price": 4.35,
    "COL ppu": "$3.63 per 1L",
    "COL Size": "6 pack"
  },
  {
    "Brand_Product_Size": "Kleenex Facial Tissues Anti Bacterial Wet Wipes 40 pack",
    "COL Price": 4.4,
    "COL ppu": "$0.11 per 1Ea",
    "COL Size": "40 pack"
  },
  {
    "Brand_Product_Size": "MasterFoods Lemon Pepper Seasoning No Added Salt 50g",
    "COL Price": 3.45,
    "COL ppu": "$0.69 per 10G",
    "COL Size": "50g"
  },
  {
    "Brand_Product_Size": "The Bar Counter Salted Caramel Choc Protein Ball 30g",
    "COL Price": 2.5,
    "COL ppu": "$8.33 per 100G",
    "COL Size": "30g"
  },
  {
    "Brand_Product_Size": "Dainty Food Sabra Houmous Prestige Dip 250g",
    "COL Price": 7.5,
    "COL ppu": "$3.00 per 100G",
    "COL Size": "250g"
  },
  {
    "Brand_Product_Size": "KanTong Honey Soy & Garlic Cooking Sauce 510g",
    "COL Price": 3.3,
    "COL ppu": "$0.65 per 100G",
    "COL Size": "510g"
  },
  {
    "Brand_Product_Size": "John West Skinless Boneless Salmon in Springwater 130g",
    "COL Price": 3.3,
    "COL ppu": "$25.38 per 1Kg",
    "COL Size": "130g"
  },
  {
    "Brand_Product_Size": "Coles Mixer Diet Tonic Water 1.25L",
    "COL Price": 1,
    "COL ppu": "$0.80 per 1L",
    "COL Size": "1.25L"
  },
  {
    "Brand_Product_Size": "Madura Premium Blend Tea Bags 50 pack 100g",
    "COL Price": 4.85,
    "COL ppu": "$4.85 per 100G",
    "COL Size": "100g"
  },
  {
    "Brand_Product_Size": "Gourmet Garden Lightly Dried Garlic 10g",
    "COL Price": 3.5,
    "COL ppu": "$3.50 per 10G",
    "COL Size": "10g"
  },
  {
    "Brand_Product_Size": "Pascall Jubes Lollies 350g",
    "COL Price": 4,
    "COL ppu": "$1.14 per 100G",
    "COL Size": "350g"
  },
  {
    "Brand_Product_Size": "Kvuzat Yavne Pickled Cucumbers In Vinegar 540g",
    "COL Price": 2.5,
    "COL ppu": "$4.63 per 1Kg",
    "COL Size": "540g"
  },
  {
    "Brand_Product_Size": "Garnier Pure Active 3 in 1 Wash Scrub & Mask 150mL",
    "COL Price": 6.25,
    "COL ppu": "$4.17 per 100mL",
    "COL Size": "150mL"
  },
  {
    "Brand_Product_Size": "Coles Red Chilli Prepacked 50g",
    "COL Price": 3,
    "COL ppu": "$60.00 per 1Kg",
    "COL Size": "50g"
  },
  {
    "Brand_Product_Size": "Coles LED Globe Bayonet Cap 650 Lumens 2700k 8 watt 2 pack",
    "COL Price": 10,
    "COL ppu": "$5.00 per 1Ea",
    "COL Size": "2 pack"
  },
  {
    "Brand_Product_Size": "Delicius Anchovies In Olive Oil 58g",
    "COL Price": 4.5,
    "COL ppu": "$77.59 per 1Kg",
    "COL Size": "58g"
  },
  {
    "Brand_Product_Size": "Kellogg's Special K Forest Berries Breakfast Cereal 380g",
    "COL Price": 5.9,
    "COL ppu": "$1.55 per 100G",
    "COL Size": "380g"
  },
  {
    "Brand_Product_Size": "Cook & Dine Masher each",
    "COL Price": 2.5,
    "COL ppu": "$2.50 per 1Ea",
    "COL Size": "each"
  },
  {
    "Brand_Product_Size": "Nature's Gift Casserole Gravy Style Kangaroo & Vegetables Dog Food 100g",
    "COL Price": 1.2,
    "COL ppu": "$1.20 per 100G",
    "COL Size": "100g"
  },
  {
    "Brand_Product_Size": "Earth Choice Eucalyptus Fresh Wool & Delicates Washing Liquid 1L",
    "COL Price": 2.2,
    "COL ppu": "$2.20 per 1L",
    "COL Size": "1L"
  },
  {
    "Brand_Product_Size": "Coles Soft Multigrain Sandwich Loaf 700g",
    "COL Price": 1.75,
    "COL ppu": "$0.25 per 100G",
    "COL Size": "700g"
  },
  {
    "Brand_Product_Size": "Revlon ColorStay Eye Liner Black 0.28g",
    "COL Price": 24,
    "COL ppu": "$857.14 per 10G",
    "COL Size": "0.28g"
  },
  {
    "Brand_Product_Size": "Koi Blood Orange & Ginger Hand Wash 500mL",
    "COL Price": 7,
    "COL ppu": "$1.40 per 100mL",
    "COL Size": "500mL"
  },
  {
    "Brand_Product_Size": "Munchme Cashew Sesame 120g",
    "COL Price": 4.4,
    "COL ppu": "$3.67 per 100G",
    "COL Size": "120g"
  },
  {
    "Brand_Product_Size": "Coles Finest Pork Sausages Blended With Apple & Cider 500g",
    "COL Price": 7.5,
    "COL ppu": "$1.50 per 100G",
    "COL Size": "500g"
  },
  {
    "Brand_Product_Size": "Pascall Fruit Burst Chews Lollies 220g",
    "COL Price": 4,
    "COL ppu": "$1.82 per 100G",
    "COL Size": "220g"
  },
  {
    "Brand_Product_Size": "Coles Made Easy Slow Cooked Pork Shoulder With Apple & BBQ Sauce 480g",
    "COL Price": 12.5,
    "COL ppu": "$2.60 per 100G",
    "COL Size": "480g"
  },
  {
    "Brand_Product_Size": "Kellogg's Nutri-Grain Protein Breakfast Cereal 290g",
    "COL Price": 4.95,
    "COL ppu": "$1.71 per 100G",
    "COL Size": "290g"
  },
  {
    "Brand_Product_Size": "Hold Up Tube 130g",
    "COL Price": 12,
    "COL ppu": "$9.23 per 100G",
    "COL Size": "130g"
  },
  {
    "Brand_Product_Size": "Nescafe Decaffeinated Cappuccino Coffee Sachets 10 pack",
    "COL Price": 6.3,
    "COL ppu": "$0.63 per 1Ea",
    "COL Size": "10 pack"
  },
  {
    "Brand_Product_Size": "Nivea Shower Gel Monoi Oil & Passionfruit 1L",
    "COL Price": 13.7,
    "COL ppu": "$13.70 per 1L",
    "COL Size": "1L"
  },
  {
    "Brand_Product_Size": "Coles Edam Cheese Slices 200g",
    "COL Price": 3.7,
    "COL ppu": "$18.50 per 1Kg",
    "COL Size": "200g"
  },
  {
    "Brand_Product_Size": "Coles Black Seedless Grapes approx. 800g",
    "COL Price": 3.92,
    "COL ppu": "$4.90 per 1Kg",
    "COL Size": "approx. 800g"
  },
  {
    "Brand_Product_Size": "Australian Botanical Bar Soap Lychee & Paw Paw Extract 200g",
    "COL Price": 4,
    "COL ppu": "$2.00 per 100G",
    "COL Size": "200g"
  },
  {
    "Brand_Product_Size": "Crest 24 Hour Timer 1 Socket each",
    "COL Price": 9,
    "COL ppu": "$9.00 per 1Ea",
    "COL Size": "each"
  },
  {
    "Brand_Product_Size": "OB Finest Apricot & Hazelnut Crackers 150g",
    "COL Price": 6,
    "COL ppu": "$4.00 per 100G",
    "COL Size": "150g"
  },
  {
    "Brand_Product_Size": "Coles Dairy Free Barista Soy Milk 1L",
    "COL Price": 2.5,
    "COL ppu": "$2.50 per 1L",
    "COL Size": "1L"
  },
  {
    "Brand_Product_Size": "Peckish Tangy BBQ Rice Crackers 100g",
    "COL Price": 2.2,
    "COL ppu": "$2.20 per 100G",
    "COL Size": "100g"
  },
  {
    "Brand_Product_Size": "Coles Kitchen Bolognese Bake 350g",
    "COL Price": 7.5,
    "COL ppu": "$2.14 per 100G",
    "COL Size": "350g"
  },
  {
    "Brand_Product_Size": "Greens Muffin Mix 1.5kg",
    "COL Price": 9,
    "COL ppu": "$0.60 per 100G",
    "COL Size": "1.5kg"
  },
  {
    "Brand_Product_Size": "Food For Health Liver Cleansing Wheat Free Muesli 475g",
    "COL Price": 8,
    "COL ppu": "$1.68 per 100G",
    "COL Size": "475g"
  },
  {
    "Brand_Product_Size": "Vital Strength Creatine Booster Powder 300g",
    "COL Price": 21.95,
    "COL ppu": "$7.32 per 100G",
    "COL Size": "300g"
  },
  {
    "Brand_Product_Size": "Devondale Full Cream Long Life Milk 6 pack 1.2L",
    "COL Price": 3.2,
    "COL ppu": "$2.67 per 1L",
    "COL Size": "1.2L"
  },
  {
    "Brand_Product_Size": "Maximus Bring It On Blue Isotonic Sports Drink 1L",
    "COL Price": 3.2,
    "COL ppu": "$3.20 per 1L",
    "COL Size": "1L"
  },
  {
    "Brand_Product_Size": "Coles Kitchen Mac & Cheese Balls 240g",
    "COL Price": 6,
    "COL ppu": "$2.50 per 100G",
    "COL Size": "240g"
  },
  {
    "Brand_Product_Size": "Eureka Lavender Soluble Solution Water 100mL",
    "COL Price": 9,
    "COL ppu": "$9.00 per 100mL",
    "COL Size": "100mL"
  },
  {
    "Brand_Product_Size": "Coles Kitchen Superfood Salad Bowl 185g",
    "COL Price": 6,
    "COL ppu": "$3.24 per 100G",
    "COL Size": "185g"
  },
  {
    "Brand_Product_Size": "Nailene So Natural Everyday French Beige Fashion Nails 24 pack",
    "COL Price": 17,
    "COL ppu": "$0.71 per 1Ea",
    "COL Size": "24 pack"
  },
  {
    "Brand_Product_Size": "Eskal Bismark Herring 500g",
    "COL Price": 5.6,
    "COL ppu": "$11.20 per 1Kg",
    "COL Size": "500g"
  },
  {
    "Brand_Product_Size": "Liddells Lactose Free Shredded Pizza Blend 225g",
    "COL Price": 5.7,
    "COL ppu": "$25.33 per 1Kg",
    "COL Size": "225g"
  },
  {
    "Brand_Product_Size": "McCain Frozen Supreme Family Pizza 500g",
    "COL Price": 5.5,
    "COL ppu": "$1.10 per 100G",
    "COL Size": "500g"
  },
  {
    "Brand_Product_Size": "Maggi 2 Minute Noodles Masala 560g",
    "COL Price": 2.5,
    "COL ppu": "$0.45 per 100G",
    "COL Size": "560g"
  },
  {
    "Brand_Product_Size": "McCain Supreme Pizza Slices 600g",
    "COL Price": 7.5,
    "COL ppu": "$1.25 per 100G",
    "COL Size": "600g"
  },
  {
    "Brand_Product_Size": "Mix Knee Highs Black 1 Size 2 pack",
    "COL Price": 5,
    "COL ppu": "$2.50 per 1Ea",
    "COL Size": "2 pack"
  },
  {
    "Brand_Product_Size": "Clairol Nice N Easy Repair 5G Medium Golden Brown Hair Colour 177mL",
    "COL Price": 11,
    "COL ppu": "$6.21 per 100mL",
    "COL Size": "177mL"
  },
  {
    "Brand_Product_Size": "Raguletto Napolitana Pasta Sauce 500g",
    "COL Price": 1.8,
    "COL ppu": "$0.36 per 100G",
    "COL Size": "500g"
  },
  {
    "Brand_Product_Size": "Ottogi Jin Ramen Cup Noodle Mild 65g",
    "COL Price": 1.9,
    "COL ppu": "$2.92 per 100G",
    "COL Size": "65g"
  },
  {
    "Brand_Product_Size": "Poulings Sliced Beef 290g",
    "COL Price": 7.5,
    "COL ppu": "$2.59 per 100G",
    "COL Size": "290g"
  },
  {
    "Brand_Product_Size": "Ogx Conditioner Coconut Milk 750mL",
    "COL Price": 19.2,
    "COL ppu": "$2.56 per 100mL",
    "COL Size": "750mL"
  },
  {
    "Brand_Product_Size": "Coles Total Care Toothpaste 140g",
    "COL Price": 1.5,
    "COL ppu": "$1.07 per 100G",
    "COL Size": "140g"
  },
  {
    "Brand_Product_Size": "MTR Chana Masala Medium 300g",
    "COL Price": 2.75,
    "COL ppu": "$0.92 per 100G",
    "COL Size": "300g"
  },
  {
    "Brand_Product_Size": "Lavazza Qualita Oro Medium Roast Smooth Coffee Beans 500g",
    "COL Price": 8,
    "COL ppu": "$1.60 per 100G",
    "COL Size": "500g"
  },
  {
    "Brand_Product_Size": "Philadelphia Original Cream Cheese Block 250g",
    "COL Price": 4.7,
    "COL ppu": "$1.88 per 100G",
    "COL Size": "250g"
  },
  {
    "Brand_Product_Size": "The Natural Confectionary Co. Rainbow Snakes Lollies 220g",
    "COL Price": 2,
    "COL ppu": "$0.91 per 100G",
    "COL Size": "220g"
  },
  {
    "Brand_Product_Size": "Coles Kitchen Sandwich Chicken 186g",
    "COL Price": 7,
    "COL ppu": "$3.76 per 100G",
    "COL Size": "186g"
  },
  {
    "Brand_Product_Size": "Moccona Espresso Style Bold & Intense Instant Coffee 200g",
    "COL Price": 13,
    "COL ppu": "$6.50 per 100G",
    "COL Size": "200g"
  },
  {
    "Brand_Product_Size": "Kynd Fish Oil Double Strength 50 pack",
    "COL Price": 15,
    "COL ppu": "$30.00 per 100Ea",
    "COL Size": "50 pack"
  },
  {
    "Brand_Product_Size": "Back To Basics Veggie Cracker Cauliflower Sweet Potato 45g",
    "COL Price": 2.8,
    "COL ppu": "$6.22 per 100G",
    "COL Size": "45g"
  },
  {
    "Brand_Product_Size": "Yumi's Gluten Free Classic Sweet Potato & Roasted Cashews Dip 200g",
    "COL Price": 3,
    "COL ppu": "$1.50 per 100G",
    "COL Size": "200g"
  },
  {
    "Brand_Product_Size": "Sanitarium So Good Long Life Lite Soy Milk 1L 1L",
    "COL Price": 1.9,
    "COL ppu": "$1.90 per 1L",
    "COL Size": "1L"
  },
  {
    "Brand_Product_Size": "KOi Natural Alcohol Hand Sanitiser 50mL",
    "COL Price": 5,
    "COL ppu": "$10.00 per 100mL",
    "COL Size": "50mL"
  },
  {
    "Brand_Product_Size": "Voss Artesian Still Spring Water 800mL",
    "COL Price": 4.65,
    "COL ppu": "$5.81 per 1L",
    "COL Size": "800mL"
  },
  {
    "Brand_Product_Size": "Continental Naturally Tasty Beef Stew Recipe Mix 63g",
    "COL Price": 2.4,
    "COL ppu": "$3.81 per 100G",
    "COL Size": "63g"
  },
  {
    "Brand_Product_Size": "Schweppes Lemonade 2L",
    "COL Price": 2.15,
    "COL ppu": "$1.08 per 1L",
    "COL Size": "2L"
  },
  {
    "Brand_Product_Size": "Maggi Stir Fry Creations Chinese BBQ Pork 150g",
    "COL Price": 2.7,
    "COL ppu": "$1.80 per 100G",
    "COL Size": "150g"
  },
  {
    "Brand_Product_Size": "Decor Xl Double Wall Smoothie Tumbler 650mL each",
    "COL Price": 16.8,
    "COL ppu": "$16.80 per 1Ea",
    "COL Size": "each"
  },
  {
    "Brand_Product_Size": "Yumi's Classic Potato & Spring Onion 200g",
    "COL Price": 3,
    "COL ppu": "$1.50 per 100G",
    "COL Size": "200g"
  },
  {
    "Brand_Product_Size": "Schweppes Lime Flavour Soda Water With Lime Juice 1.1L",
    "COL Price": 2.15,
    "COL ppu": "$1.95 per 1L",
    "COL Size": "1.1L"
  },
  {
    "Brand_Product_Size": "Coles Kitchen Special Burger Slaw Kit 350g",
    "COL Price": 5,
    "COL ppu": "$1.43 per 100G",
    "COL Size": "350g"
  },
  {
    "Brand_Product_Size": "Coles Red Onions Prepacked 1kg",
    "COL Price": 3,
    "COL ppu": "$3.00 per 1Kg",
    "COL Size": "1kg"
  },
  {
    "Brand_Product_Size": "Que Cola Cola Multipack Cans 375mL 12 pack",
    "COL Price": 6.82,
    "COL ppu": "$1.52 per 1L",
    "COL Size": "12 pack"
  },
  {
    "Brand_Product_Size": "Rafferty's Garden Tuna & Garden Vegetable 6M+ 120g",
    "COL Price": 1.9,
    "COL ppu": "$1.58 per 100G",
    "COL Size": "120g"
  },
  {
    "Brand_Product_Size": "Nature's Way Magnesium Oil Topical Spray 250mL",
    "COL Price": 20,
    "COL ppu": "$8.00 per 100mL",
    "COL Size": "250mL"
  },
  {
    "Brand_Product_Size": "Drovers Choice Beef Eye Fillet Piece approx. 1.3kg each",
    "COL Price": 49.4,
    "COL ppu": "$38.00 per 1Kg",
    "COL Size": "approx. 1.3kg each"
  },
  {
    "Brand_Product_Size": "Nestle KitKat Gold White Chocolate With Caramelised Break 45g",
    "COL Price": 2,
    "COL ppu": "$4.44 per 100G",
    "COL Size": "45g"
  },
  {
    "Brand_Product_Size": "Lifebuoy Hand Sanitiser Spray 150mL",
    "COL Price": 7.5,
    "COL ppu": "$5.00 per 100mL",
    "COL Size": "150mL"
  },
  {
    "Brand_Product_Size": "Nivea Sun Light Feel Sunscreen Lotion Moisturiser SPF30 200mL",
    "COL Price": 16,
    "COL ppu": "$8.00 per 100mL",
    "COL Size": "200mL"
  },
  {
    "Brand_Product_Size": "Coles Frozen Party Sausage Rolls 12 pack 500g",
    "COL Price": 4.9,
    "COL ppu": "$0.98 per 100G",
    "COL Size": "500g"
  },
  {
    "Brand_Product_Size": "India Gate Exotic Basmati Rice 5kg",
    "COL Price": 20,
    "COL ppu": "$4.00 per 1Kg",
    "COL Size": "5kg"
  },
  {
    "Brand_Product_Size": "Coles Two Fruits In Strawberry Flavoured Jelly 4 Pack 500g",
    "COL Price": 2.2,
    "COL ppu": "$4.40 per 1Kg",
    "COL Size": "500g"
  },
  {
    "Brand_Product_Size": "Luv A Duck Frozen Slow Cooked Peking Duck Legs 400g",
    "COL Price": 11,
    "COL ppu": "$2.75 per 100G",
    "COL Size": "400g"
  },
  {
    "Brand_Product_Size": "Santa Vittoria Azurra Frizzante Sparkling Mineral Water 750mL",
    "COL Price": 2.99,
    "COL ppu": "$3.99 per 1L",
    "COL Size": "750mL"
  },
  {
    "Brand_Product_Size": "Keens Mustard Powder 50g",
    "COL Price": 4.2,
    "COL ppu": "$0.84 per 10G",
    "COL Size": "50g"
  },
  {
    "Brand_Product_Size": "Banana Boat Face & Body UV Moisture SPF 50+ 120mL",
    "COL Price": 15,
    "COL ppu": "$12.50 per 100mL",
    "COL Size": "120mL"
  },
  {
    "Brand_Product_Size": "Moccona Ristretto Freeze Dried Coffee Intensity 12 200g",
    "COL Price": 16,
    "COL ppu": "$8.00 per 100G",
    "COL Size": "200g"
  },
  {
    "Brand_Product_Size": "Ocean Blue Sliced Smoked Salmon 180g",
    "COL Price": 10,
    "COL ppu": "$5.56 per 100G",
    "COL Size": "180g"
  },
  {
    "Brand_Product_Size": "Lean Cuisine Indian Butter Chicken 375g",
    "COL Price": 4.5,
    "COL ppu": "$1.20 per 100G",
    "COL Size": "375g"
  },
  {
    "Brand_Product_Size": "Coles Deli Thawed Cooked Large Black Tiger Prawns approx. 250g",
    "COL Price": 7.5,
    "COL ppu": "$30.00 per 1Kg",
    "COL Size": "approx. 250g"
  },
  {
    "Brand_Product_Size": "Meredith Dairy Fresh Chevre Goat Cheese 80g",
    "COL Price": 5,
    "COL ppu": "$62.50 per 1Kg",
    "COL Size": "80g"
  },
  {
    "Brand_Product_Size": "Cook & Dine Measuring Jug 1L each",
    "COL Price": 5,
    "COL ppu": "$5.00 per 1Ea",
    "COL Size": "each"
  },
  {
    "Brand_Product_Size": "Toni & Guy Strengthplex Conditioner 50mL",
    "COL Price": 5,
    "COL ppu": "$10.00 per 100mL",
    "COL Size": "50mL"
  },
  {
    "Brand_Product_Size": "Holbrooks Worcestershire Sauce 250mL",
    "COL Price": 3.3,
    "COL ppu": "$1.32 per 100mL",
    "COL Size": "250mL"
  },
  {
    "Brand_Product_Size": "Vitasoy Almond Barista Milk 1L",
    "COL Price": 4,
    "COL ppu": "$4.00 per 1L",
    "COL Size": "1L"
  },
  {
    "Brand_Product_Size": "La Zuppa Minestrone Microwavable Soup Bowl 420g",
    "COL Price": 4,
    "COL ppu": "$0.95 per 100G",
    "COL Size": "420g"
  },
  {
    "Brand_Product_Size": "Wellness Road Pumpkin Kernels 300g",
    "COL Price": 4.8,
    "COL ppu": "$1.60 per 100G",
    "COL Size": "300g"
  },
  {
    "Brand_Product_Size": "Coles Wafer Thin Original Crackers 100g",
    "COL Price": 2,
    "COL ppu": "$2.00 per 100G",
    "COL Size": "100g"
  },
  {
    "Brand_Product_Size": "Nurofen Cold and Flu Multi-Symptom Relief Tablets 200mg Ibuprofen 12 pack",
    "COL Price": 9,
    "COL ppu": "$0.75 per 1Ea",
    "COL Size": "12 pack"
  },
  {
    "Brand_Product_Size": "Sharwood's Rogan Josh Simmer Sauce 420g",
    "COL Price": 3,
    "COL ppu": "$0.71 per 100G",
    "COL Size": "420g"
  },
  {
    "Brand_Product_Size": "Massel Salt Reduced Chicken Style Stock Powder 140g",
    "COL Price": 3.45,
    "COL ppu": "$0.25 per 10G",
    "COL Size": "140g"
  },
  {
    "Brand_Product_Size": "Vittoria Colombia Coffee Capsules 10 pack",
    "COL Price": 7,
    "COL ppu": "$0.70 per 1Ea",
    "COL Size": "10 pack"
  },
  {
    "Brand_Product_Size": "Colgate Total Advanced Clean Toothpaste 200g",
    "COL Price": 8,
    "COL ppu": "$4.00 per 100G",
    "COL Size": "200g"
  },
  {
    "Brand_Product_Size": "Coles Kids Size Mandarins Prepacked 700g",
    "COL Price": 4.9,
    "COL ppu": "$7.00 per 1Kg",
    "COL Size": "700g"
  },
  {
    "Brand_Product_Size": "Tresemme Professional Conditioner Colour Revitalise 900mL",
    "COL Price": 7,
    "COL ppu": "$0.78 per 100mL",
    "COL Size": "900mL"
  },
  {
    "Brand_Product_Size": "Pirro Macherroni Al Ferretto Pasta 500g",
    "COL Price": 4.95,
    "COL ppu": "$0.99 per 100G",
    "COL Size": "500g"
  },
  {
    "Brand_Product_Size": "L'Oreal Paris Magic Retouch Medium To Dark Blonde Root Concealer Spray 75mL",
    "COL Price": 12.8,
    "COL ppu": "$17.07 per 100mL",
    "COL Size": "75mL"
  },
  {
    "Brand_Product_Size": "Food For Health Nutty Almond Fruit Free Clusters 425g",
    "COL Price": 8,
    "COL ppu": "$1.88 per 100G",
    "COL Size": "425g"
  },
  {
    "Brand_Product_Size": "Edgell Sauerkraut 410g",
    "COL Price": 3.2,
    "COL ppu": "$7.81 per 1Kg",
    "COL Size": "410g"
  },
  {
    "Brand_Product_Size": "Oreo Creme Biscuits Double Stuff 147g",
    "COL Price": 1.5,
    "COL ppu": "$1.02 per 100G",
    "COL Size": "147g"
  },
  {
    "Brand_Product_Size": "Barilla Mulino Bianco Pan Di Stelle 200g",
    "COL Price": 4.5,
    "COL ppu": "$2.25 per 100G",
    "COL Size": "200g"
  },
  {
    "Brand_Product_Size": "Kellogg's Froot Loops Breakfast Cereal 500g",
    "COL Price": 4.25,
    "COL ppu": "$0.85 per 100G",
    "COL Size": "500g"
  },
  {
    "Brand_Product_Size": "Nature's Own Magnesium Chelate 500mg Tablets 75 pack",
    "COL Price": 12,
    "COL ppu": "$16.00 per 100Ea",
    "COL Size": "75 pack"
  },
  {
    "Brand_Product_Size": "Medela Spare Teats Medium Flow 2 pack",
    "COL Price": 8.3,
    "COL ppu": "$4.15 per 1Ea",
    "COL Size": "2 pack"
  },
  {
    "Brand_Product_Size": "Golden Wok Frozen Diana Chan's Szechuan Pork Dumplings 230g",
    "COL Price": 7.5,
    "COL ppu": "$3.26 per 100G",
    "COL Size": "230g"
  },
  {
    "Brand_Product_Size": "Naturopathica Curcumax Daily Care 3100mg Tablets 80 pack",
    "COL Price": 25,
    "COL ppu": "$0.31 per 1Ea",
    "COL Size": "80 pack"
  },
  {
    "Brand_Product_Size": "Dove Pear and Aloe Vera Body Wash 1L",
    "COL Price": 13.7,
    "COL ppu": "$1.37 per 100mL",
    "COL Size": "1L"
  },
  {
    "Brand_Product_Size": "Marion's Kitchen Coconut Sriracha Sauce 360mL",
    "COL Price": 5,
    "COL ppu": "$1.39 per 100mL",
    "COL Size": "360mL"
  },
  {
    "Brand_Product_Size": "Musashi Deluxe High Protein Peanut Crunch 60g",
    "COL Price": 3,
    "COL ppu": "$5.00 per 100G",
    "COL Size": "60g"
  },
  {
    "Brand_Product_Size": "Basilio Chicken Instant Pasta Cup 55g",
    "COL Price": 2.5,
    "COL ppu": "$4.55 per 100G",
    "COL Size": "55g"
  },
  {
    "Brand_Product_Size": "Coles Smoke Flavoured Cheese Slices 12 Pack 250g",
    "COL Price": 2.9,
    "COL ppu": "$1.16 per 100G",
    "COL Size": "250g"
  },
  {
    "Brand_Product_Size": "Coles Frozen Beef Burgers 4 pack 500g",
    "COL Price": 7.7,
    "COL ppu": "$15.40 per 1Kg",
    "COL Size": "500g"
  },
  {
    "Brand_Product_Size": "Wiltshire Measuring Cups 4 pack",
    "COL Price": 15,
    "COL ppu": "$3.75 per 1Ea",
    "COL Size": "4 pack"
  },
  {
    "Brand_Product_Size": "Coles Beef Rump Steak approx. 844g",
    "COL Price": 20.256,
    "COL ppu": "$24.00 per 1Kg",
    "COL Size": "approx. 844g"
  },
  {
    "Brand_Product_Size": "Nature's Way Beauty Collagen Mature Skin Verisol Collagen + Vitamin A 60 pack",
    "COL Price": 35,
    "COL ppu": "$0.58 per 1Ea",
    "COL Size": "60 pack"
  },
  {
    "Brand_Product_Size": "Lucky Natural Cashew Nuts 150g",
    "COL Price": 5,
    "COL ppu": "$33.34 per 1Kg",
    "COL Size": "150g"
  },
  {
    "Brand_Product_Size": "Laucke Barossa Sour Dough Bread Mix 2.4kg",
    "COL Price": 10.25,
    "COL ppu": "$4.27 per 1Kg",
    "COL Size": "2.4kg"
  },
  {
    "Brand_Product_Size": "Coles Finest British Yorkshire Wensleydale & Cranberries approx. 100g",
    "COL Price": 4,
    "COL ppu": "$40.00 per 1Kg",
    "COL Size": "approx. 100g"
  },
  {
    "Brand_Product_Size": "Food Store Stack Rectangle Container 1 litre each",
    "COL Price": 2,
    "COL ppu": "$2.00 per 1Ea",
    "COL Size": "each"
  },
  {
    "Brand_Product_Size": "Gullon Sugar Free Shortbread 330g",
    "COL Price": 4.4,
    "COL ppu": "$1.33 per 100G",
    "COL Size": "330g"
  },
  {
    "Brand_Product_Size": "Keens Curry Powder 120g",
    "COL Price": 4.65,
    "COL ppu": "$0.39 per 10G",
    "COL Size": "120g"
  },
  {
    "Brand_Product_Size": "Nescafe Gold Intense Coffee 200g",
    "COL Price": 11.5,
    "COL ppu": "$5.75 per 100G",
    "COL Size": "200g"
  },
  {
    "Brand_Product_Size": "Coles Traditional Bocconcini 210g",
    "COL Price": 4,
    "COL ppu": "$19.05 per 1Kg",
    "COL Size": "210g"
  },
  {
    "Brand_Product_Size": "Proud & Punch Mini Pops Variety Pack 8 Sticks 360mL",
    "COL Price": 6,
    "COL ppu": "$1.67 per 100mL",
    "COL Size": "360mL"
  },
  {
    "Brand_Product_Size": "Gillette Blue 11 Plus Razors 20 pack",
    "COL Price": 16.5,
    "COL ppu": "$0.83 per 1Ea",
    "COL Size": "20 pack"
  },
  {
    "Brand_Product_Size": "Cook & Dine Pizza Tray each",
    "COL Price": 6,
    "COL ppu": "$6.00 per 1Ea",
    "COL Size": "each"
  },
  {
    "Brand_Product_Size": "Don Ham On The Bone approx. 125g each",
    "COL Price": 3.9375,
    "COL ppu": "$31.50 per 1Kg",
    "COL Size": "approx. 125g each"
  },
  {
    "Brand_Product_Size": "Passage Foods Passage To Asia Teriyaki Chicken Stir Fry Sauce 200g",
    "COL Price": 3,
    "COL ppu": "$1.50 per 100G",
    "COL Size": "200g"
  },
  {
    "Brand_Product_Size": "Nutrisoy Organic Tasty Tempeh 300g",
    "COL Price": 4.5,
    "COL ppu": "$1.50 per 100G",
    "COL Size": "300g"
  },
  {
    "Brand_Product_Size": "Gillette Shave Foam Lemon Lime 330 gram",
    "COL Price": 4.6,
    "COL ppu": "",
    "COL Size": "330 gram"
  },
  {
    "Brand_Product_Size": "Coles RSPCA Approved Chicken Breast Burgers Plain Crumb 1.2kg",
    "COL Price": 10.5,
    "COL ppu": "$8.75 per 1Kg",
    "COL Size": "1.2kg"
  },
  {
    "Brand_Product_Size": "Annalisa Red Kidney Beans 400g",
    "COL Price": 1.5,
    "COL ppu": "$3.75 per 1Kg",
    "COL Size": "400g"
  },
  {
    "Brand_Product_Size": "Hoyts Mild Curry Powder 50g",
    "COL Price": 1.95,
    "COL ppu": "$0.39 per 10G",
    "COL Size": "50g"
  },
  {
    "Brand_Product_Size": "Wiltshire Perforated Quiche & Tart Pan each",
    "COL Price": 14,
    "COL ppu": "$14.00 per 1Ea",
    "COL Size": "each"
  },
  {
    "Brand_Product_Size": "La Zuppa Spiced Lentil & Tomato Soup Pouch 500g",
    "COL Price": 4.4,
    "COL ppu": "$0.88 per 100G",
    "COL Size": "500g"
  },
  {
    "Brand_Product_Size": "Coles Essentials Beauty Kit 1 pack",
    "COL Price": 5.6,
    "COL ppu": "$5.60 per 1Ea",
    "COL Size": "1 pack"
  },
  {
    "Brand_Product_Size": "Coles Vegan Crumbed Tofu Nuggets 200g",
    "COL Price": 6,
    "COL ppu": "$3.00 per 100G",
    "COL Size": "200g"
  },
  {
    "Brand_Product_Size": "Bundaberg Lemon Lime & Bitters Multipack Bottles 375mL 4 pack",
    "COL Price": 6.35,
    "COL ppu": "$4.23 per 1L",
    "COL Size": "4 pack"
  },
  {
    "Brand_Product_Size": "Polident Denture Cleanser Whitening Tablets 36 pack",
    "COL Price": 5.65,
    "COL ppu": "$0.16 per 1Ea",
    "COL Size": "36 pack"
  },
  {
    "Brand_Product_Size": "Sanitarium Weet-Bix Blends Multi-Grain Breakfast Cereal 575g",
    "COL Price": 5.3,
    "COL ppu": "$0.92 per 100G",
    "COL Size": "575g"
  },
  {
    "Brand_Product_Size": "Korbond Instant Hemming Repair each",
    "COL Price": 4.5,
    "COL ppu": "$4.50 per 1Ea",
    "COL Size": "each"
  },
  {
    "Brand_Product_Size": "Lipton Green Ceylon Tea 100 pack",
    "COL Price": 8.45,
    "COL ppu": "$0.08 per 1Ea",
    "COL Size": "100 pack"
  },
  {
    "Brand_Product_Size": "Restaurant Collection Spiced Roasted Cauliflower With Miso 777g",
    "COL Price": 13,
    "COL ppu": "$1.67 per 100G",
    "COL Size": "777g"
  },
  {
    "Brand_Product_Size": "Tablelands Reduce Cholesterol Spread 500g",
    "COL Price": 4.5,
    "COL ppu": "$0.90 per 100G",
    "COL Size": "500g"
  },
  {
    "Brand_Product_Size": "McCain Frozen Mashed Potato 1kg",
    "COL Price": 2.5,
    "COL ppu": "$2.50 per 1Kg",
    "COL Size": "1kg"
  },
  {
    "Brand_Product_Size": "Jade Phoenix Shitake Mushrooms Whole 50g",
    "COL Price": 3.5,
    "COL ppu": "$0.70 per 10Kg",
    "COL Size": "50g"
  },
  {
    "Brand_Product_Size": "Spam Spiced Ham Less Salt 340g",
    "COL Price": 5.16,
    "COL ppu": "$15.18 per 1Kg",
    "COL Size": "340g"
  },
  {
    "Brand_Product_Size": "Eskal Deli Vegetable Lasagna Sheets 255g",
    "COL Price": 7.5,
    "COL ppu": "$2.94 per 100G",
    "COL Size": "255g"
  },
  {
    "Brand_Product_Size": "Energizer Cable USB-C 2.0 Lifetime 1.2M Black 1 pack",
    "COL Price": 30,
    "COL ppu": "$30.00 per 1Ea",
    "COL Size": "1 pack"
  },
  {
    "Brand_Product_Size": "John Frieda Sheer Blonde Colour Renew Go Blonder Conditioner 250mL",
    "COL Price": 18,
    "COL ppu": "$7.20 per 100mL",
    "COL Size": "250mL"
  },
  {
    "Brand_Product_Size": "Coles Blonde Bobby 100 Pins 1 pack",
    "COL Price": 5,
    "COL ppu": "$5.00 per 1Ea",
    "COL Size": "1 pack"
  },
  {
    "Brand_Product_Size": "Nescafe Sugar Free Mocha Sachets 10 pack",
    "COL Price": 6.3,
    "COL ppu": "$0.63 per 1Ea",
    "COL Size": "10 pack"
  },
  {
    "Brand_Product_Size": "L'Oreal Paris Excellence 8.1 Ash Blonde Hair Colour 1 pack",
    "COL Price": 20,
    "COL ppu": "$20.00 per 1Ea",
    "COL Size": "1 pack"
  },
  {
    "Brand_Product_Size": "Maynards Original Wine Gums Mini 75g",
    "COL Price": 1.55,
    "COL ppu": "$2.07 per 100G",
    "COL Size": "75g"
  },
  {
    "Brand_Product_Size": "Voost Effervescent Collagen 20 pack",
    "COL Price": 6.8,
    "COL ppu": "$0.34 per 1Ea",
    "COL Size": "20 pack"
  },
  {
    "Brand_Product_Size": "Coles Urban Coffee Culture Single Origin Ground Brazil Coffee 250g",
    "COL Price": 6,
    "COL ppu": "$2.40 per 100G",
    "COL Size": "250g"
  },
  {
    "Brand_Product_Size": "Scunci Mixed Inner Polybands 300 pieces 1 pack",
    "COL Price": 6,
    "COL ppu": "$6.00 per 1Ea",
    "COL Size": "1 pack"
  },
  {
    "Brand_Product_Size": "Coles Kitchen Shredded Carrot 200g",
    "COL Price": 2,
    "COL ppu": "$10.00 per 1Kg",
    "COL Size": "200g"
  },
  {
    "Brand_Product_Size": "Sunrice Medium Grain White Calrose Rice 2kg",
    "COL Price": 6.5,
    "COL ppu": "$0.33 per 100G",
    "COL Size": "2kg"
  },
  {
    "Brand_Product_Size": "Uncle Ben's Express Tex Mex Style Rice Pouch 240g",
    "COL Price": 2.5,
    "COL ppu": "$1.04 per 100G",
    "COL Size": "240g"
  },
  {
    "Brand_Product_Size": "The Baby Goat Baby Wash And Shampoo 250mL",
    "COL Price": 8.4,
    "COL ppu": "$3.36 per 100mL",
    "COL Size": "250mL"
  },
  {
    "Brand_Product_Size": "Angas Park Dried Fancy Prunes 1kg",
    "COL Price": 8.25,
    "COL ppu": "$8.25 per 1Kg",
    "COL Size": "1kg"
  },
  {
    "Brand_Product_Size": "Annabel Karmel Meals Cottage Pie 200g",
    "COL Price": 4,
    "COL ppu": "$2.00 per 100G",
    "COL Size": "200g"
  },
  {
    "Brand_Product_Size": "Coles Mini Red Cabbage each",
    "COL Price": 3,
    "COL ppu": "$3.00 per 1Ea",
    "COL Size": "each"
  },
  {
    "Brand_Product_Size": "Otway Pork Meatballs Italian 500g",
    "COL Price": 8,
    "COL ppu": "$16.00 per 1Kg",
    "COL Size": "500g"
  },
  {
    "Brand_Product_Size": "Coles Salted Pretzel Twists 200g",
    "COL Price": 1.5,
    "COL ppu": "$0.75 per 100G",
    "COL Size": "200g"
  },
  {
    "Brand_Product_Size": "Coles Microgreens Red Garnet each",
    "COL Price": 3,
    "COL ppu": "$3.00 per 1Ea",
    "COL Size": "each"
  },
  {
    "Brand_Product_Size": "Daily Juice Pulp Free Orange Juice Chilled 3L",
    "COL Price": 7.5,
    "COL ppu": "$2.50 per 1L",
    "COL Size": "3L"
  },
  {
    "Brand_Product_Size": "Crest 2 Port USB Charger each",
    "COL Price": 15,
    "COL ppu": "$15.00 per 1Ea",
    "COL Size": "each"
  },
  {
    "Brand_Product_Size": "Flora ProActiv Margarine Spread Light 500g",
    "COL Price": 8,
    "COL ppu": "$1.60 per 100G",
    "COL Size": "500g"
  },
  {
    "Brand_Product_Size": "L'Oreal Paris Brow Artist Xpert 102 Cool Blonde 3g",
    "COL Price": 13.96,
    "COL ppu": "$46.53 per 10G",
    "COL Size": "3g"
  },
  {
    "Brand_Product_Size": "Rimmel Stay Matte Transparent Pressed Powder 14g",
    "COL Price": 7.2,
    "COL ppu": "$5.14 per 10G",
    "COL Size": "14g"
  },
  {
    "Brand_Product_Size": "Nice & Natural Real Dark Chocolate & Cacao Protein Nut Bars 5 Pack 165g",
    "COL Price": 5,
    "COL ppu": "$3.03 per 100G",
    "COL Size": "165g"
  },
  {
    "Brand_Product_Size": "Nivea Men Deep Espresso Aerosol 250mL",
    "COL Price": 6.5,
    "COL ppu": "$2.60 per 100mL",
    "COL Size": "250mL"
  },
  {
    "Brand_Product_Size": "Coles Mint Sleeved 1 bunch",
    "COL Price": 3,
    "COL ppu": "$3.00 per 1Ea",
    "COL Size": "1 bunch"
  },
  {
    "Brand_Product_Size": "Swisse Ultiboost Memory + Focus Tablets 50 pack",
    "COL Price": 29,
    "COL ppu": "$0.58 per 1Ea",
    "COL Size": "50 pack"
  },
  {
    "Brand_Product_Size": "Ocean Spray Craisins Infused Blueberry 150g",
    "COL Price": 3,
    "COL ppu": "$2.00 per 100G",
    "COL Size": "150g"
  },
  {
    "Brand_Product_Size": "Nivea Rich Nourishing Body Lotion Moisturiser + Caring Almond Oil 75mL",
    "COL Price": 3,
    "COL ppu": "$4.00 per 100mL",
    "COL Size": "75mL"
  },
  {
    "Brand_Product_Size": "Farmers Market Tender Lamb With Julienne Carrots & Beans Dog Food 100g",
    "COL Price": 1.5,
    "COL ppu": "$1.50 per 100G",
    "COL Size": "100g"
  },
  {
    "Brand_Product_Size": "Peroni Libera 330mL 6 pack",
    "COL Price": 14.15,
    "COL ppu": "$7.15 per 1L",
    "COL Size": "6 pack"
  },
  {
    "Brand_Product_Size": "Cook & Dine Drink Bottle 500mL each",
    "COL Price": 4,
    "COL ppu": "$4.00 per 1Ea",
    "COL Size": "each"
  },
  {
    "Brand_Product_Size": "Lee Kum Kee Sweet & Sour Pork Stir Fry Sauce 145g",
    "COL Price": 2.2,
    "COL ppu": "$1.52 per 100G",
    "COL Size": "145g"
  },
  {
    "Brand_Product_Size": "Rafferty's Garden Blueberry Sticks 8M+ 15g",
    "COL Price": 1.9,
    "COL ppu": "$12.67 per 100G",
    "COL Size": "15g"
  },
  {
    "Brand_Product_Size": "Sanitarium UP&GO Liquid Breakfast Banana 250mL 3 pack",
    "COL Price": 4.95,
    "COL ppu": "$0.66 per 100mL",
    "COL Size": "3 pack"
  },
  {
    "Brand_Product_Size": "Belvita Fruit and Fibre Breakfast Biscuits 6 Pack 300g",
    "COL Price": 4,
    "COL ppu": "$1.33 per 100G",
    "COL Size": "300g"
  },
  {
    "Brand_Product_Size": "St Tropez Applicator Mitt Velvet each",
    "COL Price": 11,
    "COL ppu": "$11.00 per 1Ea",
    "COL Size": "each"
  },
  {
    "Brand_Product_Size": "Provedore Prosciutto & Cheese Roll 85g",
    "COL Price": 7,
    "COL ppu": "$82.35 per 1Kg",
    "COL Size": "85g"
  },
  {
    "Brand_Product_Size": "Scentilla Desert Lime & Coconut Fragrance Diffuser 120mL",
    "COL Price": 13,
    "COL ppu": "$10.83 per 100G",
    "COL Size": "120mL"
  },
  {
    "Brand_Product_Size": "Syndian Frozen Gluten Free Lentil Burgers 400g",
    "COL Price": 7,
    "COL ppu": "$1.75 per 100G",
    "COL Size": "400g"
  },
  {
    "Brand_Product_Size": "Finish All In One Max Dishwasher Tablets 53 pack",
    "COL Price": 21,
    "COL ppu": "$0.40 per 1Ea",
    "COL Size": "53 pack"
  },
  {
    "Brand_Product_Size": "Tempo Fresh Full Cream Milk 2L",
    "COL Price": 4.98,
    "COL ppu": "$2.49 per 1L",
    "COL Size": "2L"
  },
  {
    "Brand_Product_Size": "Carman's Natural Bircher Muesli 875g",
    "COL Price": 8,
    "COL ppu": "$0.91 per 100G",
    "COL Size": "875g"
  },
  {
    "Brand_Product_Size": "Swisse Kids Gummies Immune Health 60 pack",
    "COL Price": 9.5,
    "COL ppu": "$0.16 per 1Ea",
    "COL Size": "60 pack"
  },
  {
    "Brand_Product_Size": "Coles Bakery Double Choc Cookies 12 pack",
    "COL Price": 2,
    "COL ppu": "$0.17 per 1Ea",
    "COL Size": "12 pack"
  },
  {
    "Brand_Product_Size": "Decor Match Ups Clips Container each",
    "COL Price": 9,
    "COL ppu": "$9.00 per 1Ea",
    "COL Size": "each"
  },
  {
    "Brand_Product_Size": "Coles Macarons Selection 10 pack 110g",
    "COL Price": 8,
    "COL ppu": "$7.27 per 100G",
    "COL Size": "110g"
  },
  {
    "Brand_Product_Size": "Pantene Nature Fusion Conditioner 900mL",
    "COL Price": 17,
    "COL ppu": "$1.89 per 100mL",
    "COL Size": "900mL"
  },
  {
    "Brand_Product_Size": "Olinas Pita Crackers Garlic Rosemary 100g",
    "COL Price": 3,
    "COL ppu": "$3.00 per 100G",
    "COL Size": "100g"
  },
  {
    "Brand_Product_Size": "Coles Cookies & Cream Ice Cream Sandwich 4 Pack 440mL",
    "COL Price": 2.9,
    "COL ppu": "$0.66 per 100mL",
    "COL Size": "440mL"
  },
  {
    "Brand_Product_Size": "Coles Baby Spinach Salad Leaves Prepacked 280g",
    "COL Price": 5,
    "COL ppu": "$17.86 per 1Kg",
    "COL Size": "280g"
  },
  {
    "Brand_Product_Size": "Cook & Dine Aluminium Saucepan & Lid Induction Base 20cm each",
    "COL Price": 18,
    "COL ppu": "$18.00 per 1Ea",
    "COL Size": "each"
  },
  {
    "Brand_Product_Size": "Sistema Brilliance Food Storage Container 2L each",
    "COL Price": 14,
    "COL ppu": "$14.00 per 1Ea",
    "COL Size": "each"
  },
  {
    "Brand_Product_Size": "Slow Hills RSPCA Approved Chicken Breast Fillets 550g",
    "COL Price": 13,
    "COL ppu": "$23.64 per 1Kg",
    "COL Size": "550g"
  },
  {
    "Brand_Product_Size": "Korbond Tape Measure each",
    "COL Price": 2.5,
    "COL ppu": "$2.50 per 1ea",
    "COL Size": "each"
  },
  {
    "Brand_Product_Size": "Coles Natural Pot Set Yoghurt 1kg",
    "COL Price": 3.9,
    "COL ppu": "$0.39 per 100G",
    "COL Size": "1kg"
  },
  {
    "Brand_Product_Size": "Coles Chocolate Dairy Dessert 12 Pack 1.2kg",
    "COL Price": 4.8,
    "COL ppu": "$0.40 per 100G",
    "COL Size": "1.2kg"
  },
  {
    "Brand_Product_Size": "Garnier Nutrisse 5 Chocolate Brown Permanent Hair Colour 1 pack",
    "COL Price": 7.5,
    "COL ppu": "$7.50 per 1Ea",
    "COL Size": "1 pack"
  },
  {
    "Brand_Product_Size": "Praise Traditional Mayonnaise 700g",
    "COL Price": 5,
    "COL ppu": "$0.71 per 100G",
    "COL Size": "700g"
  },
  {
    "Brand_Product_Size": "Coles Tuna Adult Cat Food 400g",
    "COL Price": 0.85,
    "COL ppu": "$0.21 per 100G",
    "COL Size": "400g"
  },
  {
    "Brand_Product_Size": "Maybelline Fit Me Matte and Poreless Foundation Classic Ivory 20mL",
    "COL Price": 15.4,
    "COL ppu": "$7.70 per 10mL",
    "COL Size": "20mL"
  },
  {
    "Brand_Product_Size": "Coles Sliced Beetroot 425g",
    "COL Price": 0.8,
    "COL ppu": "$0.19 per 100G",
    "COL Size": "425g"
  },
  {
    "Brand_Product_Size": "Nivea Sun Ultra Sport Moisturising Sunscreen Spray Lotion SPF50+ 200mL",
    "COL Price": 18,
    "COL ppu": "$9.00 per 100mL",
    "COL Size": "200mL"
  },
  {
    "Brand_Product_Size": "Olina's Bakehouse Gluten Free Turmeric Wafer Crackers 150g",
    "COL Price": 4,
    "COL ppu": "$2.86 per 100G",
    "COL Size": "150g"
  },
  {
    "Brand_Product_Size": "Dairylea Original Cheese Slices 12 pack 216g",
    "COL Price": 3.6,
    "COL ppu": "$16.67 per 1Kg",
    "COL Size": "216g"
  },
  {
    "Brand_Product_Size": "Werther's Original Cream Candies No Sugar Added 42g",
    "COL Price": 1.85,
    "COL ppu": "$4.40 per 100G",
    "COL Size": "42g"
  },
  {
    "Brand_Product_Size": "Carmans Dark Choc & Cranberry Protein Bar 40g",
    "COL Price": 3.2,
    "COL ppu": "$8.00 per 100G",
    "COL Size": "40g"
  },
  {
    "Brand_Product_Size": "Podravka Svatovska Juha Vegetable Soup With Semolina Dumplings 58g",
    "COL Price": 2.25,
    "COL ppu": "$3.88 per 100G",
    "COL Size": "58g"
  },
  {
    "Brand_Product_Size": "Spam Classic Ham 340g",
    "COL Price": 5.16,
    "COL ppu": "$15.18 per 1Kg",
    "COL Size": "340g"
  },
  {
    "Brand_Product_Size": "180 Degrees Almond Oat Crackers 150g",
    "COL Price": 5.5,
    "COL ppu": "$3.67 per 100G",
    "COL Size": "150g"
  },
  {
    "Brand_Product_Size": "Love' Em Jerky With Tomato Dog Treat 200g",
    "COL Price": 4,
    "COL ppu": "$2.00 per 100G",
    "COL Size": "200g"
  },
  {
    "Brand_Product_Size": "Maybelline Expression Kajal Black Pencil Liner 4g",
    "COL Price": 5.95,
    "COL ppu": "$14.88 per 10G",
    "COL Size": "4g"
  },
  {
    "Brand_Product_Size": "Loreal Magic Retouch Spray Golden Brown 75mL",
    "COL Price": 12.8,
    "COL ppu": "$17.07 per 100mL",
    "COL Size": "75mL"
  },
  {
    "Brand_Product_Size": "Coles Honeycomb Whirls Chocolate Biscuits 200g",
    "COL Price": 1.65,
    "COL ppu": "$0.83 per 100G",
    "COL Size": "200g"
  },
  {
    "Brand_Product_Size": "Sunkist Orange Multipack Mini Cans 200mL 6 pack",
    "COL Price": 6.2,
    "COL ppu": "$5.17 per 1L",
    "COL Size": "6 pack"
  },
  {
    "Brand_Product_Size": "Magazine Women's Weekly each",
    "COL Price": 7.8,
    "COL ppu": "$7.80 per 1Ea",
    "COL Size": "each"
  },
  {
    "Brand_Product_Size": "Ambi Pur Air Freshener Aerosol Fresh Sky 275g",
    "COL Price": 7,
    "COL ppu": "$2.55 per 100G",
    "COL Size": "275g"
  },
  {
    "Brand_Product_Size": "Fantastic Delites Rice Snack Honey Baked Ham 100g",
    "COL Price": 2,
    "COL ppu": "$2.00 per 100G",
    "COL Size": "100g"
  },
  {
    "Brand_Product_Size": "Coles Bakery Hamburger Rolls 6 pack",
    "COL Price": 2,
    "COL ppu": "$0.33 per 1Ea",
    "COL Size": "6 pack"
  },
  {
    "Brand_Product_Size": "Pattu Red Chilli Powder 200g",
    "COL Price": 2.2,
    "COL ppu": "$1.10 per 100G",
    "COL Size": "200g"
  },
  {
    "Brand_Product_Size": "Lifestyles Ultra Thin Condoms 20 pack",
    "COL Price": 9.9,
    "COL ppu": "$0.50 per 1Ea",
    "COL Size": "20 pack"
  },
  {
    "Brand_Product_Size": "Cook & Dine Cooking String 100M each",
    "COL Price": 2.4,
    "COL ppu": "$2.40 per 1Ea",
    "COL Size": "each"
  },
  {
    "Brand_Product_Size": "Coles Uncrystallised Ginger 150g",
    "COL Price": 2.85,
    "COL ppu": "$19.00 per 1Kg",
    "COL Size": "150g"
  },
  {
    "Brand_Product_Size": "Sunny Queen Free Range Large Eggs 18 pack 900g",
    "COL Price": 7,
    "COL ppu": "$0.78 per 100G",
    "COL Size": "900g"
  },
  {
    "Brand_Product_Size": "Coles Bakery By Laurent Stone Baked Soybean & Linseed Sourdough Vienna each",
    "COL Price": 4,
    "COL ppu": "$4.00 per 1Ea",
    "COL Size": "each"
  },
  {
    "Brand_Product_Size": "Coles Urban Coffee Culture Dolce Gusto Hot Chocolate Capsules 16 pack",
    "COL Price": 6.5,
    "COL ppu": "$0.41 per 1Ea",
    "COL Size": "16 pack"
  },
  {
    "Brand_Product_Size": "Trill Honey Sticks for Budgies Variety Pack Bird Treat 3 pack",
    "COL Price": 4,
    "COL ppu": "$3.81 per 100G",
    "COL Size": "3 pack"
  },
  {
    "Brand_Product_Size": "Waterford's Lite & Fruity Apple Berry Sparkling natural Mineral Water 1L",
    "COL Price": 1.15,
    "COL ppu": "$1.15 per 1L",
    "COL Size": "1L"
  },
  {
    "Brand_Product_Size": "Coles Whole Green Olives in Brine 350g",
    "COL Price": 3.5,
    "COL ppu": "$10.00 per 1Kg",
    "COL Size": "350g"
  },
  {
    "Brand_Product_Size": "Siena Coarse Polenta 1kg",
    "COL Price": 4.15,
    "COL ppu": "$0.42 per 100G",
    "COL Size": "1kg"
  },
  {
    "Brand_Product_Size": "Madura English Breakfast Tea Bags 50 pack 100g",
    "COL Price": 4.85,
    "COL ppu": "$4.85 per 100G",
    "COL Size": "100g"
  },
  {
    "Brand_Product_Size": "Sabco Toilet Plunger Caddy Set each",
    "COL Price": 13,
    "COL ppu": "$13.00 per 1Ea",
    "COL Size": "each"
  },
  {
    "Brand_Product_Size": "Maltesers Teasers Milk Chocolate Bar 35g",
    "COL Price": 2,
    "COL ppu": "$5.71 per 100G",
    "COL Size": "35g"
  },
  {
    "Brand_Product_Size": "Udder Delights Adelaide Hills Ash Brie Cheese 200g",
    "COL Price": 9,
    "COL ppu": "$45.00 per 1Kg",
    "COL Size": "200g"
  },
  {
    "Brand_Product_Size": "Coles Frozen Chicken Chips 400g",
    "COL Price": 6.5,
    "COL ppu": "$16.25 per 1Kg",
    "COL Size": "400g"
  },
  {
    "Brand_Product_Size": "Heinz Tomato Ketchup 50% Less Sugar 500mL",
    "COL Price": 2.5,
    "COL ppu": "$0.50 per 100mL",
    "COL Size": "500mL"
  },
  {
    "Brand_Product_Size": "Coles Red Onions Prepacked 1kg",
    "COL Price": 3,
    "COL ppu": "$3.00 per 1Kg",
    "COL Size": "1kg"
  },
  {
    "Brand_Product_Size": "Tasmanian Heritage Double Brie 250g",
    "COL Price": 8,
    "COL ppu": "$32.00 per 1Kg",
    "COL Size": "250g"
  },
  {
    "Brand_Product_Size": "Cadbury Caramilk Baking Chips 260g",
    "COL Price": 6,
    "COL ppu": "$2.31 per 100G",
    "COL Size": "260g"
  },
  {
    "Brand_Product_Size": "Revlon Colorstay Makeup For Normal/Dry Skin Natural Beige Foundation 30mL",
    "COL Price": 17.5,
    "COL ppu": "$5.83 per 10mL",
    "COL Size": "30mL"
  },
  {
    "Brand_Product_Size": "Elmer's Color Changing Glue Blue To Purple 147mL",
    "COL Price": 10,
    "COL ppu": "$6.80 per 100mL",
    "COL Size": "147mL"
  },
  {
    "Brand_Product_Size": "Schweppes Sunkist Sugar Free Diet Orange Crush 1.25L",
    "COL Price": 1.3,
    "COL ppu": "$1.04 per 1L",
    "COL Size": "1.25L"
  },
  {
    "Brand_Product_Size": "Moira Mac's Original Oven Roasted Chicken Breast 350g",
    "COL Price": 7.5,
    "COL ppu": "$21.43 per 1Kg",
    "COL Size": "350g"
  },
  {
    "Brand_Product_Size": "Coles Medium Cotton Lined Gloves 1 pair",
    "COL Price": 1.75,
    "COL ppu": "$1.75 per 1Ea",
    "COL Size": "1 pair"
  },
  {
    "Brand_Product_Size": "Twinings Assam Bold Tea Bags 80 pack 200g",
    "COL Price": 5.6,
    "COL ppu": "$0.07 per 1Ea",
    "COL Size": "200g"
  },
  {
    "Brand_Product_Size": "Depend Real Fit Medium Underwear For Women 8 pack",
    "COL Price": 12,
    "COL ppu": "$1.50 per 1Ea",
    "COL Size": "8 pack"
  },
  {
    "Brand_Product_Size": "Aeroplane Ready To Eat Strawberry Jelly 120g",
    "COL Price": 1.4,
    "COL ppu": "$1.17 per 100G",
    "COL Size": "120g"
  },
  {
    "Brand_Product_Size": "Tempo Mozzarella Cheese Slices 250g",
    "COL Price": 8.23,
    "COL ppu": "$32.92 per 1Kg",
    "COL Size": "250g"
  },
  {
    "Brand_Product_Size": "Smith's Cheetos Cheese & Bacon Balls Party Bag 190g",
    "COL Price": 3,
    "COL ppu": "$1.58 per 100G",
    "COL Size": "190g"
  },
  {
    "Brand_Product_Size": "Little Genius Flash Cards 1 pack",
    "COL Price": 5,
    "COL ppu": "$5.00 per 1Ea",
    "COL Size": "1 pack"
  },
  {
    "Brand_Product_Size": "Blue Ribbon Light Vanilla Ice Cream Tub 2L",
    "COL Price": 4.9,
    "COL ppu": "$0.25 per 100mL",
    "COL Size": "2L"
  },
  {
    "Brand_Product_Size": "La Famiglia Stone Baked Sourdough Garlic Bread 480g",
    "COL Price": 5,
    "COL ppu": "$1.04 per 100G",
    "COL Size": "480g"
  },
  {
    "Brand_Product_Size": "Coles Cauliflower Medium each",
    "COL Price": 2.5,
    "COL ppu": "$2.50 per 1Ea",
    "COL Size": "each"
  },
  {
    "Brand_Product_Size": "Meadow Lea Margarine Spread Buttery 500g",
    "COL Price": 3.3,
    "COL ppu": "$0.66 per 100G",
    "COL Size": "500g"
  },
  {
    "Brand_Product_Size": "Coles Organic Bananas approx 180g each",
    "COL Price": 0.9,
    "COL ppu": "$5.00 per 1Kg",
    "COL Size": "approx 180g each"
  },
  {
    "Brand_Product_Size": "Schweppes Mountain Dew Energised 600mL",
    "COL Price": 3,
    "COL ppu": "$5.00 per 1L",
    "COL Size": "600mL"
  },
  {
    "Brand_Product_Size": "Pears Hand Wash Pump 250mL",
    "COL Price": 3.5,
    "COL ppu": "$1.40 per 100mL",
    "COL Size": "250mL"
  },
  {
    "Brand_Product_Size": "Hoyts Dry Hot Chillies 25g",
    "COL Price": 1.75,
    "COL ppu": "$0.70 per 10G",
    "COL Size": "25g"
  },
  {
    "Brand_Product_Size": "Coles English Breakfast Tea Bags 50 Pack 92.5g",
    "COL Price": 2.2,
    "COL ppu": "$2.38 per 100G",
    "COL Size": "92.5g"
  },
  {
    "Brand_Product_Size": "Dilmah Pure Ceylon Jasmine Flavour Green Tea Bags 20 pack 40g",
    "COL Price": 2,
    "COL ppu": "$0.10 per 1Ea",
    "COL Size": "40g"
  },
  {
    "Brand_Product_Size": "Maggi Stir Fry Creations Teriyaki & Sesame Chicken 150g",
    "COL Price": 2.7,
    "COL ppu": "$1.80 per 100G",
    "COL Size": "150g"
  },
  {
    "Brand_Product_Size": "Smash Blue Glass Bottle 580mL each",
    "COL Price": 20,
    "COL ppu": "$20.00 per 1Ea",
    "COL Size": "each"
  },
  {
    "Brand_Product_Size": "Passage Foods Passage to India Sri Lankan Coconut & Cashew Chicken Simmer Sauce Pouch 375g",
    "COL Price": 2.35,
    "COL ppu": "$0.63 per 100G",
    "COL Size": "375g"
  },
  {
    "Brand_Product_Size": "Royal Fields Rice Crackers 400g",
    "COL Price": 3.5,
    "COL ppu": "$0.88 per 100G",
    "COL Size": "400g"
  },
  {
    "Brand_Product_Size": "Coles 2 Ply Paper Towels 2 pack",
    "COL Price": 1.7,
    "COL ppu": "$0.85 per 1Ea",
    "COL Size": "2 pack"
  },
  {
    "Brand_Product_Size": "Moccona Mocha Kenya Style Rich & Exotic Instant Coffee 200g",
    "COL Price": 13,
    "COL ppu": "$6.50 per 100G",
    "COL Size": "200g"
  },
  {
    "Brand_Product_Size": "Coles Finest Pain Au Raisin 2 pack",
    "COL Price": 4,
    "COL ppu": "$2.00 per 1Ea",
    "COL Size": "2 pack"
  },
  {
    "Brand_Product_Size": "Coles Extra Virgin Olive Oil 1L",
    "COL Price": 7,
    "COL ppu": "$0.70 per 100mL",
    "COL Size": "1L"
  },
  {
    "Brand_Product_Size": "Cenovis Echinacea 5000 Capsules 60 pack",
    "COL Price": 15,
    "COL ppu": "$0.25 per 1Ea",
    "COL Size": "60 pack"
  },
  {
    "Brand_Product_Size": "Coles Seafood Rainbow Trout Fillet approx. 160g",
    "COL Price": 5.6,
    "COL ppu": "$35.00 per 1Kg",
    "COL Size": "approx. 160g"
  },
  {
    "Brand_Product_Size": "Brita Maxtra Filter Cartridges 4 pack",
    "COL Price": 47,
    "COL ppu": "$11.75 per 1Ea",
    "COL Size": "4 pack"
  },
  {
    "Brand_Product_Size": "Gourmet Garden Basil Cold Blended Paste 80g",
    "COL Price": 3.5,
    "COL ppu": "$0.44 per 10G",
    "COL Size": "80g"
  },
  {
    "Brand_Product_Size": "Moro Tradicional Olive Oil 500mL",
    "COL Price": 7,
    "COL ppu": "$1.40 per 100mL",
    "COL Size": "500mL"
  },
  {
    "Brand_Product_Size": "Oakwood Household Leather Wipes 20 pack",
    "COL Price": 4.1,
    "COL ppu": "$20.50 per 100Ea",
    "COL Size": "20 pack"
  },
  {
    "Brand_Product_Size": "Schweppes Zero Sugar Raspberry 1.1L",
    "COL Price": 2.15,
    "COL ppu": "$1.95 per 1L",
    "COL Size": "1.1L"
  },
  {
    "Brand_Product_Size": "Peters Light & Creamy Classic Vanilla Ice Cream Tub 1.8L",
    "COL Price": 5,
    "COL ppu": "$0.28 per 100mL",
    "COL Size": "1.8L"
  },
  {
    "Brand_Product_Size": "Coles Special Cheeseburger Sauce 375mL",
    "COL Price": 2.75,
    "COL ppu": "$0.73 per 100mL",
    "COL Size": "375mL"
  },
  {
    "Brand_Product_Size": "Pitango Free Range Spring Lamb Soup 600g",
    "COL Price": 6.5,
    "COL ppu": "$1.08 per 100G",
    "COL Size": "600g"
  },
  {
    "Brand_Product_Size": "Cadbury Caramello KoalaChocolate 35g",
    "COL Price": 1,
    "COL ppu": "$2.86 per 100G",
    "COL Size": "35g"
  },
  {
    "Brand_Product_Size": "Coles Butter Popcorn 6 Pack 90g",
    "COL Price": 3,
    "COL ppu": "$3.33 per 100G",
    "COL Size": "90g"
  },
  {
    "Brand_Product_Size": "Coles Revitalising Ocean Breeze Body Wash 1L",
    "COL Price": 4,
    "COL ppu": "$0.40 per 100mL",
    "COL Size": "1L"
  },
  {
    "Brand_Product_Size": "L'OR Espresso Lungo Profondo Intensity 8 Coffee Capsules 10 Pack 52g",
    "COL Price": 4.5,
    "COL ppu": "$0.09 per 1G",
    "COL Size": "52g"
  },
  {
    "Brand_Product_Size": "Carex Liquid Handwash Aloe Vera 250mL",
    "COL Price": 2.25,
    "COL ppu": "$0.90 per 100mL",
    "COL Size": "250mL"
  },
  {
    "Brand_Product_Size": "Coles Neapolitan Ice Cream Tub 4L",
    "COL Price": 4.9,
    "COL ppu": "$1.23 per 1L",
    "COL Size": "4L"
  },
  {
    "Brand_Product_Size": "The Dutch Company Spiced Cookies 400g",
    "COL Price": 4,
    "COL ppu": "$1.00 per 100G",
    "COL Size": "400g"
  },
  {
    "Brand_Product_Size": "Arnott's Milk Chocolate Royals 200g",
    "COL Price": 4,
    "COL ppu": "$2.00 per 100G",
    "COL Size": "200g"
  },
  {
    "Brand_Product_Size": "Byron Bay Cookie Milk Choc Chunk Bites Pouch 100g",
    "COL Price": 2.5,
    "COL ppu": "$2.50 per 100G",
    "COL Size": "100g"
  },
  {
    "Brand_Product_Size": "Vanish Napisan Gold Pro Oxi Action Powder Fabric Stain Remover 900g",
    "COL Price": 12,
    "COL ppu": "$13.33 per 1Kg",
    "COL Size": "900g"
  },
  {
    "Brand_Product_Size": "Coles Made Easy Prosciutto Wrapped Chicken Breasts With Parmigiana Stuffing 450g",
    "COL Price": 12.5,
    "COL ppu": "$2.78 per 100G",
    "COL Size": "450g"
  },
  {
    "Brand_Product_Size": "Continental Rich Beef Casserole Recipe Base Serves 4 50g",
    "COL Price": 1.6,
    "COL ppu": "$3.20 per 100G",
    "COL Size": "50g"
  },
  {
    "Brand_Product_Size": "Coles Beef Eye Fillet Tail approx. 250g",
    "COL Price": 11.625,
    "COL ppu": "$46.50 per 1Kg",
    "COL Size": "approx. 250g"
  },
  {
    "Brand_Product_Size": "Bega Crunchy Peanut Butter 470g",
    "COL Price": 5.9,
    "COL ppu": "$1.26 per 100G",
    "COL Size": "470g"
  },
  {
    "Brand_Product_Size": "Smith's Crinkle Cut Original Potato Chips 6 pack 114g",
    "COL Price": 3.14,
    "COL ppu": "$2.75 per 100G",
    "COL Size": "114g"
  },
  {
    "Brand_Product_Size": "Golden Circle Pineapple Pieces in Natural Juice Canned 440g",
    "COL Price": 3.75,
    "COL ppu": "$8.52 per 1Kg",
    "COL Size": "440g"
  },
  {
    "Brand_Product_Size": "Coles Microgreen Redvein Sorrel each",
    "COL Price": 3,
    "COL ppu": "$3.00 per 1Ea",
    "COL Size": "each"
  },
  {
    "Brand_Product_Size": "Heinz Beanz Ham Sauce 555g",
    "COL Price": 2.5,
    "COL ppu": "$0.45 per 100G",
    "COL Size": "555g"
  },
  {
    "Brand_Product_Size": "Steggles Frozen Chicken Breast Goujons 1kg",
    "COL Price": 11,
    "COL ppu": "$11.00 per 1Kg",
    "COL Size": "1kg"
  },
  {
    "Brand_Product_Size": "Australian Gold Creamy Brie Cheese 115g",
    "COL Price": 3.6,
    "COL ppu": "$31.30 per 1Kg",
    "COL Size": "115g"
  },
  {
    "Brand_Product_Size": "Coles Traditional High Top Wholemeal Bread 750g",
    "COL Price": 2.7,
    "COL ppu": "$0.36 per 100G",
    "COL Size": "750g"
  },
  {
    "Brand_Product_Size": "Cocobella Watermelon & Mint Flavour Coconut Water 1L",
    "COL Price": 2.5,
    "COL ppu": "$2.50 per 1L",
    "COL Size": "1L"
  },
  {
    "Brand_Product_Size": "Mainland Munchables Tasty Cheese & Rice Crackers 4 Pack 96g",
    "COL Price": 6,
    "COL ppu": "",
    "COL Size": "96g"
  },
  {
    "Brand_Product_Size": "Poppin Explosion Triple Butter Popcorn 100g",
    "COL Price": 1.75,
    "COL ppu": "$1.75 per 100G",
    "COL Size": "100g"
  },
  {
    "Brand_Product_Size": "Mix Women Home Size 5-11 2 pack",
    "COL Price": 9,
    "COL ppu": "",
    "COL Size": "2 pack"
  },
  {
    "Brand_Product_Size": "Cook & Dine Spin Wash Stacking Mugs 4 pack",
    "COL Price": 14,
    "COL ppu": "$3.50 per 1Ea",
    "COL Size": "4 pack"
  },
  {
    "Brand_Product_Size": "John West Lunch Kit With Crackers Tuna With Thousand Island Dressing 108g",
    "COL Price": 2.9,
    "COL ppu": "$26.85 per 1Kg",
    "COL Size": "108g"
  },
  {
    "Brand_Product_Size": "Coles Bakery Multigrain Toast Bread Loaf 680g",
    "COL Price": 2,
    "COL ppu": "$0.29 per 100G",
    "COL Size": "680g"
  },
  {
    "Brand_Product_Size": "Nicorette Spearmint Gum 2mg 150 pack",
    "COL Price": 48,
    "COL ppu": "$0.32 per 1Ea",
    "COL Size": "150 pack"
  },
  {
    "Brand_Product_Size": "Bio Cheese Marinated Fetta 300g",
    "COL Price": 14,
    "COL ppu": "$46.67 per 1Kg",
    "COL Size": "300g"
  },
  {
    "Brand_Product_Size": "Arnott's Lattice Biscuits 200g",
    "COL Price": 2.3,
    "COL ppu": "$1.15 per 100G",
    "COL Size": "200g"
  },
  {
    "Brand_Product_Size": "B Honey Yellow Gum 325g",
    "COL Price": 8.5,
    "COL ppu": "$2.62 per 100G",
    "COL Size": "325g"
  },
  {
    "Brand_Product_Size": "Golden Days Dark Chocolate Sesame Snaps 120g",
    "COL Price": 3.3,
    "COL ppu": "$2.75 per 100G",
    "COL Size": "120g"
  },
  {
    "Brand_Product_Size": "Restaurant Collection Bao Buns With Chinese Pork Belly 616g",
    "COL Price": 18.5,
    "COL ppu": "$3.00 per 100G",
    "COL Size": "616g"
  },
  {
    "Brand_Product_Size": "Gourmet Garden Ginger Cold Blended Paste 80g",
    "COL Price": 3.5,
    "COL ppu": "$0.44 per 10G",
    "COL Size": "80g"
  },
  {
    "Brand_Product_Size": "Cadbury Old Gold Cherry Ripe Chocolate Block 180g",
    "COL Price": 3.5,
    "COL ppu": "$1.94 per 100G",
    "COL Size": "180g"
  },
  {
    "Brand_Product_Size": "Coles Apple Juice 2L",
    "COL Price": 2,
    "COL ppu": "$1.00 per 1L",
    "COL Size": "2L"
  },
  {
    "Brand_Product_Size": "Moccona Classic Medium Roast Instant Coffee 50g",
    "COL Price": 6,
    "COL ppu": "$12.00 per 100G",
    "COL Size": "50g"
  },
  {
    "Brand_Product_Size": "Coles Vegan Chicken Style Stock 1L",
    "COL Price": 1.9,
    "COL ppu": "$0.19 per 100mL",
    "COL Size": "1L"
  },
  {
    "Brand_Product_Size": "Coles Alkaline AA 24 pack",
    "COL Price": 10,
    "COL ppu": "$0.42 per 1Ea",
    "COL Size": "24 pack"
  },
  {
    "Brand_Product_Size": "Castello Fetta Cubes In Brine 430g",
    "COL Price": 5,
    "COL ppu": "$11.63 per 1Kg",
    "COL Size": "430g"
  },
  {
    "Brand_Product_Size": "Coles Deli Primo Mini Chorizo perkg",
    "COL Price": 25,
    "COL ppu": "$25.00 per 1Kg",
    "COL Size": "perkg"
  },
  {
    "Brand_Product_Size": "Australias Own Barista Macadamia Milk 1L",
    "COL Price": 3.6,
    "COL ppu": "$3.60 per 1L",
    "COL Size": "1L"
  },
  {
    "Brand_Product_Size": "Telstra Essential Smart 2 4GX each",
    "COL Price": 49,
    "COL ppu": "$49.00 per 1Ea",
    "COL Size": "each"
  },
  {
    "Brand_Product_Size": "Mortein Kills Rats & Mice Dual Action Throwpacks 60g",
    "COL Price": 8,
    "COL ppu": "$13.33 per 100G",
    "COL Size": "60g"
  },
  {
    "Brand_Product_Size": "Coles Glue Stick 2 pack",
    "COL Price": 3.9,
    "COL ppu": "$1.95 per 1Ea",
    "COL Size": "2 pack"
  },
  {
    "Brand_Product_Size": "Dolmio Tomato & Mozzarella  Pasta Sauce Pouch 170g",
    "COL Price": 2,
    "COL ppu": "$1.18 per 100G",
    "COL Size": "170g"
  },
  {
    "Brand_Product_Size": "McCain Frozen Healthy Choice Spinach & Ricotta Ravioli 390g",
    "COL Price": 4,
    "COL ppu": "$1.14 per 100G",
    "COL Size": "390g"
  },
  {
    "Brand_Product_Size": "Duracell Recharge Ultra AAA Rechargeable Batteries 4 pack",
    "COL Price": 24.9,
    "COL ppu": "$6.23 per 1Ea",
    "COL Size": "4 pack"
  },
  {
    "Brand_Product_Size": "Yumi's Gluten Free Classic Middle Eastern Hommus Mini 3 pack 195g",
    "COL Price": 2.5,
    "COL ppu": "$1.28 per 100G",
    "COL Size": "195g"
  },
  {
    "Brand_Product_Size": "Kellogg's Guardian Psyllium Breakfast Cereal 360g",
    "COL Price": 6.3,
    "COL ppu": "$1.75 per 100G",
    "COL Size": "360g"
  },
  {
    "Brand_Product_Size": "Naturopathica Fat Blaster Chocolate Flavour Keto Fit Protein Shake Mix 300g",
    "COL Price": 30,
    "COL ppu": "$10.00 per 100G",
    "COL Size": "300g"
  },
  {
    "Brand_Product_Size": "Pantene Micellar Shampoo 300mL",
    "COL Price": 13,
    "COL ppu": "$4.33 per 100mL",
    "COL Size": "300mL"
  },
  {
    "Brand_Product_Size": "Coles Gluten Free Choc Coated Nut Bars 6 pack 210g",
    "COL Price": 2.7,
    "COL ppu": "$1.29 per 100G",
    "COL Size": "210g"
  },
  {
    "Brand_Product_Size": "Five Am Organic Salted Caramel Yoghurt 700g",
    "COL Price": 6,
    "COL ppu": "$0.86 per 100G",
    "COL Size": "700g"
  },
  {
    "Brand_Product_Size": "Uncle Tobys Chewy Muesli Bars Lunchbox Favourites Value 12 Pack 375g",
    "COL Price": 5,
    "COL ppu": "$1.33 per 100G",
    "COL Size": "375g"
  },
  {
    "Brand_Product_Size": "Byron Bay Dotty Cookies Bites Pouch 100g",
    "COL Price": 2.5,
    "COL ppu": "$2.50 per 100G",
    "COL Size": "100g"
  },
  {
    "Brand_Product_Size": "Colgate Whitening & Tartar Pump Toothpaste 130g",
    "COL Price": 8.6,
    "COL ppu": "$6.62 per 100G",
    "COL Size": "130g"
  },
  {
    "Brand_Product_Size": "Maldon Smoked Sea Salt 125g",
    "COL Price": 5,
    "COL ppu": "$0.40 per 10G",
    "COL Size": "125g"
  },
  {
    "Brand_Product_Size": "Glade Sense & Spray Automatic Air Freshener Vanilla Refill 12g",
    "COL Price": 5.9,
    "COL ppu": "$49.17 per 100G",
    "COL Size": "12g"
  },
  {
    "Brand_Product_Size": "Sally Hansen Miracle Gel 3.0 Top Coat Nail Polish 14.7mL",
    "COL Price": 17,
    "COL ppu": "$11.56 per 10mL",
    "COL Size": "14.7mL"
  },
  {
    "Brand_Product_Size": "Coles Unicorn Loot Bags 10 pack",
    "COL Price": 3,
    "COL ppu": "$0.30 per 1Ea",
    "COL Size": "10 pack"
  },
  {
    "Brand_Product_Size": "Coles Bananas approx. 180g each",
    "COL Price": 0.81,
    "COL ppu": "$4.50 per 1Kg",
    "COL Size": "approx. 180g each"
  },
  {
    "Brand_Product_Size": "Lynx Aerosol Africa Deodorant 165mL",
    "COL Price": 7,
    "COL ppu": "$4.24 per 100mL",
    "COL Size": "165mL"
  },
  {
    "Brand_Product_Size": "Mortein Power Gard DIY Indoor & Outdoor Surface Spray 2L",
    "COL Price": 32,
    "COL ppu": "$16.00 per 1L",
    "COL Size": "2L"
  },
  {
    "Brand_Product_Size": "Coles Traditional Mayonnaise 470g",
    "COL Price": 2.6,
    "COL ppu": "$0.55 per 100G",
    "COL Size": "470g"
  },
  {
    "Brand_Product_Size": "Coles Organic Fuji Apples Prepacked 1kg",
    "COL Price": 7,
    "COL ppu": "$7.00 per 1Kg",
    "COL Size": "1kg"
  },
  {
    "Brand_Product_Size": "Coles Soy Sauce 500mL",
    "COL Price": 1.9,
    "COL ppu": "$0.38 per 100mL",
    "COL Size": "500mL"
  },
  {
    "Brand_Product_Size": "Nivea Men Protect & Care Face Moisturiser Cream SPF15 + Aloe Vera 75mL",
    "COL Price": 12,
    "COL ppu": "$16.00 per 100mL",
    "COL Size": "75mL"
  },
  {
    "Brand_Product_Size": "Coles Ultra Oxy Action Laundry Booster & Soaker 1kg",
    "COL Price": 3.5,
    "COL ppu": "$3.50 per 1Kg",
    "COL Size": "1kg"
  },
  {
    "Brand_Product_Size": "Byron Bay Single Serve Triple Choc Fudge Cookie 60g",
    "COL Price": 1.5,
    "COL ppu": "$2.50 per 100G",
    "COL Size": "60g"
  },
  {
    "Brand_Product_Size": "Moro Classic Vincotto 100mL",
    "COL Price": 5,
    "COL ppu": "$5.00 per 100mL",
    "COL Size": "100mL"
  },
  {
    "Brand_Product_Size": "MasterFoods Squeezy Tomato Sauce 920mL",
    "COL Price": 4,
    "COL ppu": "$0.43 per 100mL",
    "COL Size": "920mL"
  },
  {
    "Brand_Product_Size": "Jiinju Panda Face Sheet Mask 25mL",
    "COL Price": 5,
    "COL ppu": "$20.00 per 100mL",
    "COL Size": "25mL"
  },
  {
    "Brand_Product_Size": "Carman's Crispy Deluxe Berry Vanilla & Coconut Muesli 400g",
    "COL Price": 6.9,
    "COL ppu": "$1.73 per 100G",
    "COL Size": "400g"
  },
  {
    "Brand_Product_Size": "Crankt Protein Shake Vanilla 375mL",
    "COL Price": 4.15,
    "COL ppu": "$11.07 per 1L",
    "COL Size": "375mL"
  },
  {
    "Brand_Product_Size": "Lady Jayne Style Guards Kink-Free Spirals Clear Elastic 8 pack",
    "COL Price": 8,
    "COL ppu": "$1.00 per 1Ea",
    "COL Size": "8 pack"
  },
  {
    "Brand_Product_Size": "V Guarana Energy Drink Fridge Pack 10 pack",
    "COL Price": 13.5,
    "COL ppu": "$6.75 per 1L",
    "COL Size": "10 pack"
  },
  {
    "Brand_Product_Size": "Coles Mozzarella Light Cheese Shredded 250g",
    "COL Price": 4.2,
    "COL ppu": "$1.68 per 100G",
    "COL Size": "250g"
  },
  {
    "Brand_Product_Size": "OMO Ultimate Sensitive Laundry Liquid 1.8L",
    "COL Price": 11,
    "COL ppu": "$6.11 per 1L",
    "COL Size": "1.8L"
  },
  {
    "Brand_Product_Size": "Coles I M Free From Party Pack 480g",
    "COL Price": 10,
    "COL ppu": "$2.08 per 100G",
    "COL Size": "480g"
  },
  {
    "Brand_Product_Size": "Coles Alfalfa Sprouts Prepacked 125g",
    "COL Price": 2.2,
    "COL ppu": "$17.60 per 1Kg",
    "COL Size": "125g"
  },
  {
    "Brand_Product_Size": "Denada Sugar Free Ice Cream Raspberry Ribbon 475mL",
    "COL Price": 11.5,
    "COL ppu": "$2.42 per 100mL",
    "COL Size": "475mL"
  },
  {
    "Brand_Product_Size": "Tip Top Thins Wholemeal Sandwich 240g",
    "COL Price": 3.5,
    "COL ppu": "$1.46 per 100G",
    "COL Size": "240g"
  },
  {
    "Brand_Product_Size": "Kellogg's Sultana Bran Crunch Extra Oat Clusters 500g",
    "COL Price": 5.8,
    "COL ppu": "$1.16 per 100G",
    "COL Size": "500g"
  },
  {
    "Brand_Product_Size": "Deeko Plastic Cutlery Tube 18 pack",
    "COL Price": 3,
    "COL ppu": "$0.17 per 1Ea",
    "COL Size": "18 pack"
  },
  {
    "Brand_Product_Size": "Perfect Italiano Extra Sharp Parmesan Cheese 125g",
    "COL Price": 3.25,
    "COL ppu": "$26.00 per 1Kg",
    "COL Size": "125g"
  },
  {
    "Brand_Product_Size": "Coles Dijon Mustard 200g",
    "COL Price": 2,
    "COL ppu": "$1.00 per 100G",
    "COL Size": "200g"
  },
  {
    "Brand_Product_Size": "Chicken Tonight Stroganoff Simmer Sauce 475g",
    "COL Price": 2.5,
    "COL ppu": "$0.53 per 100G",
    "COL Size": "475g"
  },
  {
    "Brand_Product_Size": "Moira Mac Sweet Chilli Chicken Tenderloin approx. 125g",
    "COL Price": 3.25,
    "COL ppu": "$26.00 per 1Kg",
    "COL Size": "approx. 125g"
  },
  {
    "Brand_Product_Size": "Black Swan Crafted Caramelised French Onion Dip 200g",
    "COL Price": 4.3,
    "COL ppu": "$2.15 per 100G",
    "COL Size": "200g"
  },
  {
    "Brand_Product_Size": "MasterFoods Barbecue Sauce 920mL",
    "COL Price": 4,
    "COL ppu": "$0.43 per 100mL",
    "COL Size": "920mL"
  },
  {
    "Brand_Product_Size": "Pantene Long & Strong Shampoo 900mL",
    "COL Price": 17,
    "COL ppu": "$1.89 per 100mL",
    "COL Size": "900mL"
  },
  {
    "Brand_Product_Size": "Coles Non-Latex Multi-Purpose 50 Disposable Gloves 1 pack",
    "COL Price": 12.6,
    "COL ppu": "$12.60 per 1Ea",
    "COL Size": "1 pack"
  },
  {
    "Brand_Product_Size": "Coles Kitchen Thai Green Chicken Curry With Rice 350g",
    "COL Price": 6.5,
    "COL ppu": "$1.86 per 100G",
    "COL Size": "350g"
  },
  {
    "Brand_Product_Size": "Coles Salmon Skin Off 460g",
    "COL Price": 14,
    "COL ppu": "$30.43 per 1Kg",
    "COL Size": "460g"
  },
  {
    "Brand_Product_Size": "Black Swan Hommus Dip 200g",
    "COL Price": 3.5,
    "COL ppu": "$1.75 per 100G",
    "COL Size": "200g"
  },
  {
    "Brand_Product_Size": "Nutella B-Ready Biscuit Multipack 6x22g 132g",
    "COL Price": 5,
    "COL ppu": "$3.79 per 100G",
    "COL Size": "132g"
  },
  {
    "Brand_Product_Size": "Ogx Quenching Coconut Curls Conditioner 385mL",
    "COL Price": 20,
    "COL ppu": "$5.19 per 100mL",
    "COL Size": "385mL"
  },
  {
    "Brand_Product_Size": "Coles RSPCA Approved Chicken Breast Schnitzel Plain Crumb 1.2kg",
    "COL Price": 10.5,
    "COL ppu": "$8.75 per 1Kg",
    "COL Size": "1.2kg"
  },
  {
    "Brand_Product_Size": "Schwarzkopf Extra Care Liquid Silk Conditioner 400mL",
    "COL Price": 6.9,
    "COL ppu": "$1.73 per 100mL",
    "COL Size": "400mL"
  },
  {
    "Brand_Product_Size": "Dove Men Antiperspirant Aerosol Sensitive Shield 254mL",
    "COL Price": 7,
    "COL ppu": "$2.76 per 100mL",
    "COL Size": "254mL"
  },
  {
    "Brand_Product_Size": "Durex Fetherlite Ultra Thin Feel Condoms 10 pack",
    "COL Price": 6.8,
    "COL ppu": "$0.68 per 1Ea",
    "COL Size": "10 pack"
  },
  {
    "Brand_Product_Size": "Kellogg's Nutri-Grain To Go Breakfast Cereal 6 Pack 240g",
    "COL Price": 6.5,
    "COL ppu": "$2.71 per 100G",
    "COL Size": "240g"
  },
  {
    "Brand_Product_Size": "Ayam Lemon Chicken Sauce 210mL",
    "COL Price": 3.5,
    "COL ppu": "$1.67 per 100mL",
    "COL Size": "210mL"
  },
  {
    "Brand_Product_Size": "Katzy's Kosher Frozen Meat Lasagne 725g",
    "COL Price": 16,
    "COL ppu": "$2.21 per 100G",
    "COL Size": "725g"
  },
  {
    "Brand_Product_Size": "CSR Coffee Sugar Crystals 500g",
    "COL Price": 2.75,
    "COL ppu": "$0.55 per 100G",
    "COL Size": "500g"
  },
  {
    "Brand_Product_Size": "Skyn CONDOMS ASSORTED 20 pack",
    "COL Price": 17,
    "COL ppu": "$0.85 per 1Ea",
    "COL Size": "20 pack"
  },
  {
    "Brand_Product_Size": "Coles Garlic Prawn Skewers Made with Aussie Prawns Thawed each",
    "COL Price": 2.5,
    "COL ppu": "$2.50 per 1Ea",
    "COL Size": "each"
  },
  {
    "Brand_Product_Size": "Darrell Lea Liquorice Choc Coated Balls 160g",
    "COL Price": 4.4,
    "COL ppu": "$3.14 per 100G",
    "COL Size": "160g"
  },
  {
    "Brand_Product_Size": "Coles Deli Meredith Dairy Dill Chevre 150g",
    "COL Price": 9,
    "COL ppu": "$60.00 per 1Kg",
    "COL Size": "150g"
  },
  {
    "Brand_Product_Size": "Coles Bake & Create Pastel Party Candles 16 pack",
    "COL Price": 3,
    "COL ppu": "$0.19 per 1Ea",
    "COL Size": "16 pack"
  },
  {
    "Brand_Product_Size": "Coles Edison Screw 650 Lumens 8 Watt Warm White LED Globe 2 pack",
    "COL Price": 10,
    "COL ppu": "$5.00 per 1Ea",
    "COL Size": "2 pack"
  },
  {
    "Brand_Product_Size": "Coles Banana Bread 550g",
    "COL Price": 4.2,
    "COL ppu": "$0.76 per 100G",
    "COL Size": "550g"
  },
  {
    "Brand_Product_Size": "Hansells Chef's Kitchen French Style Creme Brulee 70g",
    "COL Price": 2,
    "COL ppu": "$2.86 per 100G",
    "COL Size": "70g"
  },
  {
    "Brand_Product_Size": "Coles Kitchen Vegetable Spring Rolls 200g",
    "COL Price": 6,
    "COL ppu": "$3.00 per 100G",
    "COL Size": "200g"
  },
  {
    "Brand_Product_Size": "Purina One Succulent Chicken In Gravy Urinary Care Cat Food Multipack Pouch 70g",
    "COL Price": 1.8,
    "COL ppu": "$2.57 per 100G",
    "COL Size": "70g"
  },
  {
    "Brand_Product_Size": "Nanna's Frozen Apricot Pies 4 pack 450g",
    "COL Price": 4,
    "COL ppu": "$0.89 per 100G",
    "COL Size": "450g"
  },
  {
    "Brand_Product_Size": "Dine Daily Cat Food Meat Selection 85g 14 pack",
    "COL Price": 13.5,
    "COL ppu": "$0.96 per 1Ea",
    "COL Size": "14 pack"
  },
  {
    "Brand_Product_Size": "Coles Nature's Kitchen Smokey Bean Chilli Brown Rice 350g",
    "COL Price": 7,
    "COL ppu": "$2.00 per 100G",
    "COL Size": "350g"
  },
  {
    "Brand_Product_Size": "Mix Fuller Figure Pantyhose 15 Denier Black Size 1 4 pack",
    "COL Price": 5,
    "COL ppu": "$1.25 per 1Ea",
    "COL Size": "4 pack"
  },
  {
    "Brand_Product_Size": "Coles Foil List Pad 52 Sheets each",
    "COL Price": 4.5,
    "COL ppu": "$4.50 per 1Ea",
    "COL Size": "each"
  },
  {
    "Brand_Product_Size": "Fancy Plants Coconut Chia Pod 150g",
    "COL Price": 2.5,
    "COL ppu": "$1.67 per 100G",
    "COL Size": "150g"
  },
  {
    "Brand_Product_Size": "Coles Hommus Dip 1kg",
    "COL Price": 5,
    "COL ppu": "$0.50 per 100G",
    "COL Size": "1kg"
  },
  {
    "Brand_Product_Size": "Fab Sublime Velvet Front & Top Loader Laundry Powder 1.8kg",
    "COL Price": 7,
    "COL ppu": "$3.89 per 1Kg",
    "COL Size": "1.8kg"
  },
  {
    "Brand_Product_Size": "Coles Beetroot 1 bunch",
    "COL Price": 5.5,
    "COL ppu": "$5.50 per 1Ea",
    "COL Size": "1 bunch"
  },
  {
    "Brand_Product_Size": "Red Tractor Flax Brown Seeds 500g",
    "COL Price": 5,
    "COL ppu": "$1.00 per 100G",
    "COL Size": "500g"
  },
  {
    "Brand_Product_Size": "Mix Fuller Figure Tights 40 Denier Black Size 2 2 pack",
    "COL Price": 8,
    "COL ppu": "$4.00 per 1Ea",
    "COL Size": "2 pack"
  },
  {
    "Brand_Product_Size": "Coles Mocha Protein Bar 190g",
    "COL Price": 3.5,
    "COL ppu": "$1.84 per 100G",
    "COL Size": "190g"
  },
  {
    "Brand_Product_Size": "Reese's Peanut Butter Chocolate Cones 472mL",
    "COL Price": 6,
    "COL ppu": "$1.27 per 100mL",
    "COL Size": "472mL"
  },
  {
    "Brand_Product_Size": "Stonefire Original Naan Bread 250g",
    "COL Price": 3,
    "COL ppu": "$1.20 per 100G",
    "COL Size": "250g"
  },
  {
    "Brand_Product_Size": "Tic Tac Orange 49g",
    "COL Price": 3,
    "COL ppu": "$6.12 per 100G",
    "COL Size": "49g"
  },
  {
    "Brand_Product_Size": "Soletti Salted Sticks 80g",
    "COL Price": 1.45,
    "COL ppu": "$0.18 per 10G",
    "COL Size": "80g"
  },
  {
    "Brand_Product_Size": "Snickers Chocolate Bar 2 Pack 72g",
    "COL Price": 1.5,
    "COL ppu": "$2.08 per 100G",
    "COL Size": "72g"
  },
  {
    "Brand_Product_Size": "A2 Light Milk 2L",
    "COL Price": 5.3,
    "COL ppu": "$2.65 per 1L",
    "COL Size": "2L"
  },
  {
    "Brand_Product_Size": "South Cape Buttery & Tangy Havarti Cheese Wedge 200g",
    "COL Price": 4.7,
    "COL ppu": "$23.50 per 1Kg",
    "COL Size": "200g"
  },
  {
    "Brand_Product_Size": "Cadbury Dairy Milk Chocolate Gift Box 220g",
    "COL Price": 12,
    "COL ppu": "$5.45 per 100G",
    "COL Size": "220g"
  },
  {
    "Brand_Product_Size": "Suncoast Gold Macadamia Unsweetened Long Life Milk 1L 1L",
    "COL Price": 4,
    "COL ppu": "$4.00 per 1L",
    "COL Size": "1L"
  },
  {
    "Brand_Product_Size": "Heinz Beanz No Added Sugar Baked Beans 300g",
    "COL Price": 1,
    "COL ppu": "$0.33 per 100G",
    "COL Size": "300g"
  },
  {
    "Brand_Product_Size": "Lindt Hot Chocolate Flakes 210g",
    "COL Price": 7.5,
    "COL ppu": "$3.57 per 100G",
    "COL Size": "210g"
  },
  {
    "Brand_Product_Size": "MasterFoods Horseradish Cream Sauce 175g",
    "COL Price": 2.5,
    "COL ppu": "$1.43 per 100G",
    "COL Size": "175g"
  },
  {
    "Brand_Product_Size": "Nood Cage Free Chicken Recipe With Superfoods Puppy Dry Dog Food 3kg",
    "COL Price": 20,
    "COL ppu": "$0.67 per 100G",
    "COL Size": "3kg"
  },
  {
    "Brand_Product_Size": "Streets Cornetto Mini Choc Top 360mL",
    "COL Price": 6,
    "COL ppu": "$1.67 per 100mL",
    "COL Size": "360mL"
  },
  {
    "Brand_Product_Size": "Coles Deli Green Olives with Chilli Garlic approx. 125g",
    "COL Price": 2.5,
    "COL ppu": "$20.00 per 1Kg",
    "COL Size": "approx. 125g"
  },
  {
    "Brand_Product_Size": "Jordans Low Sugar Granola Almond  And Hazelnut 500g",
    "COL Price": 3.5,
    "COL ppu": "$0.70 per 100G",
    "COL Size": "500g"
  },
  {
    "Brand_Product_Size": "Coles Unsweetened Almond Milk 1L",
    "COL Price": 2,
    "COL ppu": "$2.00 per 1L",
    "COL Size": "1L"
  },
  {
    "Brand_Product_Size": "Cedel Firm Hairspray 250g",
    "COL Price": 5,
    "COL ppu": "$2.00 per 100G",
    "COL Size": "250g"
  },
  {
    "Brand_Product_Size": "Yates Thrive All Purpose Soluble Fertiliser 500g",
    "COL Price": 10,
    "COL ppu": "$10.00 per 1ea",
    "COL Size": "500g"
  },
  {
    "Brand_Product_Size": "Pauls Smarter White Milk 1L",
    "COL Price": 2.1,
    "COL ppu": "$2.10 per 1L",
    "COL Size": "1L"
  },
  {
    "Brand_Product_Size": "Tuckers Natural Artisan Crackers Hummus 100g",
    "COL Price": 3.75,
    "COL ppu": "$3.75 per 100G",
    "COL Size": "100g"
  },
  {
    "Brand_Product_Size": "Keep It Cleaner Fermented Vegetables Kimchi 400g",
    "COL Price": 10,
    "COL ppu": "$2.50 per 100G",
    "COL Size": "400g"
  },
  {
    "Brand_Product_Size": "Purina One Succulent Chicken In Gravy Hairball Cat Food Pouch 70g",
    "COL Price": 1.8,
    "COL ppu": "$0.26 per 10G",
    "COL Size": "70g"
  },
  {
    "Brand_Product_Size": "Dare Cold Brew Strong Latte Coffee 300mL",
    "COL Price": 3.1,
    "COL ppu": "$10.33 per 1L",
    "COL Size": "300mL"
  },
  {
    "Brand_Product_Size": "Vaalia Probiotics Banana Kids Yoghurt Pouch 140g",
    "COL Price": 1.7,
    "COL ppu": "$1.21 per 100G",
    "COL Size": "140g"
  },
  {
    "Brand_Product_Size": "Kinder Bueno White Chocolate Bar 39g",
    "COL Price": 1,
    "COL ppu": "$2.56 per 100G",
    "COL Size": "39g"
  },
  {
    "Brand_Product_Size": "Palmolive Lime & Mint Foaming Liquid Hand Wash Refill 500mL",
    "COL Price": 5.5,
    "COL ppu": "$1.10 per 100mL",
    "COL Size": "500mL"
  },
  {
    "Brand_Product_Size": "Garnier Orange Juice & Hyaluronic Acid Hydra Bomb Eye Tissue Mask 6g",
    "COL Price": 2,
    "COL ppu": "$33.34 per 100G",
    "COL Size": "6g"
  },
  {
    "Brand_Product_Size": "Coles Baby Carrots Prepacked 500g",
    "COL Price": 1.8,
    "COL ppu": "$3.60 per 1Kg",
    "COL Size": "500g"
  },
  {
    "Brand_Product_Size": "Freedom Foods Messy Monkeys Chocolate Rice Puff Bars 6 pack 96g",
    "COL Price": 5.5,
    "COL ppu": "$5.73 per 100G",
    "COL Size": "96g"
  },
  {
    "Brand_Product_Size": "KB Flaming Crumbed Prawns 300g",
    "COL Price": 9.5,
    "COL ppu": "$31.67 per 1Kg",
    "COL Size": "300g"
  },
  {
    "Brand_Product_Size": "Panadol Optizorb Caplets 12 pack",
    "COL Price": 3.1,
    "COL ppu": "$0.26 per 1Ea",
    "COL Size": "12 pack"
  },
  {
    "Brand_Product_Size": "Poise Panty Liners 26 pack",
    "COL Price": 4.3,
    "COL ppu": "$0.17 per 1Ea",
    "COL Size": "26 pack"
  },
  {
    "Brand_Product_Size": "Goulburn Valley Mangoes Slices In Natural Juice 685g",
    "COL Price": 5.1,
    "COL ppu": "$7.45 per 1Kg",
    "COL Size": "685g"
  },
  {
    "Brand_Product_Size": "Wai Wai Rice Vermicelli Large 500g",
    "COL Price": 2.75,
    "COL ppu": "$0.55 per 100G",
    "COL Size": "500g"
  },
  {
    "Brand_Product_Size": "Red Rock Deli Basil Pesto Pecorino & Cashew Dip 150g",
    "COL Price": 4.5,
    "COL ppu": "$3.00 per 100G",
    "COL Size": "150g"
  },
  {
    "Brand_Product_Size": "Deli Express Grilled Eggplant 150g",
    "COL Price": 5,
    "COL ppu": "$3.33 per 100G",
    "COL Size": "150g"
  },
  {
    "Brand_Product_Size": "I&J Wild Caught New Zealand Hoki Fillets 500g",
    "COL Price": 9.5,
    "COL ppu": "$19.00 per 1Kg",
    "COL Size": "500g"
  },
  {
    "Brand_Product_Size": "Bonds Mens Trainer Logo Lite 11+ 4 pack",
    "COL Price": 15,
    "COL ppu": "$3.75 per 1Ea",
    "COL Size": "4 pack"
  },
  {
    "Brand_Product_Size": "Fountain Reduced Sugar Tomato Sauce 500mL",
    "COL Price": 2,
    "COL ppu": "$0.40 per 100mL",
    "COL Size": "500mL"
  },
  {
    "Brand_Product_Size": "Gaufrettes Chocolate Coated Wafers 250g",
    "COL Price": 3.6,
    "COL ppu": "$1.44 per 100G",
    "COL Size": "250g"
  },
  {
    "Brand_Product_Size": "Veet In Shower Sensitive Hair Removal Cream 150g",
    "COL Price": 14,
    "COL ppu": "$9.33 per 100G",
    "COL Size": "150g"
  },
  {
    "Brand_Product_Size": "Faber Castell Inspiration Pastel Set 20 pack",
    "COL Price": 10,
    "COL ppu": "$0.50 per 1Ea",
    "COL Size": "20 pack"
  },
  {
    "Brand_Product_Size": "Coles Kitchen Mongolian Beef And Jasmine Rice 350g",
    "COL Price": 6.5,
    "COL ppu": "$1.86 per 100G",
    "COL Size": "350g"
  },
  {
    "Brand_Product_Size": "Helga's Pumpkin Five Seed Bread 720g",
    "COL Price": 3.9,
    "COL ppu": "$0.54 per 100G",
    "COL Size": "720g"
  },
  {
    "Brand_Product_Size": "Cadbury Cherry Ripe Chocolate Multipack 12 Treats 180g",
    "COL Price": 2.5,
    "COL ppu": "$1.39 per 100G",
    "COL Size": "180g"
  },
  {
    "Brand_Product_Size": "Gippsland Dairy Toffee & Honeycomb Twist Yoghurt 720g",
    "COL Price": 5.5,
    "COL ppu": "$0.76 per 100G",
    "COL Size": "720g"
  },
  {
    "Brand_Product_Size": "Nivea Everyday Active Fresh Aerosol Antiperspirant Deodorant 250mL",
    "COL Price": 6.5,
    "COL ppu": "$2.60 per 100mL",
    "COL Size": "250mL"
  },
  {
    "Brand_Product_Size": "Coles Garlic Prawn Skewers Made with Aussie Prawns Thawed each",
    "COL Price": 2.5,
    "COL ppu": "$2.50 per 1Ea",
    "COL Size": "each"
  },
  {
    "Brand_Product_Size": "Coles Australian Roast Chicken Breast 150g",
    "COL Price": 5,
    "COL ppu": "$3.33 per 100G",
    "COL Size": "150g"
  },
  {
    "Brand_Product_Size": "Cook & Dine Foil Platters 5 pack",
    "COL Price": 3,
    "COL ppu": "$0.60 per 1Ea",
    "COL Size": "5 pack"
  },
  {
    "Brand_Product_Size": "Daley Street Aluminium Nespresso Compatible Intense Coffee Capsules 10 pack",
    "COL Price": 4,
    "COL ppu": "$0.40 per 1Ea",
    "COL Size": "10 pack"
  },
  {
    "Brand_Product_Size": "Coles Organic Tomato Passata 700g",
    "COL Price": 2.2,
    "COL ppu": "$0.31 per 100G",
    "COL Size": "700g"
  },
  {
    "Brand_Product_Size": "Coles Toothbrush & Paste Case 1 pack",
    "COL Price": 2.25,
    "COL ppu": "$2.25 per 1Ea",
    "COL Size": "1 pack"
  },
  {
    "Brand_Product_Size": "Nexba Soft Drink Orange 450mL",
    "COL Price": 3.15,
    "COL ppu": "$7.00 per 1L",
    "COL Size": "450mL"
  },
  {
    "Brand_Product_Size": "Moccona Cafe Classics Cappuccino 30 pack",
    "COL Price": 10.5,
    "COL ppu": "$0.35 per 1Ea",
    "COL Size": "30 pack"
  },
  {
    "Brand_Product_Size": "Coles Deli Jumbo BBQ Pasta Salad each",
    "COL Price": 11,
    "COL ppu": "$11.00 per 1Ea",
    "COL Size": "each"
  },
  {
    "Brand_Product_Size": "French Fries Original Potato Chips 6 pack 111g",
    "COL Price": 3.35,
    "COL ppu": "$3.02 per 100G",
    "COL Size": "111g"
  },
  {
    "Brand_Product_Size": "Darrell Lea Choc Coated Balls 140g",
    "COL Price": 4.4,
    "COL ppu": "$3.14 per 100G",
    "COL Size": "140g"
  },
  {
    "Brand_Product_Size": "Coles Deli Express Capocollo 80g",
    "COL Price": 6,
    "COL ppu": "$75.00 per 1Kg",
    "COL Size": "80g"
  },
  {
    "Brand_Product_Size": "Chicken Tonight Pub Favourites Chicken Pot Pie 490g",
    "COL Price": 2.5,
    "COL ppu": "$0.51 per 100G",
    "COL Size": "490g"
  },
  {
    "Brand_Product_Size": "Darrell Lea Raspberry Milk Chocolate Twists 200g",
    "COL Price": 4.4,
    "COL ppu": "$2.20 per 100G",
    "COL Size": "200g"
  },
  {
    "Brand_Product_Size": "Decor Vent & Seal Leak Proof Glass Container 750mL each",
    "COL Price": 11,
    "COL ppu": "$11.00 per 1Ea",
    "COL Size": "each"
  },
  {
    "Brand_Product_Size": "San Remo Pasta Spaghetti 750g",
    "COL Price": 2.9,
    "COL ppu": "$0.39 per 100G",
    "COL Size": "750g"
  },
  {
    "Brand_Product_Size": "Coles Celery 1 bunch",
    "COL Price": 3.5,
    "COL ppu": "$3.50 per 1Ea",
    "COL Size": "1 bunch"
  },
  {
    "Brand_Product_Size": "Maltesers Milk Chocolate Party Share Bag Medium 12 Piece Pack 144g",
    "COL Price": 5,
    "COL ppu": "$3.47 per 100G",
    "COL Size": "144g"
  },
  {
    "Brand_Product_Size": "Murray River Organics Berry Banana Muesli 5 Pack 300g",
    "COL Price": 7.5,
    "COL ppu": "$2.50 per 100G",
    "COL Size": "300g"
  },
  {
    "Brand_Product_Size": "Nescafe Gold Almond Latte Coffee Sachets 6 pack",
    "COL Price": 6.3,
    "COL ppu": "$1.05 per 1Ea",
    "COL Size": "6 pack"
  },
  {
    "Brand_Product_Size": "Hart & Soul Coconut Pumpkin Soup Pouch 400g",
    "COL Price": 3,
    "COL ppu": "$0.75 per 100G",
    "COL Size": "400g"
  },
  {
    "Brand_Product_Size": "Cocobella Pink Guava Flavour Pure Coconut Water 250mL",
    "COL Price": 2.15,
    "COL ppu": "$8.60 per 1L",
    "COL Size": "250mL"
  },
  {
    "Brand_Product_Size": "Tetley Tea Bags 100 pack 180g",
    "COL Price": 3.3,
    "COL ppu": "$1.83 per 100G",
    "COL Size": "180g"
  },
  {
    "Brand_Product_Size": "Peters Drumstick Minis Boysenberry Swirl Ice Cream Cones 6 Pack 480mL",
    "COL Price": 5,
    "COL ppu": "$1.04 per 100mL",
    "COL Size": "480mL"
  },
  {
    "Brand_Product_Size": "Coles Finest Angus Beef Cottage Pie 700g",
    "COL Price": 14,
    "COL ppu": "$2.00 per 100G",
    "COL Size": "700g"
  },
  {
    "Brand_Product_Size": "Coles Soft Icing Mixture 1 kg",
    "COL Price": 2.7,
    "COL ppu": "$0.27 per 100G",
    "COL Size": "1 kg"
  },
  {
    "Brand_Product_Size": "BIC 4 Colours Shine Pen 3 pack",
    "COL Price": 6.3,
    "COL ppu": "$2.10 per 1Ea",
    "COL Size": "3 pack"
  },
  {
    "Brand_Product_Size": "Hunt & Brew Colombia Flavoured Coffee 400mL",
    "COL Price": 3.4,
    "COL ppu": "$8.50 per 1L",
    "COL Size": "400mL"
  },
  {
    "Brand_Product_Size": "Purr Tuna & Ocean Fish Kitten Dry Cat Food 1kg",
    "COL Price": 7.5,
    "COL ppu": "$7.50 per 1Kg",
    "COL Size": "1kg"
  },
  {
    "Brand_Product_Size": "OMO Sensitive Top & Front Loader Laundry Detergent Washing Powder 2kg",
    "COL Price": 22,
    "COL ppu": "$11.00 per 1Kg",
    "COL Size": "2kg"
  },
  {
    "Brand_Product_Size": "White Wings Self Raising Flour 5kg",
    "COL Price": 9,
    "COL ppu": "$1.80 per 1Kg",
    "COL Size": "5kg"
  },
  {
    "Brand_Product_Size": "Devondale Moo Chocolate Flavoured Multipack Milk 200mL 6 pack",
    "COL Price": 4.35,
    "COL ppu": "$3.63 per 1L",
    "COL Size": "6 pack"
  },
  {
    "Brand_Product_Size": "Sunrice Jasmine Fragrant Rice 5kg",
    "COL Price": 16,
    "COL ppu": "$0.32 per 100G",
    "COL Size": "5kg"
  },
  {
    "Brand_Product_Size": "Bulla Light Thickened Cream 300mL",
    "COL Price": 2.5,
    "COL ppu": "$0.83 per 100mL",
    "COL Size": "300mL"
  },
  {
    "Brand_Product_Size": "Sunbites Cheddar & Chives Snack Crackers 110g",
    "COL Price": 3,
    "COL ppu": "$2.73 per 100G",
    "COL Size": "110g"
  },
  {
    "Brand_Product_Size": "Durex Fetherlite Ultra Thin Feel Condoms 30 pack",
    "COL Price": 15,
    "COL ppu": "$0.50 per 1Ea",
    "COL Size": "30 pack"
  },
  {
    "Brand_Product_Size": "Mission Crust Wholemeal Pizza 400g",
    "COL Price": 5.3,
    "COL ppu": "$1.33 per 100G",
    "COL Size": "400g"
  },
  {
    "Brand_Product_Size": "Cold Power Advanced Clean Laundry Powder 1kg",
    "COL Price": 11,
    "COL ppu": "$11.00 per 1Kg",
    "COL Size": "1kg"
  },
  {
    "Brand_Product_Size": "Elite Sugar Free Must Fruit Flavored Chewing Gum 30g",
    "COL Price": 2.5,
    "COL ppu": "$8.33 per 100G",
    "COL Size": "30g"
  },
  {
    "Brand_Product_Size": "Squid Fish Sauce 300mL",
    "COL Price": 1.6,
    "COL ppu": "$0.53 per 100mL",
    "COL Size": "300mL"
  },
  {
    "Brand_Product_Size": "Coles Kitchen Quiche Lorraine 2 pack 400g",
    "COL Price": 8.5,
    "COL ppu": "$2.13 per 100G",
    "COL Size": "400g"
  },
  {
    "Brand_Product_Size": "Coles Organic Quinoa Flakes 500g",
    "COL Price": 9.3,
    "COL ppu": "$1.86 per 100G",
    "COL Size": "500g"
  },
  {
    "Brand_Product_Size": "Bear Yo Yo's Strawberry Real Fruit & Veg Rolls 5 Pack 100g",
    "COL Price": 4.4,
    "COL ppu": "$4.40 per 100G",
    "COL Size": "100g"
  },
  {
    "Brand_Product_Size": "Fantastic Rice Squares Black Pepper 100g",
    "COL Price": 2.5,
    "COL ppu": "$2.50 per 100G",
    "COL Size": "100g"
  },
  {
    "Brand_Product_Size": "Coles Vanilla Flavour Custard 1L",
    "COL Price": 1.9,
    "COL ppu": "$1.90 per 1L",
    "COL Size": "1L"
  },
  {
    "Brand_Product_Size": "Bnei Darom Haruzim Green Pitted Olives 560g",
    "COL Price": 5.7,
    "COL ppu": "$10.18 per 1Kg",
    "COL Size": "560g"
  },
  {
    "Brand_Product_Size": "Mortein Crawling Insects Surface Spray 350g",
    "COL Price": 11,
    "COL ppu": "$3.14 per 100G",
    "COL Size": "350g"
  },
  {
    "Brand_Product_Size": "Coca-Cola Diet Coke 600mL",
    "COL Price": 3.75,
    "COL ppu": "$6.25 per 1L",
    "COL Size": "600mL"
  },
  {
    "Brand_Product_Size": "Uncle Tobys Plus Muesli Flakes 820g",
    "COL Price": 7.5,
    "COL ppu": "$0.91 per 100G",
    "COL Size": "820g"
  },
  {
    "Brand_Product_Size": "Coles Deli Fresh Pacific Oysters 6 pack",
    "COL Price": 8,
    "COL ppu": "$1.33 per 1Ea",
    "COL Size": "6 pack"
  },
  {
    "Brand_Product_Size": "Tandaco Southern Fried Chicken Coating Mix 75g",
    "COL Price": 1.8,
    "COL ppu": "$0.24 per 10G",
    "COL Size": "75g"
  },
  {
    "Brand_Product_Size": "Darikay Chicken And Corn Soup 550g",
    "COL Price": 6.5,
    "COL ppu": "$1.18 per 100G",
    "COL Size": "550g"
  },
  {
    "Brand_Product_Size": "V.I.P. Natures Goodness Grain Free Kangaroo Sweet Potato & Green Beans Dog Food 700g",
    "COL Price": 2.25,
    "COL ppu": "$0.32 per 100G",
    "COL Size": "700g"
  },
  {
    "Brand_Product_Size": "Huon Premium Cold Smoked Salmon 200g",
    "COL Price": 15,
    "COL ppu": "$75.00 per 1Kg",
    "COL Size": "200g"
  },
  {
    "Brand_Product_Size": "Starbucks By Nespresso Caffe Verona Capsules 10 pack",
    "COL Price": 6.9,
    "COL ppu": "$0.69 per 1Ea",
    "COL Size": "10 pack"
  },
  {
    "Brand_Product_Size": "Optix Titanium Pro Dishwashing Tablets 45 pack",
    "COL Price": 24,
    "COL ppu": "$5.33 per 100Ea",
    "COL Size": "45 pack"
  },
  {
    "Brand_Product_Size": "Gillette Fusion Manual Razor 2up 1 each",
    "COL Price": 17,
    "COL ppu": "",
    "COL Size": "1 each"
  },
  {
    "Brand_Product_Size": "Starbucks By Nespresso Blonde Espresso Roast Capsules 10 pack",
    "COL Price": 6.9,
    "COL ppu": "$0.69 per 1Ea",
    "COL Size": "10 pack"
  },
  {
    "Brand_Product_Size": "Woofin Good Dental Small Dog Treat 6 pack",
    "COL Price": 6,
    "COL ppu": "$1.00 per 1Ea",
    "COL Size": "6 pack"
  },
  {
    "Brand_Product_Size": "Norco Finest Full Cream Milk 1.5L",
    "COL Price": 3.8,
    "COL ppu": "$2.53 per 1L",
    "COL Size": "1.5L"
  },
  {
    "Brand_Product_Size": "The Natural Confectionery Co. Less Sugar Fruity Gems Lollies 300g",
    "COL Price": 5,
    "COL ppu": "$1.67 per 100G",
    "COL Size": "300g"
  },
  {
    "Brand_Product_Size": "Dove Women Original Antiperspirant Aerosol Deodorant 30g",
    "COL Price": 4,
    "COL ppu": "$13.33 per 100G",
    "COL Size": "30g"
  },
  {
    "Brand_Product_Size": "Heritage Mill Honey Roasted Almond & Peach Natural Muesli 500g",
    "COL Price": 7,
    "COL ppu": "$1.40 per 100G",
    "COL Size": "500g"
  },
  {
    "Brand_Product_Size": "Sunrice Jasmine Rice 2kg",
    "COL Price": 6.5,
    "COL ppu": "$0.33 per 100G",
    "COL Size": "2kg"
  },
  {
    "Brand_Product_Size": "Coles Multipack Mini Biscuits Choc Chip Cookies 8 Pack 180g",
    "COL Price": 2.3,
    "COL ppu": "$1.28 per 100G",
    "COL Size": "180g"
  },
  {
    "Brand_Product_Size": "Green's Self Saucing Lemon Pudding 260g",
    "COL Price": 2.8,
    "COL ppu": "$1.08 per 100G",
    "COL Size": "260g"
  },
  {
    "Brand_Product_Size": "Coles Lightly Fruited Sultana Cake 800g",
    "COL Price": 4.3,
    "COL ppu": "$0.54 per 100G",
    "COL Size": "800g"
  },
  {
    "Brand_Product_Size": "Latina Fresh Egg Fettuccine 375g",
    "COL Price": 3.5,
    "COL ppu": "$0.93 per 100G",
    "COL Size": "375g"
  },
  {
    "Brand_Product_Size": "Coles Premium Red Wine Jus 200mL",
    "COL Price": 4,
    "COL ppu": "$2.00 per 100mL",
    "COL Size": "200mL"
  },
  {
    "Brand_Product_Size": "Robert Timms Cafe Series Freeze Dried Dark Roast 90g",
    "COL Price": 3.97,
    "COL ppu": "$4.41 per 100G",
    "COL Size": "90g"
  },
  {
    "Brand_Product_Size": "TKO Out For The Count Flying Insect Killer 350g",
    "COL Price": 5,
    "COL ppu": "$1.43 per 100G",
    "COL Size": "350g"
  },
  {
    "Brand_Product_Size": "Sukin Signature Travel Pack 5 pack",
    "COL Price": 20,
    "COL ppu": "$4.00 per 1Ea",
    "COL Size": "5 pack"
  },
  {
    "Brand_Product_Size": "Sweet William Original Chocolate 100g",
    "COL Price": 3.6,
    "COL ppu": "$3.60 per 100G",
    "COL Size": "100g"
  },
  {
    "Brand_Product_Size": "Plumrose Leg Ham 450g",
    "COL Price": 10.5,
    "COL ppu": "$23.33 per 1Kg",
    "COL Size": "450g"
  },
  {
    "Brand_Product_Size": "Queen Organic Vanilla Essence 50mL",
    "COL Price": 4,
    "COL ppu": "$0.80 per 10mL",
    "COL Size": "50mL"
  },
  {
    "Brand_Product_Size": "Coles Organic Apple Cider Vinegar 500mL",
    "COL Price": 3.5,
    "COL ppu": "$0.70 per 100mL",
    "COL Size": "500mL"
  },
  {
    "Brand_Product_Size": "Metamucil Daily Fibre Supplement Smooth Orange 72 Doses 425g",
    "COL Price": 23,
    "COL ppu": "$5.41 per 100G",
    "COL Size": "425g"
  },
  {
    "Brand_Product_Size": "Weight Watchers Frozen Chicken & Mushroom Fettuccine 300g",
    "COL Price": 4,
    "COL ppu": "$1.33 per 100G",
    "COL Size": "300g"
  },
  {
    "Brand_Product_Size": "Halo Top Chocolate Chip Cookie Dough Ice Cream Tub 473mL",
    "COL Price": 9,
    "COL ppu": "$1.90 per 100mL",
    "COL Size": "473mL"
  },
  {
    "Brand_Product_Size": "Tena Lady Pads Normal 12 pack",
    "COL Price": 4.2,
    "COL ppu": "$0.35 per 1Ea",
    "COL Size": "12 pack"
  },
  {
    "Brand_Product_Size": "Fancy Feast Cheddar Delights Grilled Whitefish in Gravy Cat Food 85g",
    "COL Price": 1.45,
    "COL ppu": "$1.71 per 100G",
    "COL Size": "85g"
  },
  {
    "Brand_Product_Size": "Coles Morello Cherries 680g",
    "COL Price": 3.15,
    "COL ppu": "$0.46 per 100G",
    "COL Size": "680g"
  },
  {
    "Brand_Product_Size": "Femfresh Triple Deodorising Wash 250mL",
    "COL Price": 6.75,
    "COL ppu": "$2.70 per 100mL",
    "COL Size": "250mL"
  },
  {
    "Brand_Product_Size": "Western Star Original Soft Spreadable Butter 375g",
    "COL Price": 5,
    "COL ppu": "$1.33 per 100G",
    "COL Size": "375g"
  },
  {
    "Brand_Product_Size": "Snowdonia Beechwood Smoked Cheddar approx. 100g",
    "COL Price": 6,
    "COL ppu": "$60.00 per 1Kg",
    "COL Size": "approx. 100g"
  },
  {
    "Brand_Product_Size": "Coles Green Asparagus 1 bunch",
    "COL Price": 2,
    "COL ppu": "$2.00 per 1Ea",
    "COL Size": "1 bunch"
  },
  {
    "Brand_Product_Size": "Tasmanian Heritage Camembert 250g",
    "COL Price": 8,
    "COL ppu": "$32.00 per 1Kg",
    "COL Size": "250g"
  },
  {
    "Brand_Product_Size": "The Juice Brothers Apple Pear Blueberry 1.5L",
    "COL Price": 7,
    "COL ppu": "$4.67 per 1L",
    "COL Size": "1.5L"
  },
  {
    "Brand_Product_Size": "L'Oreal Paris Revitalift Filler Radiant Mask 35g 1 pack",
    "COL Price": 5.6,
    "COL ppu": "$5.60 per 1Ea",
    "COL Size": "1 pack"
  },
  {
    "Brand_Product_Size": "Cook & Dine Herringbone Pastel Tea Towels 5 pack",
    "COL Price": 12,
    "COL ppu": "$2.40 per 1Ea",
    "COL Size": "5 pack"
  },
  {
    "Brand_Product_Size": "Goldenfry Beef Gravy Granules 300g",
    "COL Price": 5.3,
    "COL ppu": "$1.77 per 100G",
    "COL Size": "300g"
  },
  {
    "Brand_Product_Size": "Coles I'M Free From Corn Chips Quinoa & Chia Cheese 168g",
    "COL Price": 3.5,
    "COL ppu": "$2.08 per 100G",
    "COL Size": "168g"
  },
  {
    "Brand_Product_Size": "Coles Irresistable Chocolate Ice Cream Sticks 4 Pack 468mL",
    "COL Price": 3.8,
    "COL ppu": "$0.81 per 100mL",
    "COL Size": "468mL"
  },
  {
    "Brand_Product_Size": "Arnott's Iced VoVo Biscuits 210g",
    "COL Price": 3,
    "COL ppu": "$1.43 per 100G",
    "COL Size": "210g"
  },
  {
    "Brand_Product_Size": "Kan Tong Thai Red Curry Paste 250g",
    "COL Price": 3.99,
    "COL ppu": "$1.60 per 100G",
    "COL Size": "250g"
  },
  {
    "Brand_Product_Size": "L'Oreal Preference Brasilia Permanent Hair Colour 1 pack",
    "COL Price": 9.5,
    "COL ppu": "$9.50 per 1Ea",
    "COL Size": "1 pack"
  },
  {
    "Brand_Product_Size": "Amy's Kitchen Rozen Burrito Vegan Gluten Free Bean & Rice 156g",
    "COL Price": 4.9,
    "COL ppu": "$3.14 per 100G",
    "COL Size": "156g"
  },
  {
    "Brand_Product_Size": "Coles Natures Kitchen Thai Green Vegetable Curry With Mixed Grain Rice 350g",
    "COL Price": 7,
    "COL ppu": "$2.00 per 100G",
    "COL Size": "350g"
  },
  {
    "Brand_Product_Size": "Coles Purple Cauliflower Medium each",
    "COL Price": 4.9,
    "COL ppu": "$4.90 per 1Ea",
    "COL Size": "each"
  },
  {
    "Brand_Product_Size": "Gefen Fructose Free Ketchup 794g",
    "COL Price": 7.1,
    "COL ppu": "$0.89 per 100G",
    "COL Size": "794g"
  },
  {
    "Brand_Product_Size": "Aeroplane Raspberry Jelly Crystals 85g",
    "COL Price": 1.15,
    "COL ppu": "$1.35 per 100G",
    "COL Size": "85g"
  },
  {
    "Brand_Product_Size": "Smith's Sour Cream & Onion Thinly Cut Potato Chips 175g",
    "COL Price": 2,
    "COL ppu": "$1.14 per 100G",
    "COL Size": "175g"
  },
  {
    "Brand_Product_Size": "Bonds Skinny Legging Mix Colour Small/Medium 1 pack",
    "COL Price": 20,
    "COL ppu": "$20.00 per 1Ea",
    "COL Size": "1 pack"
  },
  {
    "Brand_Product_Size": "Magazine Take 5 Monthly each",
    "COL Price": 4.99,
    "COL ppu": "$4.99 per 1Ea",
    "COL Size": "each"
  },
  {
    "Brand_Product_Size": "Coles Singapore Noodles 375g",
    "COL Price": 3,
    "COL ppu": "$0.80 per 100G",
    "COL Size": "375g"
  },
  {
    "Brand_Product_Size": "Super Nature Frozen Super Pulses Vegan Bolognese 300g",
    "COL Price": 4,
    "COL ppu": "$1.33 per 100G",
    "COL Size": "300g"
  },
  {
    "Brand_Product_Size": "Tasmanian Heritage Camembert 250g",
    "COL Price": 8,
    "COL ppu": "$32.00 per 1Kg",
    "COL Size": "250g"
  },
  {
    "Brand_Product_Size": "Gourmet Emporium Turkish Baklava 300g",
    "COL Price": 7,
    "COL ppu": "$2.33 per 100G",
    "COL Size": "300g"
  },
  {
    "Brand_Product_Size": "Coles Lamb Fry approx. 600g pack",
    "COL Price": 5.1,
    "COL ppu": "$8.50 per 1Kg",
    "COL Size": "approx. 600g pack"
  },
  {
    "Brand_Product_Size": "Sera Dolmades 300g",
    "COL Price": 3.5,
    "COL ppu": "$1.17 per 100G",
    "COL Size": "300g"
  },
  {
    "Brand_Product_Size": "Nexba Kombucha Mixed Berry 450mL",
    "COL Price": 3.15,
    "COL ppu": "$7.00 per 1L",
    "COL Size": "450mL"
  },
  {
    "Brand_Product_Size": "Cook & Dine Teal Soup Mug each",
    "COL Price": 4,
    "COL ppu": "$4.00 per 1Ea",
    "COL Size": "each"
  },
  {
    "Brand_Product_Size": "Coles Diet Lime Soft Drink 1.25L",
    "COL Price": 1,
    "COL ppu": "$0.80 per 1L",
    "COL Size": "1.25L"
  },
  {
    "Brand_Product_Size": "Loacker Gran Pasticceria Original Tortina Chocolate Biscuit 125g",
    "COL Price": 4,
    "COL ppu": "$3.20 per 100G",
    "COL Size": "125g"
  },
  {
    "Brand_Product_Size": "Kellogg's Special K Gluten Free Breakfast Cereal 330g",
    "COL Price": 5.5,
    "COL ppu": "$1.67 per 100G",
    "COL Size": "330g"
  },
  {
    "Brand_Product_Size": "Coles Smoked Salmon 75g",
    "COL Price": 4,
    "COL ppu": "$53.34 per 1Kg",
    "COL Size": "75g"
  },
  {
    "Brand_Product_Size": "U By Kotex Super Maxi Pads 14 pack",
    "COL Price": 4,
    "COL ppu": "$0.29 per 1Ea",
    "COL Size": "14 pack"
  },
  {
    "Brand_Product_Size": "Cook & Dine Plastic Dinner Plate 50 pack",
    "COL Price": 6,
    "COL ppu": "$12.00 per 100Ea",
    "COL Size": "50 pack"
  },
  {
    "Brand_Product_Size": "Uncle Tobys Oats Quick Sachets Breakfast Cereal Original Big Bowl 368g",
    "COL Price": 2.5,
    "COL ppu": "$0.68 per 100G",
    "COL Size": "368g"
  },
  {
    "Brand_Product_Size": "Fever-Tree Refreshingly Light Indian Tonic Water Multipack 4x200mL 4 pack",
    "COL Price": 6,
    "COL ppu": "$7.50 per 1L",
    "COL Size": "4 pack"
  },
  {
    "Brand_Product_Size": "Cadbury Crunchie Bites Tub 340g",
    "COL Price": 12,
    "COL ppu": "$3.53 per 100G",
    "COL Size": "340g"
  },
  {
    "Brand_Product_Size": "McCain Frozen BBQ Meatlovers Family Pizza 500g",
    "COL Price": 5.5,
    "COL ppu": "$1.10 per 100G",
    "COL Size": "500g"
  },
  {
    "Brand_Product_Size": "Lean Cuisine Chicken Cheese & Pasta 375g",
    "COL Price": 4.5,
    "COL ppu": "$1.20 per 100G",
    "COL Size": "375g"
  },
  {
    "Brand_Product_Size": "Bulla Sour Cream 400mL",
    "COL Price": 4.2,
    "COL ppu": "$1.05 per 100G",
    "COL Size": "400mL"
  },
  {
    "Brand_Product_Size": "Golden Pancakes 6 Pack 360g",
    "COL Price": 5,
    "COL ppu": "$1.39 per 100G",
    "COL Size": "360g"
  },
  {
    "Brand_Product_Size": "Quit Nits Detangling Spray 150mL",
    "COL Price": 10,
    "COL ppu": "$6.67 per 100mL",
    "COL Size": "150mL"
  },
  {
    "Brand_Product_Size": "Birds Eye Snap Frozen Corn Cobs 1kg",
    "COL Price": 5,
    "COL ppu": "$5.00 per 1Kg",
    "COL Size": "1kg"
  },
  {
    "Brand_Product_Size": "Kezs Kitchen Gluten Free All Natural Fudgy Choc Brownie Bar 45g",
    "COL Price": 2,
    "COL ppu": "$4.44 per 100G",
    "COL Size": "45g"
  },
  {
    "Brand_Product_Size": "Streets Paddle Pop Rainbow 1L",
    "COL Price": 6,
    "COL ppu": "$0.60 per 100mL",
    "COL Size": "1L"
  },
  {
    "Brand_Product_Size": "Pedigree Casserole With Chicken & Gravy Adult Dog Food 1.2kg",
    "COL Price": 3.5,
    "COL ppu": "$0.29 per 100G",
    "COL Size": "1.2kg"
  },
  {
    "Brand_Product_Size": "Cub Apple & Raisin Fruit & Oat Bar 6 pack",
    "COL Price": 2.75,
    "COL ppu": "$0.46 per 1Ea",
    "COL Size": "6 pack"
  },
  {
    "Brand_Product_Size": "Coles Finest Finest Angus Beef & Shiraz Casserole With Mash 400g",
    "COL Price": 8.5,
    "COL ppu": "$2.13 per 100G",
    "COL Size": "400g"
  },
  {
    "Brand_Product_Size": "Neutrogena Clear & Defend Facial Cleanser 200mL",
    "COL Price": 15,
    "COL ppu": "$7.50 per 100mL",
    "COL Size": "200mL"
  },
  {
    "Brand_Product_Size": "Ajax Professional Kitchen Trigger 500mL",
    "COL Price": 5.8,
    "COL ppu": "$1.16 per 100mL",
    "COL Size": "500mL"
  },
  {
    "Brand_Product_Size": "Coles Finest Creamy Butter Chicken 400g",
    "COL Price": 8.5,
    "COL ppu": "$2.13 per 100G",
    "COL Size": "400g"
  },
  {
    "Brand_Product_Size": "KIND Dark Chocolates Nuts & Sea Salt Bar 40g",
    "COL Price": 3,
    "COL ppu": "$7.50 per 100G",
    "COL Size": "40g"
  },
  {
    "Brand_Product_Size": "My Dog Classic Lamb Dog Food 6 pack",
    "COL Price": 8.5,
    "COL ppu": "$1.42 per 1Ea",
    "COL Size": "6 pack"
  },
  {
    "Brand_Product_Size": "Coles A4 Copy Paper 1 pack",
    "COL Price": 5,
    "COL ppu": "$5.00 per 1Ea",
    "COL Size": "1 pack"
  },
  {
    "Brand_Product_Size": "NRG Rechargeable Battery AA 4 pack",
    "COL Price": 14,
    "COL ppu": "$3.50 per 1Ea",
    "COL Size": "4 pack"
  },
  {
    "Brand_Product_Size": "Quilton 3 Ply Unscented White Toilet Paper 12 pack",
    "COL Price": 7,
    "COL ppu": "$0.32 per 100Ea",
    "COL Size": "12 pack"
  },
  {
    "Brand_Product_Size": "Parker's Baked Mini Pretzels 225g",
    "COL Price": 3.55,
    "COL ppu": "$1.58 per 100G",
    "COL Size": "225g"
  },
  {
    "Brand_Product_Size": "Patties Frozen Mini Combo Party Pies & Sausage Rolls 40 pack 1kg",
    "COL Price": 7.75,
    "COL ppu": "$0.78 per 100G",
    "COL Size": "1kg"
  },
  {
    "Brand_Product_Size": "Yumi's Gluten Free Traditional Middle Eastern Hommus Dip 1kg",
    "COL Price": 7,
    "COL ppu": "$0.70 per 100G",
    "COL Size": "1kg"
  },
  {
    "Brand_Product_Size": "Mix Sheer Knee Highs 15 Denier Black Size 1 4 pack",
    "COL Price": 5,
    "COL ppu": "$1.25 per 1Ea",
    "COL Size": "4 pack"
  },
  {
    "Brand_Product_Size": "Nola Ouma Buttermilk Rusks 500g",
    "COL Price": 7.35,
    "COL ppu": "$1.47 per 100G",
    "COL Size": "500g"
  },
  {
    "Brand_Product_Size": "Schwarzkopf Brilliance Coffee Brown Intense Colour Creme 1 pack",
    "COL Price": 14.4,
    "COL ppu": "$14.40 per 1Ea",
    "COL Size": "1 pack"
  },
  {
    "Brand_Product_Size": "Nature's Way COQ10 150mg Capsules 60 pack",
    "COL Price": 30,
    "COL ppu": "$0.50 per 1Ea",
    "COL Size": "60 pack"
  },
  {
    "Brand_Product_Size": "Coles Deli Delre Goat Milk Caprakaas approx. 100g",
    "COL Price": 5.3,
    "COL ppu": "$53.00 per 1Kg",
    "COL Size": "approx. 100g"
  },
  {
    "Brand_Product_Size": "Oral-B All Rounder Fresh Clean Toothbrush Medium 4 Pack + Clinical Gum Protection 100g",
    "COL Price": 10.5,
    "COL ppu": "$10.50 per 1Ea",
    "COL Size": "100g"
  },
  {
    "Brand_Product_Size": "Nood Salmon Recipe With Probiotics Dry Cat Food 1.5kg",
    "COL Price": 14,
    "COL ppu": "$0.93 per 100G",
    "COL Size": "1.5kg"
  },
  {
    "Brand_Product_Size": "Intuition Island Berry Refill 6 pack",
    "COL Price": 10,
    "COL ppu": "$1.67 per 1Ea",
    "COL Size": "6 pack"
  },
  {
    "Brand_Product_Size": "Nexba Strawberry & Raspberry Flavoured Sparkling Water 1L",
    "COL Price": 2.65,
    "COL ppu": "$2.65 per 1L",
    "COL Size": "1L"
  },
  {
    "Brand_Product_Size": "Coles Smart Buy Lemon Laundry Liquid 2L",
    "COL Price": 1.5,
    "COL ppu": "$0.75 per 1L",
    "COL Size": "2L"
  },
  {
    "Brand_Product_Size": "Deli Express Grilled Zucchini 140g",
    "COL Price": 5,
    "COL ppu": "$3.57 per 100G",
    "COL Size": "140g"
  },
  {
    "Brand_Product_Size": "Coles Oregano Punnet 10g",
    "COL Price": 3,
    "COL ppu": "$3.00 per 10G",
    "COL Size": "10g"
  },
  {
    "Brand_Product_Size": "Ice Break Iced Coffee Flavoured Milk 750mL",
    "COL Price": 4.15,
    "COL ppu": "$5.53 per 1L",
    "COL Size": "750mL"
  },
  {
    "Brand_Product_Size": "Coles Graze Grass Fed Beef Meatballs 420g",
    "COL Price": 6.5,
    "COL ppu": "$15.48 per 1Kg",
    "COL Size": "420g"
  },
  {
    "Brand_Product_Size": "Powerade Mountain Blast Sports Drink 600mL",
    "COL Price": 3.65,
    "COL ppu": "$6.08 per 1L",
    "COL Size": "600mL"
  },
  {
    "Brand_Product_Size": "Pic's Really Good Crunchy Peanut Butter 1kg",
    "COL Price": 15,
    "COL ppu": "$1.50 per 100G",
    "COL Size": "1kg"
  },
  {
    "Brand_Product_Size": "Batiste Coconut & Exotic Tropical Dry Shampoo 200mL",
    "COL Price": 10,
    "COL ppu": "$5.00 per 100mL",
    "COL Size": "200mL"
  },
  {
    "Brand_Product_Size": "Pureau Ultra Pure Water 10L",
    "COL Price": 8.55,
    "COL ppu": "$0.86 per 1L",
    "COL Size": "10L"
  },
  {
    "Brand_Product_Size": "Oak Iced Coffee 300mL",
    "COL Price": 2.1,
    "COL ppu": "$7.00 per 1L",
    "COL Size": "300mL"
  },
  {
    "Brand_Product_Size": "Karicare+ Goat Stage 2 Follow-On Formula 900g",
    "COL Price": 42,
    "COL ppu": "$4.67 per 100G",
    "COL Size": "900g"
  },
  {
    "Brand_Product_Size": "Frantelle Lime & Lemon Essence Sparkling Water Cans 375mL 10 pack",
    "COL Price": 8,
    "COL ppu": "$2.13 per 1L",
    "COL Size": "10 pack"
  },
  {
    "Brand_Product_Size": "Peckish Gluten Free Fancies Caramelised Onion & Balsamic Vinegar Rice Crackers 90g",
    "COL Price": 1.4,
    "COL ppu": "$1.56 per 100G",
    "COL Size": "90g"
  },
  {
    "Brand_Product_Size": "Coles Mini Savoy Cabbage each",
    "COL Price": 5.9,
    "COL ppu": "$5.90 per 1Ea",
    "COL Size": "each"
  },
  {
    "Brand_Product_Size": "Cook & Dine Black Classic Tea Towels 3 pack",
    "COL Price": 6.5,
    "COL ppu": "$2.17 per 1Ea",
    "COL Size": "3 pack"
  },
  {
    "Brand_Product_Size": "Nando's Medium Peri-Peri Sauce 125g",
    "COL Price": 3.85,
    "COL ppu": "$3.08 per 100G",
    "COL Size": "125g"
  },
  {
    "Brand_Product_Size": "Nicabate Minis Quit Smoking Lozenge 4mg 60 pack",
    "COL Price": 33.2,
    "COL ppu": "$0.55 per 1Ea",
    "COL Size": "60 pack"
  },
  {
    "Brand_Product_Size": "Bosisto's Stress Nasal Inhaler 1g",
    "COL Price": 7,
    "COL ppu": "$7.00 per 1Ea",
    "COL Size": "1g"
  },
  {
    "Brand_Product_Size": "Ivans Cottage Pie 600g",
    "COL Price": 12.5,
    "COL ppu": "$2.08 per 100G",
    "COL Size": "600g"
  },
  {
    "Brand_Product_Size": "Streets Golden Gaytime Violet Crumble 4 Pack 400mL",
    "COL Price": 4.25,
    "COL ppu": "$1.06 per 100mL",
    "COL Size": "400mL"
  },
  {
    "Brand_Product_Size": "Nutty Bruce Smooth Almond Butter 250g",
    "COL Price": 8,
    "COL ppu": "$3.20 per 100G",
    "COL Size": "250g"
  },
  {
    "Brand_Product_Size": "Sunbites Caramelised Onion Snack Crackers 120g",
    "COL Price": 3.5,
    "COL ppu": "$2.92 per 100G",
    "COL Size": "120g"
  },
  {
    "Brand_Product_Size": "Yumi's Real-Whole Egg Mayonnaise 350g",
    "COL Price": 4.5,
    "COL ppu": "$1.29 per 100G",
    "COL Size": "350g"
  },
  {
    "Brand_Product_Size": "Nivea Naturally Good Wash Gel Micellar 140mL",
    "COL Price": 11,
    "COL ppu": "$7.86 per 100mL",
    "COL Size": "140mL"
  },
  {
    "Brand_Product_Size": "Coles Kitchen Pizza Pumpkin & Fetta 470g",
    "COL Price": 5,
    "COL ppu": "$1.06 per 100G",
    "COL Size": "470g"
  },
  {
    "Brand_Product_Size": "Coles Finest Lamb Rosemary & Fetta Sausages 500g",
    "COL Price": 7.5,
    "COL ppu": "$15.00 per 1Kg",
    "COL Size": "500g"
  },
  {
    "Brand_Product_Size": "Coles Queensland Macadamia Honey 400g",
    "COL Price": 7.5,
    "COL ppu": "$1.88 per 100G",
    "COL Size": "400g"
  },
  {
    "Brand_Product_Size": "Danone The Ultimate Blueberry Yoghurt 4x115g 4 pack",
    "COL Price": 4.5,
    "COL ppu": "$0.98 per 100G",
    "COL Size": "4 pack"
  },
  {
    "Brand_Product_Size": "Coles Extra Large Oven Bags 4 pack",
    "COL Price": 1.5,
    "COL ppu": "$0.38 per 1Ea",
    "COL Size": "4 pack"
  },
  {
    "Brand_Product_Size": "Nescafe Decaffeinated Cappuccino Coffee Sachets 10 pack",
    "COL Price": 6.3,
    "COL ppu": "$0.63 per 1Ea",
    "COL Size": "10 pack"
  },
  {
    "Brand_Product_Size": "Coles Bubble Bath 1L",
    "COL Price": 1.8,
    "COL ppu": "$0.18 per 100mL",
    "COL Size": "1L"
  },
  {
    "Brand_Product_Size": "Dr.Oetker Frozen Papa Giuseppi's Rising Stuffed Crust Supreme Pizza 525g",
    "COL Price": 6,
    "COL ppu": "$1.14 per 100G",
    "COL Size": "525g"
  },
  {
    "Brand_Product_Size": "Maybelline Matte Ink Super Stay Seductress Lipstick 5mL",
    "COL Price": 11,
    "COL ppu": "$22.00 per 10mL",
    "COL Size": "5mL"
  },
  {
    "Brand_Product_Size": "Marco Polo Pelagonia White Beans 375g",
    "COL Price": 2.5,
    "COL ppu": "$0.67 per 100G",
    "COL Size": "375g"
  },
  {
    "Brand_Product_Size": "Moccona Classic Dark Roast Instant Coffee 100g",
    "COL Price": 9.95,
    "COL ppu": "$9.95 per 100G",
    "COL Size": "100g"
  },
  {
    "Brand_Product_Size": "Hans Leg Ham & Tomato Chutney Lunch Plate 110g",
    "COL Price": 6.5,
    "COL ppu": "$5.91 per 100G",
    "COL Size": "110g"
  },
  {
    "Brand_Product_Size": "Higher Living Organic Rooibos 40 pack",
    "COL Price": 5,
    "COL ppu": "$0.13 per 1Ea",
    "COL Size": "40 pack"
  },
  {
    "Brand_Product_Size": "Rafferty's Garden Chicken Vegetables & Rice 6+ Months 120g",
    "COL Price": 1.9,
    "COL ppu": "$1.58 per 100G",
    "COL Size": "120g"
  },
  {
    "Brand_Product_Size": "Coles Kitchen Pull Apart Cheese Tomato & Bacon 340g",
    "COL Price": 4.5,
    "COL ppu": "$1.32 per 100G",
    "COL Size": "340g"
  },
  {
    "Brand_Product_Size": "Gourmet Garden Garlic Cold Blende Paste Value Pack 120g",
    "COL Price": 4.5,
    "COL ppu": "$0.38 per 10G",
    "COL Size": "120g"
  },
  {
    "Brand_Product_Size": "Sudafed PE Sinus + Anti-infammatory & Pain Tablets 20 pack",
    "COL Price": 15.4,
    "COL ppu": "$0.77 per 1Ea",
    "COL Size": "20 pack"
  },
  {
    "Brand_Product_Size": "Grinders Rich & Bold Espresso Ground Coffee 200g",
    "COL Price": 9.55,
    "COL ppu": "$4.78 per 100G",
    "COL Size": "200g"
  },
  {
    "Brand_Product_Size": "Fromager D'affiniois Petite D'affinois 150g",
    "COL Price": 10,
    "COL ppu": "$66.67 per 1Kg",
    "COL Size": "150g"
  },
  {
    "Brand_Product_Size": "Aussie Bodies HPLC Chocolate Protein Bar 100g",
    "COL Price": 5,
    "COL ppu": "$5.00 per 1Ea",
    "COL Size": "100g"
  },
  {
    "Brand_Product_Size": "Household Candles 6 pack",
    "COL Price": 2.5,
    "COL ppu": "$0.42 per 1Ea",
    "COL Size": "6 pack"
  },
  {
    "Brand_Product_Size": "Cook & Dine Patterned Nibble Bowl each",
    "COL Price": 2.4,
    "COL ppu": "$2.40 per 1Ea",
    "COL Size": "each"
  },
  {
    "Brand_Product_Size": "Cook & Dine Pink Tea Towels 3 pack",
    "COL Price": 7,
    "COL ppu": "$2.33 per 1Ea",
    "COL Size": "3 pack"
  },
  {
    "Brand_Product_Size": "Primo Cheese & Cookies Twiggy Bites 45g",
    "COL Price": 4,
    "COL ppu": "$8.89 per 100G",
    "COL Size": "45g"
  },
  {
    "Brand_Product_Size": "Primo BBQ Sausages 800g",
    "COL Price": 5,
    "COL ppu": "$0.63 per 100G",
    "COL Size": "800g"
  },
  {
    "Brand_Product_Size": "McCain Man Size Chicken Bacon Bake 480g",
    "COL Price": 6,
    "COL ppu": "$1.25 per 100G",
    "COL Size": "480g"
  },
  {
    "Brand_Product_Size": "Beechworth Bee Cause Australian River Honey 400g",
    "COL Price": 8.5,
    "COL ppu": "$2.13 per 100G",
    "COL Size": "400g"
  },
  {
    "Brand_Product_Size": "McCain Frozen Healthy Choice Tomato & Bacon Penne 300g",
    "COL Price": 4,
    "COL ppu": "$1.33 per 100G",
    "COL Size": "300g"
  },
  {
    "Brand_Product_Size": "4 legs Natural Wellness Boost Dog Food Chicken With Salmon Vegies & Fruit 1.4kg",
    "COL Price": 5,
    "COL ppu": "$0.36 per 100G",
    "COL Size": "1.4kg"
  },
  {
    "Brand_Product_Size": "British Black Pudding each",
    "COL Price": 3.75,
    "COL ppu": "$3.75 per 1Ea",
    "COL Size": "each"
  },
  {
    "Brand_Product_Size": "Mingle Spicy Mexican Seasoning 50g",
    "COL Price": 4.95,
    "COL ppu": "$0.99 per 10G",
    "COL Size": "50g"
  },
  {
    "Brand_Product_Size": "Hanabi Frozen Steamed Baby Scallops 500g",
    "COL Price": 7,
    "COL ppu": "$1.40 per 100G",
    "COL Size": "500g"
  },
  {
    "Brand_Product_Size": "White Glo Accelerator Refill Gel 1 pack",
    "COL Price": 15,
    "COL ppu": "$15.00 per 1Ea",
    "COL Size": "1 pack"
  },
  {
    "Brand_Product_Size": "Headgear Barbers Wax 100g",
    "COL Price": 9,
    "COL ppu": "$9.00 per 100G",
    "COL Size": "100g"
  },
  {
    "Brand_Product_Size": "Toshiba USB 2.0 SM02 16GB 3 pack",
    "COL Price": 27.2,
    "COL ppu": "$9.07 per 1Ea",
    "COL Size": "3 pack"
  },
  {
    "Brand_Product_Size": "Bnei Darom Mini Cucumbers In Brine 560g",
    "COL Price": 6,
    "COL ppu": "$10.71 per 1Kg",
    "COL Size": "560g"
  },
  {
    "Brand_Product_Size": "Sensodyne Sensitive Teeth Pain Daily Care + Whitening Toothpaste 110g",
    "COL Price": 9.2,
    "COL ppu": "$8.36 per 100G",
    "COL Size": "110g"
  },
  {
    "Brand_Product_Size": "Coles Banana Bread Slices 5 pack 500g",
    "COL Price": 4.5,
    "COL ppu": "$0.90 per 100G",
    "COL Size": "500g"
  },
  {
    "Brand_Product_Size": "Coles Bakery Custard Filled Profiteroles 8 pack",
    "COL Price": 4.5,
    "COL ppu": "$0.56 per 1Ea",
    "COL Size": "8 pack"
  },
  {
    "Brand_Product_Size": "Cadbury Milk Chocolate Baking Block 180g",
    "COL Price": 3,
    "COL ppu": "$1.67 per 100G",
    "COL Size": "180g"
  },
  {
    "Brand_Product_Size": "Kleenex 4 Ply Pocket Packs White Facial Tissues 6 pack",
    "COL Price": 3,
    "COL ppu": "$5.56 per 100Ea",
    "COL Size": "6 pack"
  },
  {
    "Brand_Product_Size": "Praise Whole Egg Mayonnaise 335g",
    "COL Price": 4,
    "COL ppu": "$1.19 per 100G",
    "COL Size": "335g"
  },
  {
    "Brand_Product_Size": "Coles Granny Smith Apples Prepacked 1kg",
    "COL Price": 4,
    "COL ppu": "$4.00 per 1Kg",
    "COL Size": "1kg"
  },
  {
    "Brand_Product_Size": "Palmolive Naturals Intensive Moisture Shampoo 350mL",
    "COL Price": 4.5,
    "COL ppu": "$1.29 per 100mL",
    "COL Size": "350mL"
  },
  {
    "Brand_Product_Size": "Old El Paso Gluten Free Tortillas 6 pack 216g",
    "COL Price": 4,
    "COL ppu": "$1.85 per 100G",
    "COL Size": "216g"
  },
  {
    "Brand_Product_Size": "South Cape Roast Onion & Chive Vintage Smoked Cheddar Trilogy 140g",
    "COL Price": 5,
    "COL ppu": "$35.71 per 1Kg",
    "COL Size": "140g"
  },
  {
    "Brand_Product_Size": "Coles Snap Frozen Peas Carrots & Cauliflower 1kg",
    "COL Price": 3,
    "COL ppu": "$3.00 per 1Kg",
    "COL Size": "1kg"
  },
  {
    "Brand_Product_Size": "Loacker Dark Tortina Chocolate Biscuit 125g",
    "COL Price": 4,
    "COL ppu": "$3.20 per 100G",
    "COL Size": "125g"
  },
  {
    "Brand_Product_Size": "Kiwi Shoe Shampoo 172 gram",
    "COL Price": 15,
    "COL ppu": "",
    "COL Size": "172 gram"
  },
  {
    "Brand_Product_Size": "Lipton Lemon Iced Tea 350mL",
    "COL Price": 2.65,
    "COL ppu": "$7.57 per 1L",
    "COL Size": "350mL"
  },
  {
    "Brand_Product_Size": "Colgate Whitening & Tartar Control Toothpaste 190g",
    "COL Price": 4.9,
    "COL ppu": "$2.58 per 100G",
    "COL Size": "190g"
  },
  {
    "Brand_Product_Size": "I&J Raw Prawns Tail On 500g",
    "COL Price": 19,
    "COL ppu": "$3.80 per 100G",
    "COL Size": "500g"
  },
  {
    "Brand_Product_Size": "Coles Chocolate & Hazelnut Brownie 300g",
    "COL Price": 4,
    "COL ppu": "$1.33 per 100G",
    "COL Size": "300g"
  },
  {
    "Brand_Product_Size": "Sistema Klip It Klip It Plus Cracker Container 900mL each",
    "COL Price": 3.25,
    "COL ppu": "$3.25 per 1Ea",
    "COL Size": "each"
  },
  {
    "Brand_Product_Size": "Mazzetti Balsamic Vinegar 4 Leaf 250mL",
    "COL Price": 6.75,
    "COL ppu": "$2.70 per 100mL",
    "COL Size": "250mL"
  },
  {
    "Brand_Product_Size": "Bonsoy Soy Milk 1L",
    "COL Price": 4.8,
    "COL ppu": "$4.80 per 1L",
    "COL Size": "1L"
  },
  {
    "Brand_Product_Size": "Lucky Smart Snax Antioxidants 140g",
    "COL Price": 4,
    "COL ppu": "$28.57 per 1Kg",
    "COL Size": "140g"
  },
  {
    "Brand_Product_Size": "Rafferty's Garden Risoni Pasta & Garden Veggies 10+ Months 170g",
    "COL Price": 2.45,
    "COL ppu": "$1.44 per 100G",
    "COL Size": "170g"
  },
  {
    "Brand_Product_Size": "Meet Tenders 250g",
    "COL Price": 9.5,
    "COL ppu": "$3.80 per 100G",
    "COL Size": "250g"
  },
  {
    "Brand_Product_Size": "Nood Grass Fed Beef Recipe With Garden Vegetables Dog Food 100g",
    "COL Price": 1.8,
    "COL ppu": "$1.80 per 100G",
    "COL Size": "100g"
  },
  {
    "Brand_Product_Size": "OB Finest Activated Charcoal Sourdough Crispbread 110g",
    "COL Price": 5,
    "COL ppu": "$4.55 per 100G",
    "COL Size": "110g"
  },
  {
    "Brand_Product_Size": "T2 Sleep Tight Tea 10 pack",
    "COL Price": 7,
    "COL ppu": "$0.70 per 1Ea",
    "COL Size": "10 pack"
  },
  {
    "Brand_Product_Size": "Willow Swing & Stay Bin 25L",
    "COL Price": 21,
    "COL ppu": "$21.00 per 1Ea",
    "COL Size": "25L"
  },
  {
    "Brand_Product_Size": "Coles Sesame Breadsticks 125g",
    "COL Price": 2.5,
    "COL ppu": "$2.00 per 100G",
    "COL Size": "125g"
  },
  {
    "Brand_Product_Size": "Nestle KitKat Milk Chocolate Bar 45g",
    "COL Price": 2,
    "COL ppu": "$4.44 per 100G",
    "COL Size": "45g"
  },
  {
    "Brand_Product_Size": "Herb & Sons Beef Free Mince 400g",
    "COL Price": 7.5,
    "COL ppu": "$18.75 per 1Kg",
    "COL Size": "400g"
  },
  {
    "Brand_Product_Size": "Sistema Klip It Plus Containers 6 pack",
    "COL Price": 12,
    "COL ppu": "$2.00 per 1Ea",
    "COL Size": "6 pack"
  },
  {
    "Brand_Product_Size": "Cook & Dine Clip Top Preserving Jar 1 Litre each",
    "COL Price": 7,
    "COL ppu": "$7.00 per 1Ea",
    "COL Size": "each"
  },
  {
    "Brand_Product_Size": "Trolli Britecrawlers 150g",
    "COL Price": 1.85,
    "COL ppu": "$1.23 per 100G",
    "COL Size": "150g"
  },
  {
    "Brand_Product_Size": "Baxters Chilli Jam 225g",
    "COL Price": 3.5,
    "COL ppu": "$1.56 per 100G",
    "COL Size": "225g"
  },
  {
    "Brand_Product_Size": "Mini Manual Umbrella Pin Dots each",
    "COL Price": 13,
    "COL ppu": "$13.00 per 1Ea",
    "COL Size": "each"
  },
  {
    "Brand_Product_Size": "Coles Iceberg Blend Salad Prepacked 300g",
    "COL Price": 3,
    "COL ppu": "$10.00 per 1Kg",
    "COL Size": "300g"
  },
  {
    "Brand_Product_Size": "Uncle Tobys Plus Fibre Cereal 775g",
    "COL Price": 7.5,
    "COL ppu": "$0.97 per 100G",
    "COL Size": "775g"
  },
  {
    "Brand_Product_Size": "Caffe Aurora Italian Style Ground Coffee 1kg",
    "COL Price": 15,
    "COL ppu": "$1.50 per 100G",
    "COL Size": "1kg"
  },
  {
    "Brand_Product_Size": "Sorbent 3 Ply Gold Lotionised Toilet Tissue 12 pack",
    "COL Price": 9,
    "COL ppu": "$0.75 per 1Ea",
    "COL Size": "12 pack"
  },
  {
    "Brand_Product_Size": "Chux Wondercloth Kitchen Cloth 3 pack",
    "COL Price": 5.35,
    "COL ppu": "$1.78 per 1Ea",
    "COL Size": "3 pack"
  },
  {
    "Brand_Product_Size": "Coles Plastic Medistrips 100 pack",
    "COL Price": 2.2,
    "COL ppu": "$0.02 per 1Ea",
    "COL Size": "100 pack"
  },
  {
    "Brand_Product_Size": "Coles Beef Lasagne 350g",
    "COL Price": 3.8,
    "COL ppu": "$1.09 per 100G",
    "COL Size": "350g"
  },
  {
    "Brand_Product_Size": "My Dog Naturally Crafted Free Range Chicken Carrots & Green Beans Wet Dog Food Tray 85g",
    "COL Price": 1.5,
    "COL ppu": "$1.76 per 100G",
    "COL Size": "85g"
  },
  {
    "Brand_Product_Size": "Sugarless Low Calorie Sweetener 110 pack",
    "COL Price": 6,
    "COL ppu": "$4.55 per 100G",
    "COL Size": "110 pack"
  },
  {
    "Brand_Product_Size": "M&M's Chocolate Cone Ice Cream 4 Pack 520mL",
    "COL Price": 8,
    "COL ppu": "$1.54 per 100mL",
    "COL Size": "520mL"
  },
  {
    "Brand_Product_Size": "Deka Mini Wafer Bites Durian 200g",
    "COL Price": 4.3,
    "COL ppu": "$2.15 per 100G",
    "COL Size": "200g"
  },
  {
    "Brand_Product_Size": "Laucke German Grain Bread Mix 2.4g",
    "COL Price": 10.25,
    "COL ppu": "$4.27 per 1Kg",
    "COL Size": "2.4g"
  },
  {
    "Brand_Product_Size": "Streets Magnum White Chocolate & Cookies Ice Cream Tub 440mL",
    "COL Price": 9,
    "COL ppu": "$2.05 per 100mL",
    "COL Size": "440mL"
  },
  {
    "Brand_Product_Size": "Taste Traders Apricot- Date & Walnut Gourmet Crackers 100g",
    "COL Price": 3,
    "COL ppu": "$3.00 per 100G",
    "COL Size": "100g"
  },
  {
    "Brand_Product_Size": "Smash Bento Bite 6 Compartment Box each",
    "COL Price": 20,
    "COL ppu": "$20.00 per 1Ea",
    "COL Size": "each"
  },
  {
    "Brand_Product_Size": "Coles Lamb Leg Roast Half approx. 1.74kg",
    "COL Price": 24.36,
    "COL ppu": "$14.00 per 1Kg",
    "COL Size": "approx. 1.74kg"
  },
  {
    "Brand_Product_Size": "St Dalfour Thick Apricot Spread 284g",
    "COL Price": 3,
    "COL ppu": "$1.06 per 100G",
    "COL Size": "284g"
  },
  {
    "Brand_Product_Size": "Amy's Kitchen Organic Tomato Soup Canned 411g",
    "COL Price": 3.9,
    "COL ppu": "$0.95 per 100G",
    "COL Size": "411g"
  },
  {
    "Brand_Product_Size": "Poulings Sliced Beef 290g",
    "COL Price": 7.5,
    "COL ppu": "$2.59 per 100G",
    "COL Size": "290g"
  },
  {
    "Brand_Product_Size": "Chux Collections Microfibre All Purpose Cloth 1 pack",
    "COL Price": 4.7,
    "COL ppu": "$4.70 per 1Ea",
    "COL Size": "1 pack"
  },
  {
    "Brand_Product_Size": "Coles Multi Insect Killer 300g",
    "COL Price": 2.5,
    "COL ppu": "$0.83 per 100G",
    "COL Size": "300g"
  },
  {
    "Brand_Product_Size": "Jac Wagyu Beef Porterhouse Steak approx. 280g",
    "COL Price": 23.8,
    "COL ppu": "$85.00 per 1Kg",
    "COL Size": "approx. 280g"
  },
  {
    "Brand_Product_Size": "Dare Caramel Latte Flavoured Milk Iced Coffee 500mL",
    "COL Price": 3.5,
    "COL ppu": "$7.00 per 1L",
    "COL Size": "500mL"
  },
  {
    "Brand_Product_Size": "Selleys BBQ Tough 12 Wipes 1 pack",
    "COL Price": 5.75,
    "COL ppu": "$5.75 per 1Ea",
    "COL Size": "1 pack"
  },
  {
    "Brand_Product_Size": "Pantene Colour Protection Conditioner 375mL",
    "COL Price": 8,
    "COL ppu": "$2.13 per 100mL",
    "COL Size": "375mL"
  },
  {
    "Brand_Product_Size": "Coles Deli Castello Blue Cheese approx. 100g",
    "COL Price": 4.5,
    "COL ppu": "$45.00 per 1Kg",
    "COL Size": "approx. 100g"
  },
  {
    "Brand_Product_Size": "Capilano Creamed Honey 500g",
    "COL Price": 8.8,
    "COL ppu": "$1.76 per 100G",
    "COL Size": "500g"
  },
  {
    "Brand_Product_Size": "Only Organic Bolognese Pasta 8 + Months 170g",
    "COL Price": 2.9,
    "COL ppu": "$1.71 per 100G",
    "COL Size": "170g"
  },
  {
    "Brand_Product_Size": "Olina's Bakehouse No Gluten Pepita Seeded Crackers 100g",
    "COL Price": 5,
    "COL ppu": "$5.00 per 100G",
    "COL Size": "100g"
  },
  {
    "Brand_Product_Size": "Coles Diet Lemonade Soft Drink 1.25L",
    "COL Price": 1,
    "COL ppu": "$0.80 per 1L",
    "COL Size": "1.25L"
  },
  {
    "Brand_Product_Size": "Dorset Ryvita Muesli Really Nutty 450g",
    "COL Price": 3.5,
    "COL ppu": "$0.78 per 100G",
    "COL Size": "450g"
  },
  {
    "Brand_Product_Size": "Coles Deli Salads Tub Large Classic Coleslaw Large",
    "COL Price": 6,
    "COL ppu": "$6.00 per 1Ea",
    "COL Size": "Large"
  },
  {
    "Brand_Product_Size": "Cook & Dine Ladle each",
    "COL Price": 5,
    "COL ppu": "$5.00 per 1Ea",
    "COL Size": "each"
  },
  {
    "Brand_Product_Size": "Abundant Earth Puffed Corn Cereal 170g",
    "COL Price": 3.5,
    "COL ppu": "$2.06 per 100G",
    "COL Size": "170g"
  },
  {
    "Brand_Product_Size": "Coles Baking Paper 30m each",
    "COL Price": 5.1,
    "COL ppu": "$5.10 per 1Ea",
    "COL Size": "each"
  },
  {
    "Brand_Product_Size": "Vegemite Spread 560g",
    "COL Price": 8.35,
    "COL ppu": "$1.49 per 100G",
    "COL Size": "560g"
  },
  {
    "Brand_Product_Size": "Amys Kitchen Organic Quinoa Kale  & Red Lentil Soup 408g",
    "COL Price": 3.9,
    "COL ppu": "$0.96 per 100G",
    "COL Size": "408g"
  },
  {
    "Brand_Product_Size": "Uncle Tobys Plus Iron Cereal 410g",
    "COL Price": 4,
    "COL ppu": "$0.98 per 100G",
    "COL Size": "410g"
  },
  {
    "Brand_Product_Size": "Dolmio Extra Tomato, Onion & Roast Garlic Pasta Sauce 500g",
    "COL Price": 1.64,
    "COL ppu": "$0.33 per 100G",
    "COL Size": "500g"
  },
  {
    "Brand_Product_Size": "Yoplait Yop Strawberry Vanilla Yoghurt Drink 290g",
    "COL Price": 2,
    "COL ppu": "$0.69 per 100G",
    "COL Size": "290g"
  },
  {
    "Brand_Product_Size": "Chobani Fit Passionfruit Yoghurt 170g",
    "COL Price": 2.25,
    "COL ppu": "$1.32 per 100G",
    "COL Size": "170g"
  },
  {
    "Brand_Product_Size": "Coles Mushrooms Brown approx. 200g",
    "COL Price": 2.8,
    "COL ppu": "$14.00 per 1Kg",
    "COL Size": "approx. 200g"
  },
  {
    "Brand_Product_Size": "Coles Cholesterol Lowering Spread 500g",
    "COL Price": 4,
    "COL ppu": "$0.80 per 100G",
    "COL Size": "500g"
  },
  {
    "Brand_Product_Size": "On The Menu Beef Lasagne 400g",
    "COL Price": 4.5,
    "COL ppu": "$1.13 per 100G",
    "COL Size": "400g"
  },
  {
    "Brand_Product_Size": "Odor Eaters Active Wear each",
    "COL Price": 7,
    "COL ppu": "$7.00 per 1Ea",
    "COL Size": "each"
  },
  {
    "Brand_Product_Size": "Balfours Frozen Premium Potato Pie 2 pack 440g",
    "COL Price": 6,
    "COL ppu": "$1.36 per 100G",
    "COL Size": "440g"
  },
  {
    "Brand_Product_Size": "Coles Garlic Aioli 350g",
    "COL Price": 2.75,
    "COL ppu": "$0.79 per 100G",
    "COL Size": "350g"
  },
  {
    "Brand_Product_Size": "Hothands Adhesive Body Warmer each",
    "COL Price": 1.6,
    "COL ppu": "$1.60 per 1Ea",
    "COL Size": "each"
  },
  {
    "Brand_Product_Size": "Coles Cornichons With Mini Cocktail Onions 350g",
    "COL Price": 3.15,
    "COL ppu": "$0.90 per 100G",
    "COL Size": "350g"
  },
  {
    "Brand_Product_Size": "Grants Of Australia Bamboo Toothbrush 1 pack",
    "COL Price": 4,
    "COL ppu": "$4.00 per 1Ea",
    "COL Size": "1 pack"
  },
  {
    "Brand_Product_Size": "Aveeno Baby Dermexa Moisturising Cream 206g",
    "COL Price": 17,
    "COL ppu": "$8.25 per 100G",
    "COL Size": "206g"
  },
  {
    "Brand_Product_Size": "Coles Frozen Barramundi Portions Skin On 5 Pack 600g",
    "COL Price": 15,
    "COL ppu": "$25.00 per 1Kg",
    "COL Size": "600g"
  },
  {
    "Brand_Product_Size": "Haldirams Paneer Onion Paratha 400g",
    "COL Price": 6.5,
    "COL ppu": "$1.63 per 100G",
    "COL Size": "400g"
  },
  {
    "Brand_Product_Size": "Bertocchi Brothers Gluten Free Long Rindless Hickory Smoked Bacon 400g",
    "COL Price": 7.5,
    "COL ppu": "$18.75 per 1Kg",
    "COL Size": "400g"
  },
  {
    "Brand_Product_Size": "Oral-B Power Vitality Floss Action Brush 1 pack",
    "COL Price": 22.5,
    "COL ppu": "$22.50 per 1Ea",
    "COL Size": "1 pack"
  },
  {
    "Brand_Product_Size": "Three Threes Rib BBQ Sauce 275mL",
    "COL Price": 3,
    "COL ppu": "$1.09 per 100mL",
    "COL Size": "275mL"
  },
  {
    "Brand_Product_Size": "Sealord Gluten Free Fish Fillets Crumb 4 pack 300g",
    "COL Price": 9.5,
    "COL ppu": "$3.17 per 100G",
    "COL Size": "300g"
  },
  {
    "Brand_Product_Size": "Kraft Mac & Cheese Three Cheese 205g",
    "COL Price": 2.3,
    "COL ppu": "$1.12 per 100G",
    "COL Size": "205g"
  },
  {
    "Brand_Product_Size": "Coles Apple & Blackcurrant Fruit Drink Multipack 250mL 6 pack",
    "COL Price": 2.65,
    "COL ppu": "$1.77 per 1L",
    "COL Size": "6 pack"
  },
  {
    "Brand_Product_Size": "Tommee Tippee Silicone Soother 0-6 Months 2 pack",
    "COL Price": 13,
    "COL ppu": "$6.50 per 1Ea",
    "COL Size": "2 pack"
  },
  {
    "Brand_Product_Size": "Coles Seed & Grains Rice Crackers 100g",
    "COL Price": 1.35,
    "COL ppu": "$1.35 per 100G",
    "COL Size": "100g"
  },
  {
    "Brand_Product_Size": "Arnott's Nacho Cheese Shapes 160g",
    "COL Price": 3.2,
    "COL ppu": "$2.00 per 100G",
    "COL Size": "160g"
  },
  {
    "Brand_Product_Size": "Coles Japanese Inspired Mushroom & Miso Liquid Stock 1L",
    "COL Price": 3,
    "COL ppu": "$0.30 per 100mL",
    "COL Size": "1L"
  },
  {
    "Brand_Product_Size": "Heinz Baby Basics Freezer Pots Tray each",
    "COL Price": 10,
    "COL ppu": "$10.00 per 1Ea",
    "COL Size": "each"
  },
  {
    "Brand_Product_Size": "KanTong Sweet & Sour Cooking Sauce 515g",
    "COL Price": 3.3,
    "COL ppu": "$0.64 per 100G",
    "COL Size": "515g"
  },
  {
    "Brand_Product_Size": "The Laughing Cow Light Less Fat Cheese Spread 128g",
    "COL Price": 2.5,
    "COL ppu": "$1.95 per 100G",
    "COL Size": "128g"
  },
  {
    "Brand_Product_Size": "Sukin Hydrating Shampoo 500mL",
    "COL Price": 18,
    "COL ppu": "$3.60 per 100mL",
    "COL Size": "500mL"
  },
  {
    "Brand_Product_Size": "Zahra Green Olives Pickled 1kg",
    "COL Price": 4.85,
    "COL ppu": "$4.85 per 1Kg",
    "COL Size": "1kg"
  },
  {
    "Brand_Product_Size": "Remedy Organic Kombucha Ginger Lemon Drink Multipack Cans 250mL 4 pack",
    "COL Price": 6,
    "COL ppu": "$6.00 per 1L",
    "COL Size": "4 pack"
  },
  {
    "Brand_Product_Size": "Chiquillin Smoked Paprika 75g",
    "COL Price": 4.35,
    "COL ppu": "$5.80 per 100G",
    "COL Size": "75g"
  },
  {
    "Brand_Product_Size": "Equal Sweetener Tablets 100 pack",
    "COL Price": 3.85,
    "COL ppu": "$0.04 per 1Ea",
    "COL Size": "100 pack"
  },
  {
    "Brand_Product_Size": "Olay Regenerist Brightening Cleanser 100g",
    "COL Price": 16,
    "COL ppu": "$16.00 per 100G",
    "COL Size": "100g"
  },
  {
    "Brand_Product_Size": "Cook & Dine Paper Bowls 50 pack",
    "COL Price": 3.15,
    "COL ppu": "$0.06 per 1Ea",
    "COL Size": "50 pack"
  },
  {
    "Brand_Product_Size": "Vagisil PH Plus Intimate Wash 240mL",
    "COL Price": 7,
    "COL ppu": "$2.92 per 100mL",
    "COL Size": "240mL"
  },
  {
    "Brand_Product_Size": "Coles Mixed Vegetables 1kg",
    "COL Price": 1.6,
    "COL ppu": "$1.60 per 1Kg",
    "COL Size": "1kg"
  },
  {
    "Brand_Product_Size": "Nexba Elderflower Lemon Kombucha Drink 1L",
    "COL Price": 6.2,
    "COL ppu": "$6.20 per 1L",
    "COL Size": "1L"
  },
  {
    "Brand_Product_Size": "Botanica French Lavender & Honey Blossom Room Spray 236mL",
    "COL Price": 7.5,
    "COL ppu": "$3.18 per 100mL",
    "COL Size": "236mL"
  },
  {
    "Brand_Product_Size": "Always Fresh Grilled Olives - Smokey 220g",
    "COL Price": 5,
    "COL ppu": "$2.27 per 100G",
    "COL Size": "220g"
  },
  {
    "Brand_Product_Size": "Coles Lamb Meat Bones approx. 1kg each",
    "COL Price": 7,
    "COL ppu": "$7.00 per 1Kg",
    "COL Size": "approx. 1kg each"
  },
  {
    "Brand_Product_Size": "Coles Shortbread Finger Biscuits With Butter 200g",
    "COL Price": 2,
    "COL ppu": "$1.00 per 100G",
    "COL Size": "200g"
  },
  {
    "Brand_Product_Size": "Zafarelli Lisio Piccolo Pasta No 40 500g",
    "COL Price": 1.6,
    "COL ppu": "$0.32 per 100G",
    "COL Size": "500g"
  },
  {
    "Brand_Product_Size": "Connoisseur Plant Based Hazelnut Chocolate 1L",
    "COL Price": 7.5,
    "COL ppu": "$0.75 per 100mL",
    "COL Size": "1L"
  },
  {
    "Brand_Product_Size": "Vitasoy Oat Long Life Milk 1L",
    "COL Price": 2.9,
    "COL ppu": "$2.90 per 1L",
    "COL Size": "1L"
  },
  {
    "Brand_Product_Size": "Coles Turkish Rolls 4 pack 400g",
    "COL Price": 2.7,
    "COL ppu": "$0.68 per 100G",
    "COL Size": "400g"
  },
  {
    "Brand_Product_Size": "Coles Bakery Vanilla Creme Crown 2 pack",
    "COL Price": 3,
    "COL ppu": "$1.50 per 1Ea",
    "COL Size": "2 pack"
  },
  {
    "Brand_Product_Size": "Palmolive Elements Micellar Hand Wash 500mL",
    "COL Price": 5.25,
    "COL ppu": "$1.05 per 100mL",
    "COL Size": "500mL"
  },
  {
    "Brand_Product_Size": "Dollar Sweets Gold Delight Sprinkles 145g",
    "COL Price": 6,
    "COL ppu": "$4.14 per 100G",
    "COL Size": "145g"
  },
  {
    "Brand_Product_Size": "L'Oreal Revitalift Cleansing Wipes 25 pack",
    "COL Price": 4.9,
    "COL ppu": "$0.20 per 1Ea",
    "COL Size": "25 pack"
  },
  {
    "Brand_Product_Size": "Tom Organic Period Brief Regular Flow Size L each",
    "COL Price": 15,
    "COL ppu": "$15.00 per 1Ea",
    "COL Size": "each"
  },
  {
    "Brand_Product_Size": "Bertocchi Peking Pork approx. 1.5kg each",
    "COL Price": 42,
    "COL ppu": "$28.00 per 1Kg",
    "COL Size": "approx. 1.5kg each"
  },
  {
    "Brand_Product_Size": "Pitango Organic Roasted Tumeric Cauliflower & Pumpkin 350g",
    "COL Price": 9.95,
    "COL ppu": "$2.84 per 100G",
    "COL Size": "350g"
  },
  {
    "Brand_Product_Size": "Primo Primo Mini Kabana perkg",
    "COL Price": 25,
    "COL ppu": "$25.00 per 1Kg",
    "COL Size": "perkg"
  },
  {
    "Brand_Product_Size": "Man Gaufrettes Chocolate Filled Wafers 500g",
    "COL Price": 3.95,
    "COL ppu": "$0.79 per 100G",
    "COL Size": "500g"
  },
  {
    "Brand_Product_Size": "Sacla Cherry Tomato & Parmesan Pasta Sauce 420g",
    "COL Price": 4.4,
    "COL ppu": "$1.05 per 100G",
    "COL Size": "420g"
  },
  {
    "Brand_Product_Size": "Mentos Pure Fresh Sour Gum Apple Bottle 30g",
    "COL Price": 2,
    "COL ppu": "$6.67 per 100G",
    "COL Size": "30g"
  },
  {
    "Brand_Product_Size": "Olympian Traditional Sweetloaf 400g",
    "COL Price": 6,
    "COL ppu": "$1.50 per 100G",
    "COL Size": "400g"
  },
  {
    "Brand_Product_Size": "Cub Lightly Scented 480 Baby Wipes 6x80 pack 1 pack",
    "COL Price": 10,
    "COL ppu": "$10.00 per 1Ea",
    "COL Size": "1 pack"
  },
  {
    "Brand_Product_Size": "Huggies Ultimate Nappy Pant Size 5 51 pack",
    "COL Price": 32,
    "COL ppu": "$0.63 per 1Ea",
    "COL Size": "51 pack"
  },
  {
    "Brand_Product_Size": "Sharwood's Extra Creamy Butter Chicken Simmer Sauce 420g",
    "COL Price": 3,
    "COL ppu": "$0.71 per 100G",
    "COL Size": "420g"
  },
  {
    "Brand_Product_Size": "Coles Kitchen Thai Coconut And Lime Stir Fry Sauce 180mL",
    "COL Price": 3,
    "COL ppu": "$1.67 per 100mL",
    "COL Size": "180mL"
  },
  {
    "Brand_Product_Size": "Nature's Way Kids Vita Gummies Probiotic 2B Tablets 60 pack",
    "COL Price": 20,
    "COL ppu": "$0.33 per 1Ea",
    "COL Size": "60 pack"
  },
  {
    "Brand_Product_Size": "Coles BBQ Meat Lovers Pizza 500g",
    "COL Price": 3.3,
    "COL ppu": "$0.66 per 100G",
    "COL Size": "500g"
  },
  {
    "Brand_Product_Size": "Coles Kitchen Chicken Breast Mushroom Sauce 360g",
    "COL Price": 10,
    "COL ppu": "$2.78 per 100G",
    "COL Size": "360g"
  },
  {
    "Brand_Product_Size": "Coles Beef Rump Steak approx. 488g",
    "COL Price": 11.712,
    "COL ppu": "$24.00 per 1Kg",
    "COL Size": "approx. 488g"
  },
  {
    "Brand_Product_Size": "Emmental La Vie De Chatea approx. 100g",
    "COL Price": 4.1,
    "COL ppu": "$41.00 per 1Kg",
    "COL Size": "approx. 100g"
  },
  {
    "Brand_Product_Size": "Coles Choc Chip Cookies 500g",
    "COL Price": 2,
    "COL ppu": "$0.40 per 100G",
    "COL Size": "500g"
  },
  {
    "Brand_Product_Size": "Royal Fields Large Ord River Chickpeas 1kg",
    "COL Price": 5.5,
    "COL ppu": "$5.50 per 1Kg",
    "COL Size": "1kg"
  },
  {
    "Brand_Product_Size": "VO5 Mega Hold Styling Gel Tub 250g",
    "COL Price": 4,
    "COL ppu": "$1.60 per 100G",
    "COL Size": "250g"
  },
  {
    "Brand_Product_Size": "Modo Ecoliving HB Recycled Pencils 12 pack",
    "COL Price": 3.2,
    "COL ppu": "$0.27 per 1Ea",
    "COL Size": "12 pack"
  },
  {
    "Brand_Product_Size": "Ajishima Freeze Dried Miso Soup With Fungi 12g",
    "COL Price": 2.6,
    "COL ppu": "$2.17 per 10G",
    "COL Size": "12g"
  },
  {
    "Brand_Product_Size": "Schweppes Ginger Beer Multipack Bottles 300mL 4 pack",
    "COL Price": 6.65,
    "COL ppu": "$5.54 per 1L",
    "COL Size": "4 pack"
  },
  {
    "Brand_Product_Size": "Pop Tops Apple Blackcurrant Fruit Drink Multipack 250mL 6 pack",
    "COL Price": 4.9,
    "COL ppu": "$0.82 per 1Ea",
    "COL Size": "6 pack"
  },
  {
    "Brand_Product_Size": "Coles Fruit Filled 12 Bars Variety Pack 450g",
    "COL Price": 4.8,
    "COL ppu": "$1.07 per 100G",
    "COL Size": "450g"
  },
  {
    "Brand_Product_Size": "Tommee Tippee Fresh Food Feeder each",
    "COL Price": 6,
    "COL ppu": "$6.00 per 1Ea",
    "COL Size": "each"
  },
  {
    "Brand_Product_Size": "Nivea Men Shaving Gel for Sensitive Skin 200mL",
    "COL Price": 6,
    "COL ppu": "$3.00 per 100mL",
    "COL Size": "200mL"
  },
  {
    "Brand_Product_Size": "Darikay Chicken Noodle Soup 550g",
    "COL Price": 6.5,
    "COL ppu": "$1.18 per 100G",
    "COL Size": "550g"
  },
  {
    "Brand_Product_Size": "Helga's Gluten Free Soy & Linseed Bread 500g",
    "COL Price": 7,
    "COL ppu": "$1.40 per 100G",
    "COL Size": "500g"
  },
  {
    "Brand_Product_Size": "Herbert Adams Frozen Gourmet Chunky Sous Vide Beef & Button Mushroom Pies 2 pack 400g",
    "COL Price": 6.6,
    "COL ppu": "$1.65 per 100G",
    "COL Size": "400g"
  },
  {
    "Brand_Product_Size": "Vittoria Inca Peru Coffee Capsules 10 pack",
    "COL Price": 7,
    "COL ppu": "$0.70 per 1Ea",
    "COL Size": "10 pack"
  },
  {
    "Brand_Product_Size": "Kleenex Wellbeing Eucalyptus Facial Tissues 95 pack",
    "COL Price": 1.8,
    "COL ppu": "$0.02 per 1Ea",
    "COL Size": "95 pack"
  },
  {
    "Brand_Product_Size": "Keep It Cleaner Organic Apple Cider Vinegar With Ginger & turmeric Chilli 500mL",
    "COL Price": 6.5,
    "COL ppu": "$1.30 per 100mL",
    "COL Size": "500mL"
  },
  {
    "Brand_Product_Size": "Leggo's Traditional Basil Pesto 190g",
    "COL Price": 3,
    "COL ppu": "$1.58 per 100G",
    "COL Size": "190g"
  },
  {
    "Brand_Product_Size": "Coles Kitchen Lamb Rogan Josh With Rice 350g",
    "COL Price": 6.5,
    "COL ppu": "$1.86 per 100G",
    "COL Size": "350g"
  },
  {
    "Brand_Product_Size": "Tragano Premium Greek Golden Peppers 440g",
    "COL Price": 3.4,
    "COL ppu": "$0.77 per 100G",
    "COL Size": "440g"
  },
  {
    "Brand_Product_Size": "Waffulls Waffles Strawberry 4 Pack 200g",
    "COL Price": 2.5,
    "COL ppu": "$1.25 per 100G",
    "COL Size": "200g"
  },
  {
    "Brand_Product_Size": "Indomie Chitato MI Goreng Potato Chips 55g",
    "COL Price": 1.85,
    "COL ppu": "$3.36 per 100G",
    "COL Size": "55g"
  },
  {
    "Brand_Product_Size": "Schwarzkopf Colour Specialist 8.1 Cool Light Blonde Hair Colour 1 pack",
    "COL Price": 19,
    "COL ppu": "$19.00 per 1Ea",
    "COL Size": "1 pack"
  },
  {
    "Brand_Product_Size": "Coles Honey Cashews 200g",
    "COL Price": 5.4,
    "COL ppu": "$2.70 per 100G",
    "COL Size": "200g"
  },
  {
    "Brand_Product_Size": "Coles Wholemeal Plain Flour 1kg",
    "COL Price": 2,
    "COL ppu": "$2.00 per 1Kg",
    "COL Size": "1kg"
  },
  {
    "Brand_Product_Size": "Steggles Nacho Chicken Spicy Jalapen 350g",
    "COL Price": 6,
    "COL ppu": "$17.14 per 1Kg",
    "COL Size": "350g"
  },
  {
    "Brand_Product_Size": "Natural Delights Medjool Dates Prepacked 454g",
    "COL Price": 10,
    "COL ppu": "$22.03 per 1Kg",
    "COL Size": "454g"
  },
  {
    "Brand_Product_Size": "3M Command Medium Designer Hooks 2 pack",
    "COL Price": 6.5,
    "COL ppu": "$6.50 per 1ea",
    "COL Size": "2 pack"
  },
  {
    "Brand_Product_Size": "Manicare Clipper Deluxe Nail With File 1 pack",
    "COL Price": 7,
    "COL ppu": "$7.00 per 1Ea",
    "COL Size": "1 pack"
  },
  {
    "Brand_Product_Size": "MasterFoods Cheese Finishing Sauce 160g",
    "COL Price": 2,
    "COL ppu": "$0.13 per 10G",
    "COL Size": "160g"
  },
  {
    "Brand_Product_Size": "On The Menu 3 Cheese Macaroni 400g",
    "COL Price": 4.5,
    "COL ppu": "$1.13 per 100G",
    "COL Size": "400g"
  },
  {
    "Brand_Product_Size": "Cleaver's Gluten Free Organic Paleo Beef Sausage 450g",
    "COL Price": 10,
    "COL ppu": "$22.22 per 1Kg",
    "COL Size": "450g"
  },
  {
    "Brand_Product_Size": "Scholl Gel Activ Insoles Everyday Heels 1 pair",
    "COL Price": 20,
    "COL ppu": "",
    "COL Size": "1 pair"
  },
  {
    "Brand_Product_Size": "Connoisseur Plant Based Vanilla Brownie 4 Pack 350mL",
    "COL Price": 8.6,
    "COL ppu": "$2.46 per 100mL",
    "COL Size": "350mL"
  },
  {
    "Brand_Product_Size": "Kezs Kitchen Gluten Free Brownie Bar Pro Choc Peppermint 45g",
    "COL Price": 2,
    "COL ppu": "$4.44 per 100G",
    "COL Size": "45g"
  },
  {
    "Brand_Product_Size": "Bow Wow All Natural Rabbit Ears Dog Treat 10 pack",
    "COL Price": 5.5,
    "COL ppu": "$0.55 per 1Ea",
    "COL Size": "10 pack"
  },
  {
    "Brand_Product_Size": "Que Cola Soft Drink 200mL 6 pack",
    "COL Price": 4.5,
    "COL ppu": "$3.75 per 1L",
    "COL Size": "6 pack"
  },
  {
    "Brand_Product_Size": "Deeko Jumbo Paper Straws 20 pack",
    "COL Price": 4,
    "COL ppu": "$0.20 per 1Ea",
    "COL Size": "20 pack"
  },
  {
    "Brand_Product_Size": "Bisolvon Duo Syrup 100mL",
    "COL Price": 12,
    "COL ppu": "$12.00 per 100mL",
    "COL Size": "100mL"
  },
  {
    "Brand_Product_Size": "Coles Apple & Raspberry Fruit Drink Multipack 250mL 6 pack",
    "COL Price": 2.65,
    "COL ppu": "$1.77 per 1L",
    "COL Size": "6 pack"
  },
  {
    "Brand_Product_Size": "Dandy Economy Bacon Rashers 1kg",
    "COL Price": 9,
    "COL ppu": "$9.00 per 1Kg",
    "COL Size": "1kg"
  },
  {
    "Brand_Product_Size": "Energizer Wall Charger 1A AU +Microusb Cable 1 each",
    "COL Price": 25,
    "COL ppu": "$25.00 per 1Ea",
    "COL Size": "1 each"
  },
  {
    "Brand_Product_Size": "Continental Cup A Soup Creamy Mushroom with Croutons 2 pack 50g",
    "COL Price": 2.1,
    "COL ppu": "$4.20 per 100G",
    "COL Size": "50g"
  },
  {
    "Brand_Product_Size": "Birds Eye Deli Lightly Seasoned Squid 225g",
    "COL Price": 9,
    "COL ppu": "$40.00 per 1Kg",
    "COL Size": "225g"
  },
  {
    "Brand_Product_Size": "MasterFoods Ground Hot Chillies 27g",
    "COL Price": 2.9,
    "COL ppu": "$1.07 per 10G",
    "COL Size": "27g"
  },
  {
    "Brand_Product_Size": "Arnott's Tim Tam Crafted Raspberry & Dark Chocolate Biscuits 160g",
    "COL Price": 4,
    "COL ppu": "$2.50 per 100G",
    "COL Size": "160g"
  },
  {
    "Brand_Product_Size": "Garnier BB Cream Oil Free SPF 15 Medium 40mL",
    "COL Price": 7.85,
    "COL ppu": "$19.63 per 100mL",
    "COL Size": "40mL"
  },
  {
    "Brand_Product_Size": "Trident Tempura Batter Mix 150g",
    "COL Price": 2.1,
    "COL ppu": "$1.40 per 100G",
    "COL Size": "150g"
  },
  {
    "Brand_Product_Size": "Dettol Healthy Clean Multipurpose Cleaner Trigger Spray Fresh Lavender 500mL",
    "COL Price": 4,
    "COL ppu": "$0.80 per 100mL",
    "COL Size": "500mL"
  },
  {
    "Brand_Product_Size": "Norsca Aluminium Free Antiperspirant Aerosol Rosewater & Lotus Deodorant 245mL",
    "COL Price": 4,
    "COL ppu": "$1.63 per 100mL",
    "COL Size": "245mL"
  },
  {
    "Brand_Product_Size": "Green's Smooth Lemon Cake Mix 470g",
    "COL Price": 2.75,
    "COL ppu": "$0.59 per 100G",
    "COL Size": "470g"
  },
  {
    "Brand_Product_Size": "Nature's Gift Just Natural Gourmet Loaf Style Chicken & Duck Dog Food 100g",
    "COL Price": 1,
    "COL ppu": "$1.00 per 100G",
    "COL Size": "100g"
  },
  {
    "Brand_Product_Size": "Oral-B CrossAction Dual Clean Electric Toothbrush Replacement 2 pack",
    "COL Price": 5.6,
    "COL ppu": "$2.80 per 1Ea",
    "COL Size": "2 pack"
  },
  {
    "Brand_Product_Size": "Goulburn Valley Two Fruits In Juice 700g",
    "COL Price": 3.7,
    "COL ppu": "$5.29 per 1Kg",
    "COL Size": "700g"
  },
  {
    "Brand_Product_Size": "Garnier Fructis Macadamia Hair Food 390mL",
    "COL Price": 6,
    "COL ppu": "$1.54 per 100mL",
    "COL Size": "390mL"
  },
  {
    "Brand_Product_Size": "Gaganis Premium Black Turtle Beans 1kg",
    "COL Price": 6.5,
    "COL ppu": "$6.50 per 1Kg",
    "COL Size": "1kg"
  },
  {
    "Brand_Product_Size": "Arnott's Half Coated Chocolate Tiny Teddy Biscuits 200g",
    "COL Price": 3,
    "COL ppu": "$1.50 per 100G",
    "COL Size": "200g"
  },
  {
    "Brand_Product_Size": "Coles Finest Thai Red Chicken Curry 400g",
    "COL Price": 8.5,
    "COL ppu": "$2.13 per 100G",
    "COL Size": "400g"
  },
  {
    "Brand_Product_Size": "Coles Pies & Sausage Rolls 30 Pack 1.25kg",
    "COL Price": 9.8,
    "COL ppu": "$7.84 per 1Kg",
    "COL Size": "1.25kg"
  },
  {
    "Brand_Product_Size": "Bref Power Active Toilet Cleaner Fresh Flowers 50g",
    "COL Price": 5,
    "COL ppu": "$10.00 per 100G",
    "COL Size": "50g"
  },
  {
    "Brand_Product_Size": "Denada Sugar Free Ice Cream Caramel Chocolate Flake 475mL",
    "COL Price": 11.5,
    "COL ppu": "$2.42 per 100mL",
    "COL Size": "475mL"
  },
  {
    "Brand_Product_Size": "Coles Bakery Wholemeal Rolls 6 pack",
    "COL Price": 2,
    "COL ppu": "$0.33 per 1Ea",
    "COL Size": "6 pack"
  },
  {
    "Brand_Product_Size": "Optus X Pro each",
    "COL Price": 149,
    "COL ppu": "$149.00 per 1Ea",
    "COL Size": "each"
  },
  {
    "Brand_Product_Size": "Nutty Bruce Organic Almond & Coconut Milk 1L",
    "COL Price": 5.5,
    "COL ppu": "$5.50 per 1L",
    "COL Size": "1L"
  },
  {
    "Brand_Product_Size": "Mazzetti Organic Apple Cider Vinegar 500mL",
    "COL Price": 5,
    "COL ppu": "$1.00 per 100mL",
    "COL Size": "500mL"
  },
  {
    "Brand_Product_Size": "Coles Wholemeal Self Raising Flour 1kg",
    "COL Price": 2,
    "COL ppu": "$2.00 per 1Kg",
    "COL Size": "1kg"
  },
  {
    "Brand_Product_Size": "Cook & Dine Large Plastic Round Bowls 4 pack",
    "COL Price": 3,
    "COL ppu": "$0.75 per 1Ea",
    "COL Size": "4 pack"
  },
  {
    "Brand_Product_Size": "Coles Trail Mix 80g",
    "COL Price": 2,
    "COL ppu": "$25.00 per 1Kg",
    "COL Size": "80g"
  },
  {
    "Brand_Product_Size": "Revlon Ultimate All-In-One? Mascara Blackest Black 8.5mL",
    "COL Price": 24,
    "COL ppu": "$28.24 per 10mL",
    "COL Size": "8.5mL"
  },
  {
    "Brand_Product_Size": "Coles Finest French Double Cream Brie approx. 100g",
    "COL Price": 7,
    "COL ppu": "$70.00 per 1Kg",
    "COL Size": "approx. 100g"
  },
  {
    "Brand_Product_Size": "McCain Frozen Garlic Pizza 2 Pack 320g",
    "COL Price": 4,
    "COL ppu": "$1.25 per 100G",
    "COL Size": "320g"
  },
  {
    "Brand_Product_Size": "Nexba Sugar Free Passionfruit Sparkling Infusion 1L",
    "COL Price": 2.65,
    "COL ppu": "$2.65 per 1L",
    "COL Size": "1L"
  },
  {
    "Brand_Product_Size": "Blackmores Multivitamin For Men 50 pack",
    "COL Price": 10,
    "COL ppu": "$0.20 per 1Ea",
    "COL Size": "50 pack"
  },
  {
    "Brand_Product_Size": "Tom & Luke Snackaballs Dark Chocolate Original 132g",
    "COL Price": 4,
    "COL ppu": "$3.03 per 100G",
    "COL Size": "132g"
  },
  {
    "Brand_Product_Size": "Coles Deli Salad Tubs Small Quinoa Tabouleh Salad smaLL",
    "COL Price": 5,
    "COL ppu": "$5.00 per 1Ea",
    "COL Size": "smaLL"
  },
  {
    "Brand_Product_Size": "Coles RSPCA Approved Chicken Tenders Southern Fried 400g",
    "COL Price": 8.5,
    "COL ppu": "$21.25 per 1Kg",
    "COL Size": "400g"
  },
  {
    "Brand_Product_Size": "Palmolive Kids 3 In 1 Happy Apple Shampoo Conditioner & Body Wash 350mL",
    "COL Price": 4.5,
    "COL ppu": "$1.29 per 100mL",
    "COL Size": "350mL"
  },
  {
    "Brand_Product_Size": "Nivea Micellar 3 in 1 Face Cleansing Wipes 25 pack",
    "COL Price": 7.5,
    "COL ppu": "$0.30 per 1Ea",
    "COL Size": "25 pack"
  },
  {
    "Brand_Product_Size": "Coles Cauliflower Half each",
    "COL Price": 2,
    "COL ppu": "$2.00 per 1Ea",
    "COL Size": "each"
  },
  {
    "Brand_Product_Size": "Rokeby Farms Smoothie Dutch Chocolate 425mL",
    "COL Price": 3.05,
    "COL ppu": "$7.18 per 1L",
    "COL Size": "425mL"
  },
  {
    "Brand_Product_Size": "Coles Virgin Coconut Oil 500mL",
    "COL Price": 6,
    "COL ppu": "$1.20 per 100mL",
    "COL Size": "500mL"
  },
  {
    "Brand_Product_Size": "MasterFoods Seafood Cocktail Sauce 260g",
    "COL Price": 2.4,
    "COL ppu": "$0.92 per 100G",
    "COL Size": "260g"
  },
  {
    "Brand_Product_Size": "LOL Surprise Lils Sisters And Lil Pets each",
    "COL Price": 12,
    "COL ppu": "",
    "COL Size": "each"
  },
  {
    "Brand_Product_Size": "Belvita Golden Grain Soft Bakes Biscuit 200g",
    "COL Price": 3,
    "COL ppu": "$1.50 per 100G",
    "COL Size": "200g"
  },
  {
    "Brand_Product_Size": "Beak & Sons Hickory BBQ Pork Ribs 650g",
    "COL Price": 14,
    "COL ppu": "$21.54 per 1Kg",
    "COL Size": "650g"
  },
  {
    "Brand_Product_Size": "Carman's Greek Style Youghurt Berry Bar 40g",
    "COL Price": 1.5,
    "COL ppu": "$3.75 per 100G",
    "COL Size": "40g"
  },
  {
    "Brand_Product_Size": "Huggies Ultra Dry Nappy Pants For Boys 15 Kg & Over Size 6 24 pack",
    "COL Price": 17,
    "COL ppu": "$0.71 per 1Ea",
    "COL Size": "24 pack"
  },
  {
    "Brand_Product_Size": "Sally Hansen Miracle Gel Tutu The Ballet Nail Polish 14.7mL",
    "COL Price": 17,
    "COL ppu": "$11.56 per 10mL",
    "COL Size": "14.7mL"
  },
  {
    "Brand_Product_Size": "Bref Blue Active Flower Blossom 2 Pack 100g",
    "COL Price": 7,
    "COL ppu": "$7.00 per 100G",
    "COL Size": "100g"
  },
  {
    "Brand_Product_Size": "Coles Macaroni Cheese 350g",
    "COL Price": 3.8,
    "COL ppu": "$1.09 per 100G",
    "COL Size": "350g"
  },
  {
    "Brand_Product_Size": "Cook & Dine Spatula & Pastry Brush each",
    "COL Price": 5,
    "COL ppu": "$5.00 per 1Ea",
    "COL Size": "each"
  },
  {
    "Brand_Product_Size": "Revlon Kiss Lip Balm Fresh Strawberry 1 pack",
    "COL Price": 8,
    "COL ppu": "$30.77 per 10G",
    "COL Size": "1 pack"
  },
  {
    "Brand_Product_Size": "Coles High Fibre Wholemeal Sandwich Bread 700g",
    "COL Price": 2.3,
    "COL ppu": "$0.33 per 100G",
    "COL Size": "700g"
  },
  {
    "Brand_Product_Size": "Hans American Hot Dog Franks 375g",
    "COL Price": 4.5,
    "COL ppu": "$12.00 per 1Kg",
    "COL Size": "375g"
  },
  {
    "Brand_Product_Size": "Coles Deli Salad Jumbo Tubs Potato Egg & Bacon Salad Salad each",
    "COL Price": 11,
    "COL ppu": "$11.00 per 1Ea",
    "COL Size": "each"
  },
  {
    "Brand_Product_Size": "Sirena La Vita Chilli Tuna 95g",
    "COL Price": 2.7,
    "COL ppu": "$28.42 per 1Kg",
    "COL Size": "95g"
  },
  {
    "Brand_Product_Size": "Coles Coconut Prawns 9 Pack 162g",
    "COL Price": 5,
    "COL ppu": "$3.09 per 100G",
    "COL Size": "162g"
  },
  {
    "Brand_Product_Size": "Coles I'M Free From Stem Ginger Cookies 160g",
    "COL Price": 2.75,
    "COL ppu": "$1.72 per 100G",
    "COL Size": "160g"
  },
  {
    "Brand_Product_Size": "Sard Wonder Colour Catcher 15 pack",
    "COL Price": 3.5,
    "COL ppu": "$0.23 per 1Ea",
    "COL Size": "15 pack"
  },
  {
    "Brand_Product_Size": "Coles Kitchen Sweet Potato Chips 500g",
    "COL Price": 4,
    "COL ppu": "$0.80 per 100G",
    "COL Size": "500g"
  },
  {
    "Brand_Product_Size": "Coles Chocolate Coated Sultanas 168g",
    "COL Price": 2,
    "COL ppu": "$1.19 per 100G",
    "COL Size": "168g"
  },
  {
    "Brand_Product_Size": "Gaganis Beans Black Eye 1kg",
    "COL Price": 6.55,
    "COL ppu": "$6.55 per 1Kg",
    "COL Size": "1kg"
  },
  {
    "Brand_Product_Size": "Audeeo 4 Color Sport Earphones Essence Assorted 1 each",
    "COL Price": 14,
    "COL ppu": "$14.00 per 1Ea",
    "COL Size": "1 each"
  },
  {
    "Brand_Product_Size": "Nivea Men Cool Kick Roll On Antiperspirant Deodorant 50mL",
    "COL Price": 3.5,
    "COL ppu": "$7.00 per 100mL",
    "COL Size": "50mL"
  },
  {
    "Brand_Product_Size": "Coles Dairy Free Barista Almond Milk 1L",
    "COL Price": 3.5,
    "COL ppu": "$3.50 per 1L",
    "COL Size": "1L"
  },
  {
    "Brand_Product_Size": "Smith's Crinkle Cut Original Potato Chips 170g",
    "COL Price": 3.5,
    "COL ppu": "$2.06 per 100G",
    "COL Size": "170g"
  },
  {
    "Brand_Product_Size": "Elevit Breastfeeding Capsules 30 each",
    "COL Price": 26.2,
    "COL ppu": "$87.34 per 100Ea",
    "COL Size": "30 each"
  },
  {
    "Brand_Product_Size": "Ostelin Vitamin D3 1000IU Capsules 60 pack",
    "COL Price": 9.5,
    "COL ppu": "$0.16 per 1Ea",
    "COL Size": "60 pack"
  },
  {
    "Brand_Product_Size": "Pure Tassie Organic Apple Juice Chilled 1.5L",
    "COL Price": 5.5,
    "COL ppu": "$3.67 per 1L",
    "COL Size": "1.5L"
  },
  {
    "Brand_Product_Size": "Noshu 99% Sugar Free Rich Chocolate Cake Mix 540g",
    "COL Price": 8,
    "COL ppu": "$1.48 per 100G",
    "COL Size": "540g"
  },
  {
    "Brand_Product_Size": "Moccona Ristretto Freeze Dried Coffee Intensity 12 200g",
    "COL Price": 16,
    "COL ppu": "$8.00 per 100G",
    "COL Size": "200g"
  },
  {
    "Brand_Product_Size": "Tresemme Volumising Dry Shampoo 250mL",
    "COL Price": 7,
    "COL ppu": "$2.80 per 100mL",
    "COL Size": "250mL"
  },
  {
    "Brand_Product_Size": "Coles Wraps Platter Meatlovers each",
    "COL Price": 35,
    "COL ppu": "$35.00 per 1Ea",
    "COL Size": "each"
  },
  {
    "Brand_Product_Size": "Garlos Junior Lean Beef Pies 12 pack 760g",
    "COL Price": 10.95,
    "COL ppu": "$1.44 per 100G",
    "COL Size": "760g"
  },
  {
    "Brand_Product_Size": "Coles Lamb Leg Roast Whole approx. 2.43kg",
    "COL Price": 34.02,
    "COL ppu": "$14.00 per 1Kg",
    "COL Size": "approx. 2.43kg"
  },
  {
    "Brand_Product_Size": "L'Oreal Preference 4.5 Hair Colour Milan 1 pack",
    "COL Price": 9.5,
    "COL ppu": "$9.50 per 1Ea",
    "COL Size": "1 pack"
  },
  {
    "Brand_Product_Size": "Raid Cockroach Bait 12 pack",
    "COL Price": 9.5,
    "COL ppu": "$0.79 per 1Ea",
    "COL Size": "12 pack"
  },
  {
    "Brand_Product_Size": "Jif Cream Cleanser Regular 500mL",
    "COL Price": 4,
    "COL ppu": "$0.80 per 100mL",
    "COL Size": "500mL"
  },
  {
    "Brand_Product_Size": "Birds Eye Snap Frozen Field Fresh Corn Kernels 500g",
    "COL Price": 2.85,
    "COL ppu": "$5.70 per 1Kg",
    "COL Size": "500g"
  },
  {
    "Brand_Product_Size": "Golden Round Crumpets 6 pack",
    "COL Price": 3.1,
    "COL ppu": "$0.52 per 1Ea",
    "COL Size": "6 pack"
  },
  {
    "Brand_Product_Size": "Continental Cup A Soup Italian Minestrone Serves 2 75g",
    "COL Price": 2.1,
    "COL ppu": "$2.80 per 100G",
    "COL Size": "75g"
  },
  {
    "Brand_Product_Size": "Maybelline Dream Urban Cover Natural Ivory Foundation 30mL",
    "COL Price": 18.2,
    "COL ppu": "$6.07 per 10mL",
    "COL Size": "30mL"
  },
  {
    "Brand_Product_Size": "Ansell Super Rubber Gloves Medium 1 pack",
    "COL Price": 3.4,
    "COL ppu": "$3.40 per 1Ea",
    "COL Size": "1 pack"
  },
  {
    "Brand_Product_Size": "Chobani Low Fat Plain Yoghurt 907g",
    "COL Price": 5.5,
    "COL ppu": "$0.61 per 100G",
    "COL Size": "907g"
  },
  {
    "Brand_Product_Size": "Philadelphia Lactose Free Sweet Chilli Pour Over 250g",
    "COL Price": 4.3,
    "COL ppu": "$17.20 per 1Kg",
    "COL Size": "250g"
  },
  {
    "Brand_Product_Size": "Coles Reusable Gel Hot/Cold Pack each",
    "COL Price": 8,
    "COL ppu": "$8.00 per 1Ea",
    "COL Size": "each"
  },
  {
    "Brand_Product_Size": "Nature's Way Women's Multi-Vitamin Vita Gummies 100 pack",
    "COL Price": 20,
    "COL ppu": "$0.20 per 1Ea",
    "COL Size": "100 pack"
  },
  {
    "Brand_Product_Size": "Bounce Apricot Almond Brekkie Bar 3 Pack 150g",
    "COL Price": 6,
    "COL ppu": "$4.00 per 100G",
    "COL Size": "150g"
  },
  {
    "Brand_Product_Size": "Vegemite Cheesybite Spread 270g",
    "COL Price": 5.15,
    "COL ppu": "$1.91 per 100G",
    "COL Size": "270g"
  },
  {
    "Brand_Product_Size": "Mortein Power Gard Multi Insect Killer Spray 300g",
    "COL Price": 10,
    "COL ppu": "$3.33 per 100G",
    "COL Size": "300g"
  },
  {
    "Brand_Product_Size": "Coles Spanish Manchego Cheese 150g",
    "COL Price": 5,
    "COL ppu": "$33.34 per 1Kg",
    "COL Size": "150g"
  },
  {
    "Brand_Product_Size": "Health Lab Salted Caramel Protein Balls 3x40g 120g",
    "COL Price": 7.5,
    "COL ppu": "$6.25 per 100G",
    "COL Size": "120g"
  },
  {
    "Brand_Product_Size": "Pasta al Naturale Gluten Free Frozen Potato Gnocchi 375g",
    "COL Price": 10,
    "COL ppu": "$2.67 per 100G",
    "COL Size": "375g"
  },
  {
    "Brand_Product_Size": "Claratyne 24Hr Non Drowsy Loratadine 10Mg Tablets 10 pack",
    "COL Price": 12.25,
    "COL ppu": "$1.23 per 1Ea",
    "COL Size": "10 pack"
  },
  {
    "Brand_Product_Size": "Coles Kitchen Broccoli Florets 150g",
    "COL Price": 2,
    "COL ppu": "$13.33 per 1Kg",
    "COL Size": "150g"
  },
  {
    "Brand_Product_Size": "Desitin Rapid Relief Nappy Rash Ointment 100g",
    "COL Price": 8.8,
    "COL ppu": "$8.80 per 100G",
    "COL Size": "100g"
  },
  {
    "Brand_Product_Size": "Mortein Fast Knockdown Fly & Mosquito Killer each",
    "COL Price": 6,
    "COL ppu": "$1.71 per 100G",
    "COL Size": "each"
  },
  {
    "Brand_Product_Size": "Sanitarium Weet-Bix Blends Hi-Bran+ Breakfast Cereal 750g",
    "COL Price": 5.7,
    "COL ppu": "$0.76 per 100G",
    "COL Size": "750g"
  },
  {
    "Brand_Product_Size": "Coles Brown Onions approx. 180g each",
    "COL Price": 0.54,
    "COL ppu": "$3.00 per 1Kg",
    "COL Size": "approx. 180g each"
  },
  {
    "Brand_Product_Size": "Coles Kitchen Quiche Pumpkin Fetta & Spinach 700g",
    "COL Price": 12.5,
    "COL ppu": "$1.79 per 100G",
    "COL Size": "700g"
  },
  {
    "Brand_Product_Size": "Coles Hazelnut Smooth Spread 400g",
    "COL Price": 2.5,
    "COL ppu": "$0.63 per 100G",
    "COL Size": "400g"
  },
  {
    "Brand_Product_Size": "Munchme Skinny Dipped Berry Dusted Almonds 80g",
    "COL Price": 4.4,
    "COL ppu": "$5.50 per 100G",
    "COL Size": "80g"
  },
  {
    "Brand_Product_Size": "Coles Gourmet Wagyu Burgers 300g",
    "COL Price": 7.5,
    "COL ppu": "$25.00 per 1Kg",
    "COL Size": "300g"
  },
  {
    "Brand_Product_Size": "Pacific West Japanese Gyoza 700g",
    "COL Price": 11.5,
    "COL ppu": "$1.64 per 100G",
    "COL Size": "700g"
  },
  {
    "Brand_Product_Size": "Celestial Seasonings Tea Bags Sleepytime 40 pack",
    "COL Price": 6,
    "COL ppu": "$0.15 per 1Ea",
    "COL Size": "40 pack"
  },
  {
    "Brand_Product_Size": "Air Wick Smooth Satin & Moon Lily Freshmatic Refil 174g",
    "COL Price": 8,
    "COL ppu": "$4.60 per 100G",
    "COL Size": "174g"
  },
  {
    "Brand_Product_Size": "Coles Nice Biscuits 250g",
    "COL Price": 0.95,
    "COL ppu": "$0.38 per 100G",
    "COL Size": "250g"
  },
  {
    "Brand_Product_Size": "Shan Chicken Tikka 50g",
    "COL Price": 1.75,
    "COL ppu": "$3.50 per 100G",
    "COL Size": "50g"
  },
  {
    "Brand_Product_Size": "Coles Beef & Rice Dry Dog Food 3kg",
    "COL Price": 6,
    "COL ppu": "$0.20 per 100G",
    "COL Size": "3kg"
  },
  {
    "Brand_Product_Size": "Just Juice Apple Juice 1L",
    "COL Price": 2.3,
    "COL ppu": "$2.30 per 1L",
    "COL Size": "1L"
  },
  {
    "Brand_Product_Size": "BSC Gluten Free Banana Bread Clean Bar 50g",
    "COL Price": 4,
    "COL ppu": "$0.80 per 10G",
    "COL Size": "50g"
  },
  {
    "Brand_Product_Size": "Coles Finest Sausages Italian Pork 500g",
    "COL Price": 7.5,
    "COL ppu": "$1.50 per 100G",
    "COL Size": "500g"
  },
  {
    "Brand_Product_Size": "Black Swan Skinny Tzatziki Dip 200g",
    "COL Price": 3.5,
    "COL ppu": "$1.75 per 100G",
    "COL Size": "200g"
  },
  {
    "Brand_Product_Size": "Scott Cornwall Decolour Hair Colour Stripper 1 pack",
    "COL Price": 25,
    "COL ppu": "$25.00 per 1Ea",
    "COL Size": "1 pack"
  },
  {
    "Brand_Product_Size": "Always Fresh Pasticcini Chocolate Biscuits 110g",
    "COL Price": 3.5,
    "COL ppu": "$3.18 per 100G",
    "COL Size": "110g"
  },
  {
    "Brand_Product_Size": "L'Oreal Elvive Treatment Extraodinary Oil 100mL",
    "COL Price": 10,
    "COL ppu": "$10.00 per 100mL",
    "COL Size": "100mL"
  },
  {
    "Brand_Product_Size": "Modo Ecoliving Recycled Corn Pens 2 pack",
    "COL Price": 2.4,
    "COL ppu": "$1.20 per 1Ea",
    "COL Size": "2 pack"
  },
  {
    "Brand_Product_Size": "Sanitarium UP&GO Liquid Breakfast Caramel 250mL 12 pack",
    "COL Price": 14,
    "COL ppu": "$4.67 per 1L",
    "COL Size": "12 pack"
  },
  {
    "Brand_Product_Size": "Coles Deli Salad Tubs Curried Pumpkin Cous Cous Salad each",
    "COL Price": 7,
    "COL ppu": "$7.00 per 1Ea",
    "COL Size": "each"
  },
  {
    "Brand_Product_Size": "Conimex Ketjap Manis Sweet Soy Sauce 240mL",
    "COL Price": 5,
    "COL ppu": "$2.08 per 100mL",
    "COL Size": "240mL"
  },
  {
    "Brand_Product_Size": "Dagim Crunchy Frozen Fish Fillets 680g",
    "COL Price": 14,
    "COL ppu": "$20.59 per 1Kg",
    "COL Size": "680g"
  },
  {
    "Brand_Product_Size": "Mazeltov Books & Gifts Jewish Greeting Cards each",
    "COL Price": 3.95,
    "COL ppu": "$3.95 per 1Ea",
    "COL Size": "each"
  },
  {
    "Brand_Product_Size": "Cracker Barrel Lightly Smoked Cheddar Cheese 130g",
    "COL Price": 3.5,
    "COL ppu": "$26.92 per 1Kg",
    "COL Size": "130g"
  },
  {
    "Brand_Product_Size": "Coles Beef Sizzle Steak 400g",
    "COL Price": 12,
    "COL ppu": "$3.00 per 100G",
    "COL Size": "400g"
  },
  {
    "Brand_Product_Size": "Head & Shoulders Supreme Purify & Volume Conditioner 550mL",
    "COL Price": 9.5,
    "COL ppu": "$1.73 per 100mL",
    "COL Size": "550mL"
  },
  {
    "Brand_Product_Size": "Coles Cat And Dog Double Feeding Bowl 1 pack",
    "COL Price": 4,
    "COL ppu": "$4.00 per 1Ea",
    "COL Size": "1 pack"
  },
  {
    "Brand_Product_Size": "Oil Garden Sleep Oil 12mL",
    "COL Price": 17,
    "COL ppu": "$141.67 per 100mL",
    "COL Size": "12mL"
  },
  {
    "Brand_Product_Size": "Coles Pink & White Mini Mallows 100g",
    "COL Price": 2,
    "COL ppu": "$2.00 per 100G",
    "COL Size": "100g"
  },
  {
    "Brand_Product_Size": "Don Virginian Leg Ham Sliced approx. 125g",
    "COL Price": 2.5,
    "COL ppu": "$20.00 per 1Kg",
    "COL Size": "approx. 125g"
  },
  {
    "Brand_Product_Size": "Schwarzkopf Brilliance Chocolate Rush 68 Permanent Hair Colour 1 pack",
    "COL Price": 14.4,
    "COL ppu": "$14.40 per 1Ea",
    "COL Size": "1 pack"
  },
  {
    "Brand_Product_Size": "Sealord Frozen Kaffir Lime & Coconut Crumb Fillets 300g",
    "COL Price": 5,
    "COL ppu": "$1.67 per 100G",
    "COL Size": "300g"
  },
  {
    "Brand_Product_Size": "Huon Tasmanian Wood Roasted Trout 150g",
    "COL Price": 10,
    "COL ppu": "$6.67 per 100G",
    "COL Size": "150g"
  },
  {
    "Brand_Product_Size": "Tresemme Professional Shampoo Moisture Rich 900mL",
    "COL Price": 7,
    "COL ppu": "$0.78 per 100mL",
    "COL Size": "900mL"
  },
  {
    "Brand_Product_Size": "Coles Fresh Seafood Pacific Oysters 6 pack",
    "COL Price": 9,
    "COL ppu": "$1.50 per 1Ea",
    "COL Size": "6 pack"
  },
  {
    "Brand_Product_Size": "Sakata Classic BBQ Rice Crackers 100g",
    "COL Price": 2,
    "COL ppu": "$2.00 per 100G",
    "COL Size": "100g"
  },
  {
    "Brand_Product_Size": "Lynx New Zealand Aerosol Deodorant 165mL",
    "COL Price": 7,
    "COL ppu": "$4.24 per 100mL",
    "COL Size": "165mL"
  },
  {
    "Brand_Product_Size": "Ogx Biotin & Collagen Extra Strength Conditioner 385mL",
    "COL Price": 21,
    "COL ppu": "$5.45 per 100mL",
    "COL Size": "385mL"
  },
  {
    "Brand_Product_Size": "Yumi's Gluten Free Baba Ganoush Roasted Eggplant Classic Dip 200g",
    "COL Price": 3,
    "COL ppu": "$1.50 per 100G",
    "COL Size": "200g"
  },
  {
    "Brand_Product_Size": "Arnott's Half Coated Chocolate Tiny Teddy Biscuits 200g",
    "COL Price": 3,
    "COL ppu": "$1.50 per 100G",
    "COL Size": "200g"
  },
  {
    "Brand_Product_Size": "The Spice Tailor Classic Butter Chicken 300g",
    "COL Price": 5.5,
    "COL ppu": "$1.83 per 100G",
    "COL Size": "300g"
  },
  {
    "Brand_Product_Size": "Europe Summer Roll 40g",
    "COL Price": 2,
    "COL ppu": "$5.00 per 100G",
    "COL Size": "40g"
  },
  {
    "Brand_Product_Size": "Coles Urban Coffee Culture Dolce Gusto Hot Chocolate Capsules 16 pack",
    "COL Price": 6.5,
    "COL ppu": "$0.41 per 1Ea",
    "COL Size": "16 pack"
  },
  {
    "Brand_Product_Size": "Coles Garlic loose approx. 60g each",
    "COL Price": 1.5,
    "COL ppu": "$25.00 per 1Kg",
    "COL Size": "approx. 60g each"
  },
  {
    "Brand_Product_Size": "Elmers Clear School Glue 147mL",
    "COL Price": 7,
    "COL ppu": "$4.76 per 100mL",
    "COL Size": "147mL"
  },
  {
    "Brand_Product_Size": "Laucke White Crusty Flour Bread Mix 2.4kg",
    "COL Price": 10.25,
    "COL ppu": "$4.27 per 1Kg",
    "COL Size": "2.4kg"
  },
  {
    "Brand_Product_Size": "Coles Sultana & Apple 6 pack 150g",
    "COL Price": 2,
    "COL ppu": "$13.33 per 1Kg",
    "COL Size": "150g"
  },
  {
    "Brand_Product_Size": "Herbert Adams Frozen Gourmet Chunky Sous Vide Beef & Peppercorn Pies 2 pack 400g",
    "COL Price": 7.8,
    "COL ppu": "$1.95 per 100G",
    "COL Size": "400g"
  },
  {
    "Brand_Product_Size": "Coles Perform Cauliflower Potato & Chickpea Curry 340g",
    "COL Price": 8,
    "COL ppu": "$2.35 per 100G",
    "COL Size": "340g"
  },
  {
    "Brand_Product_Size": "Coles Summit Regular Energy Drink Can 250mL",
    "COL Price": 1.1,
    "COL ppu": "$4.40 per 1L",
    "COL Size": "250mL"
  },
  {
    "Brand_Product_Size": "Coles Donut With Glaze Icing Baking Mix 550g",
    "COL Price": 4,
    "COL ppu": "$0.73 per 100G",
    "COL Size": "550g"
  },
  {
    "Brand_Product_Size": "British Sausage Co Smoked Back Bacon 200g",
    "COL Price": 7,
    "COL ppu": "$35.00 per 1Kg",
    "COL Size": "200g"
  },
  {
    "Brand_Product_Size": "Hoyts Italian Mix Herbs 140g",
    "COL Price": 4.5,
    "COL ppu": "$0.32 per 10G",
    "COL Size": "140g"
  },
  {
    "Brand_Product_Size": "Coles Mint Fresh Mouthwash 1L",
    "COL Price": 4,
    "COL ppu": "$0.40 per 100mL",
    "COL Size": "1L"
  },
  {
    "Brand_Product_Size": "Kellogg's Sultana Bran Buds High Fibre Breakfast Cereal Snack 450g",
    "COL Price": 6,
    "COL ppu": "$1.33 per 100G",
    "COL Size": "450g"
  },
  {
    "Brand_Product_Size": "Sabco Antibacterial Self-Wringing Cotton Mop each",
    "COL Price": 17,
    "COL ppu": "$17.00 per 1Ea",
    "COL Size": "each"
  },
  {
    "Brand_Product_Size": "Coles Laundry Powder Tropical Paradise Top & Front 2kg",
    "COL Price": 5.5,
    "COL ppu": "$2.75 per 1Kg",
    "COL Size": "2kg"
  },
  {
    "Brand_Product_Size": "Moccona Classics Latte Cafe 30 pack",
    "COL Price": 10.5,
    "COL ppu": "$0.35 per 1Ea",
    "COL Size": "30 pack"
  },
  {
    "Brand_Product_Size": "Capilano Clear Honey Twist & Squeeze 375g",
    "COL Price": 7.2,
    "COL ppu": "$1.92 per 100G",
    "COL Size": "375g"
  },
  {
    "Brand_Product_Size": "Total Care Tasty Allwormer For Dogs 4 pack",
    "COL Price": 14.5,
    "COL ppu": "$3.63 per 1Ea",
    "COL Size": "4 pack"
  },
  {
    "Brand_Product_Size": "Neutrogena Oil Free Moisture Combination Skin 118mL",
    "COL Price": 14,
    "COL ppu": "$11.86 per 100mL",
    "COL Size": "118mL"
  },
  {
    "Brand_Product_Size": "Dragon & Phoenix Fried Shallots 100g",
    "COL Price": 2.8,
    "COL ppu": "$2.80 per 100G",
    "COL Size": "100g"
  },
  {
    "Brand_Product_Size": "Coles Rosemary Leaves 28g",
    "COL Price": 1.75,
    "COL ppu": "$0.63 per 10G",
    "COL Size": "28g"
  },
  {
    "Brand_Product_Size": "Inglewood Farms Free Range Organic Chicken Drumsticks approx. 420g each",
    "COL Price": 4.62,
    "COL ppu": "$11.00 per 1Kg",
    "COL Size": "approx. 420g each"
  },
  {
    "Brand_Product_Size": "Optimum Grain Free With Beef & Vegetables Dry Dog Food 2.5kg",
    "COL Price": 19,
    "COL ppu": "$0.76 per 100G",
    "COL Size": "2.5kg"
  },
  {
    "Brand_Product_Size": "Coles Sleeved Basil each",
    "COL Price": 2.98,
    "COL ppu": "$2.98 per 1Ea",
    "COL Size": "each"
  },
  {
    "Brand_Product_Size": "Dine Perfect Portions Pate Entree With Chicken & Liver And  Gourmet Turkey Premium Cat Food 37.5g 12 pack",
    "COL Price": 10,
    "COL ppu": "$0.83 per 1Ea",
    "COL Size": "12 pack"
  },
  {
    "Brand_Product_Size": "Dishmatic Handle 1 pack",
    "COL Price": 4,
    "COL ppu": "$4.00 per 1Ea",
    "COL Size": "1 pack"
  },
  {
    "Brand_Product_Size": "Denada Mint Chip Ice Cream Tub 475mL",
    "COL Price": 11.5,
    "COL ppu": "$2.42 per 100mL",
    "COL Size": "475mL"
  },
  {
    "Brand_Product_Size": "Golden Circle Orange Juice 2L",
    "COL Price": 3,
    "COL ppu": "$1.50 per 1L",
    "COL Size": "2L"
  },
  {
    "Brand_Product_Size": "Air Wick Freesia & Jasmine Reed Diffuser 50mL",
    "COL Price": 11,
    "COL ppu": "$22.00 per 100mL",
    "COL Size": "50mL"
  },
  {
    "Brand_Product_Size": "Nair Shower Power Max Hair Removel Cream 312g",
    "COL Price": 15.5,
    "COL ppu": "$4.97 per 100G",
    "COL Size": "312g"
  },
  {
    "Brand_Product_Size": "Twinings Morning Tea Bags 100 pack 200g",
    "COL Price": 5.6,
    "COL ppu": "$0.06 per 1Ea",
    "COL Size": "200g"
  },
  {
    "Brand_Product_Size": "Hydralyte Electrolyte Solution Orange Flavour 1L",
    "COL Price": 14,
    "COL ppu": "$1.40 per 100mL",
    "COL Size": "1L"
  },
  {
    "Brand_Product_Size": "Nobby's Salted Cashews 300g",
    "COL Price": 9.55,
    "COL ppu": "$31.83 per 1Kg",
    "COL Size": "300g"
  },
  {
    "Brand_Product_Size": "Mount Zero Egyptian Dukkah 100g",
    "COL Price": 10,
    "COL ppu": "$10.00 per 100G",
    "COL Size": "100g"
  },
  {
    "Brand_Product_Size": "LifeStyles Uber Thin Zero Condoms 10 pack",
    "COL Price": 10,
    "COL ppu": "$1.00 per 1Ea",
    "COL Size": "10 pack"
  },
  {
    "Brand_Product_Size": "Uncle Tobys Oats Quick Sachets Creamy Vanilla 350g",
    "COL Price": 5,
    "COL ppu": "$1.43 per 100G",
    "COL Size": "350g"
  },
  {
    "Brand_Product_Size": "Coles Tuna Chunks in Olive Oil Blend 185g",
    "COL Price": 1.6,
    "COL ppu": "$8.65 per 1Kg",
    "COL Size": "185g"
  },
  {
    "Brand_Product_Size": "Coles Nature's Kitchen Vegetable Gyozas 300g",
    "COL Price": 6.5,
    "COL ppu": "$2.17 per 100G",
    "COL Size": "300g"
  },
  {
    "Brand_Product_Size": "Coles Kitchen Mediterranean Pizza 470g",
    "COL Price": 7,
    "COL ppu": "$1.49 per 100G",
    "COL Size": "470g"
  },
  {
    "Brand_Product_Size": "Three Threes White Pickled Australian Onions 520g",
    "COL Price": 3.8,
    "COL ppu": "$7.31 per 1Kg",
    "COL Size": "520g"
  },
  {
    "Brand_Product_Size": "Hovex Pantry Moth Trap 2 pack",
    "COL Price": 10,
    "COL ppu": "$5.00 per 1Ea",
    "COL Size": "2 pack"
  },
  {
    "Brand_Product_Size": "Minecraft Blind Packs 1 pack",
    "COL Price": 6,
    "COL ppu": "$6.00 per 1Ea",
    "COL Size": "1 pack"
  },
  {
    "Brand_Product_Size": "Fehlbergs Spears Maple Bourbon 500g",
    "COL Price": 3.75,
    "COL ppu": "$7.50 per 1Kg",
    "COL Size": "500g"
  },
  {
    "Brand_Product_Size": "Multix Aluminium Foil Wrap 10m x 30cm 10m",
    "COL Price": 2,
    "COL ppu": "$0.20 per 1M",
    "COL Size": "10m"
  },
  {
    "Brand_Product_Size": "Coles Fresh Linen Air Freshener 150g",
    "COL Price": 1.9,
    "COL ppu": "$1.27 per 100G",
    "COL Size": "150g"
  },
  {
    "Brand_Product_Size": "Hart & Soul Coconut Lentil Soup Pouch 400g",
    "COL Price": 3,
    "COL ppu": "$0.75 per 100G",
    "COL Size": "400g"
  },
  {
    "Brand_Product_Size": "Clairol Nice N Easy Repair 2 Black Hair Colour 177mL",
    "COL Price": 11,
    "COL ppu": "$6.21 per 100mL",
    "COL Size": "177mL"
  },
  {
    "Brand_Product_Size": "Gravox Saucery Cheese Sauce Mix 29g",
    "COL Price": 1.1,
    "COL ppu": "$0.38 per 10G",
    "COL Size": "29g"
  },
  {
    "Brand_Product_Size": "Cadbury Dairy Milk Indulge With Creamy Hazelnut Crunch Family Block 170g",
    "COL Price": 5,
    "COL ppu": "$2.94 per 100G",
    "COL Size": "170g"
  },
  {
    "Brand_Product_Size": "Three Threes Apple Sauce 250g",
    "COL Price": 2.2,
    "COL ppu": "$0.88 per 100G",
    "COL Size": "250g"
  },
  {
    "Brand_Product_Size": "Edgell Picked & Peeled Baby Beets 425g",
    "COL Price": 1.6,
    "COL ppu": "$3.76 per 1Kg",
    "COL Size": "425g"
  },
  {
    "Brand_Product_Size": "Pana Organic Fig & Wild Orange Chocolate 45g",
    "COL Price": 6,
    "COL ppu": "$13.33 per 100G",
    "COL Size": "45g"
  },
  {
    "Brand_Product_Size": "Jonny's Caramel Popcorn Delights 142g",
    "COL Price": 2.8,
    "COL ppu": "$1.97 per 100G",
    "COL Size": "142g"
  },
  {
    "Brand_Product_Size": "Quorn Frozen Vegan Schnitzels 200g",
    "COL Price": 6.2,
    "COL ppu": "$3.10 per 100G",
    "COL Size": "200g"
  },
  {
    "Brand_Product_Size": "Pana Organic Hazelnut & Chocolate Spread 200g",
    "COL Price": 9,
    "COL ppu": "$4.50 per 100G",
    "COL Size": "200g"
  },
  {
    "Brand_Product_Size": "Coles I'M Free From Anzac Biscuits 160g",
    "COL Price": 3,
    "COL ppu": "$1.88 per 100G",
    "COL Size": "160g"
  },
  {
    "Brand_Product_Size": "Bondi Sands Aero Ultra Dark 225mL",
    "COL Price": 27,
    "COL ppu": "$12.00 per 100mL",
    "COL Size": "225mL"
  },
  {
    "Brand_Product_Size": "Coles Stonebaked By Laurent Sesame Sourdough Garlic Bread each",
    "COL Price": 4,
    "COL ppu": "$4.00 per 1Ea",
    "COL Size": "each"
  },
  {
    "Brand_Product_Size": "Nudie Byron Breeze Juice 2L",
    "COL Price": 8,
    "COL ppu": "$4.00 per 1L",
    "COL Size": "2L"
  },
  {
    "Brand_Product_Size": "L'Oreal Paris Excellence 5.5 Mahogany Brown Hair Colour 1 pack",
    "COL Price": 20,
    "COL ppu": "$20.00 per 1Ea",
    "COL Size": "1 pack"
  },
  {
    "Brand_Product_Size": "Sukin Cream Cleanser Pump 125mL",
    "COL Price": 13,
    "COL ppu": "$10.40 per 100mL",
    "COL Size": "125mL"
  },
  {
    "Brand_Product_Size": "Only Organic Chicken Cheese & Cauliflower Rice 120g",
    "COL Price": 2,
    "COL ppu": "$1.67 per 100G",
    "COL Size": "120g"
  },
  {
    "Brand_Product_Size": "Coles Italian White Wine Vinegar 500mL",
    "COL Price": 2.5,
    "COL ppu": "$0.50 per 100mL",
    "COL Size": "500mL"
  },
  {
    "Brand_Product_Size": "Hillmark Stainless Steel Wipes 20 pack",
    "COL Price": 6.5,
    "COL ppu": "$0.33 per 1Ea",
    "COL Size": "20 pack"
  },
  {
    "Brand_Product_Size": "Carman's Bar Nut Almond Cashew & Cranberry 45g",
    "COL Price": 3,
    "COL ppu": "$0.67 per 100G",
    "COL Size": "45g"
  },
  {
    "Brand_Product_Size": "Ansell Medium Hyflex Gloves 1 pack",
    "COL Price": 7,
    "COL ppu": "$7.00 per 1Ea",
    "COL Size": "1 pack"
  },
  {
    "Brand_Product_Size": "Colgate Plax Premium Gentle Mint Mouthwash 500mL",
    "COL Price": 7,
    "COL ppu": "$1.40 per 100mL",
    "COL Size": "500mL"
  },
  {
    "Brand_Product_Size": "White Wings Hamburger Helper Seasoning Mix 110g",
    "COL Price": 3.1,
    "COL ppu": "$0.28 per 10G",
    "COL Size": "110g"
  },
  {
    "Brand_Product_Size": "Toni & Guy Damage Repair Conditioner 250mL",
    "COL Price": 16,
    "COL ppu": "$6.40 per 100mL",
    "COL Size": "250mL"
  },
  {
    "Brand_Product_Size": "Coles Corella Pears approx. 150g each",
    "COL Price": 0.885,
    "COL ppu": "$5.90 per 1Kg",
    "COL Size": "approx. 150g each"
  },
  {
    "Brand_Product_Size": "Darrell Lea Allsorts Liquorice 270g",
    "COL Price": 4.4,
    "COL ppu": "$1.63 per 100G",
    "COL Size": "270g"
  },
  {
    "Brand_Product_Size": "L'OR Espresso Ultimo Capsules 10 pack",
    "COL Price": 4.5,
    "COL ppu": "$0.45 per 1Ea",
    "COL Size": "10 pack"
  },
  {
    "Brand_Product_Size": "Second House Products Crunchy Sweet Dumpling Powder Mix 454g",
    "COL Price": 4,
    "COL ppu": "$0.88 per 100G",
    "COL Size": "454g"
  },
  {
    "Brand_Product_Size": "Olina's Raisin & Pumpkin Seed Artisan Crackers 100g",
    "COL Price": 4,
    "COL ppu": "$4.00 per 100G",
    "COL Size": "100g"
  },
  {
    "Brand_Product_Size": "Beactive Hand Sanitiser 50mL",
    "COL Price": 3,
    "COL ppu": "$6.00 per 100mL",
    "COL Size": "50mL"
  },
  {
    "Brand_Product_Size": "Coles Kitchen Balanced Chicken & Chorizo Paella 320g",
    "COL Price": 7.5,
    "COL ppu": "$2.34 per 100G",
    "COL Size": "320g"
  },
  {
    "Brand_Product_Size": "Neutrogena Rapid Wrinkle Repair Regenerating Cream 48g",
    "COL Price": 49,
    "COL ppu": "$102.09 per 100G",
    "COL Size": "48g"
  },
  {
    "Brand_Product_Size": "Napro Palette 5-99 Rosewood Violet Permanent Hair Colour 1 pack",
    "COL Price": 7.95,
    "COL ppu": "$7.95 per 1Ea",
    "COL Size": "1 pack"
  },
  {
    "Brand_Product_Size": "CSR Raw Sugar 1kg",
    "COL Price": 2.3,
    "COL ppu": "$0.23 per 100G",
    "COL Size": "1kg"
  },
  {
    "Brand_Product_Size": "Koh Kae Coconut Cream Flavour Coated Peanuts 265g",
    "COL Price": 3.1,
    "COL ppu": "$11.70 per 1Kg",
    "COL Size": "265g"
  },
  {
    "Brand_Product_Size": "Arnott's Shapes Vegemite & Cheese Crackers 165g",
    "COL Price": 3.2,
    "COL ppu": "$1.94 per 100G",
    "COL Size": "165g"
  },
  {
    "Brand_Product_Size": "Coles Mini Cream Wafers Multipack 175g",
    "COL Price": 2.5,
    "COL ppu": "$1.43 per 100G",
    "COL Size": "175g"
  },
  {
    "Brand_Product_Size": "Gourmet Garden Ginger Cold Blended Paste 115g",
    "COL Price": 4.5,
    "COL ppu": "$3.91 per 100G",
    "COL Size": "115g"
  },
  {
    "Brand_Product_Size": "Meat Servery Lamb Cutlets approx. 75g",
    "COL Price": 2.55,
    "COL ppu": "$34.00 per 1Kg",
    "COL Size": "approx. 75g"
  },
  {
    "Brand_Product_Size": "Always Fresh Cucumber Sweet & Sour 680g",
    "COL Price": 3.74,
    "COL ppu": "$5.50 per 1Kg",
    "COL Size": "680g"
  },
  {
    "Brand_Product_Size": "Pillsbury Whole Wheat Flour 5kg",
    "COL Price": 6.95,
    "COL ppu": "$1.39 per 1Kg",
    "COL Size": "5kg"
  },
  {
    "Brand_Product_Size": "Peters Life Savers Ice Cream 8 pack 530mL",
    "COL Price": 7,
    "COL ppu": "$1.32 per 100mL",
    "COL Size": "530mL"
  },
  {
    "Brand_Product_Size": "Haldirams Aloo Tikki 420g",
    "COL Price": 10,
    "COL ppu": "$2.38 per 100G",
    "COL Size": "420g"
  },
  {
    "Brand_Product_Size": "Bref Fresh Boost Flower Blossom Toilet Cleaner 450mL",
    "COL Price": 5,
    "COL ppu": "$1.11 per 100mL",
    "COL Size": "450mL"
  },
  {
    "Brand_Product_Size": "Murray River Organics Apple Cinnamon Muesli 400g",
    "COL Price": 7.5,
    "COL ppu": "$1.88 per 100G",
    "COL Size": "400g"
  },
  {
    "Brand_Product_Size": "Hans Oliving Hot Twiggy Sticks approx. 125g",
    "COL Price": 3.75,
    "COL ppu": "$30.00 per 1Kg",
    "COL Size": "approx. 125g"
  },
  {
    "Brand_Product_Size": "Kellogg's LCMs Split Stix Puffed Rice Snack Bars Variety 15 pack 345g",
    "COL Price": 7,
    "COL ppu": "$2.03 per 100G",
    "COL Size": "345g"
  },
  {
    "Brand_Product_Size": "Queen Victoria Green Tea 50 pack",
    "COL Price": 6,
    "COL ppu": "$0.12 per 1Ea",
    "COL Size": "50 pack"
  },
  {
    "Brand_Product_Size": "Pringles Minis Sour Cream & Onion Potato Chips 5 pack 95g",
    "COL Price": 3.2,
    "COL ppu": "$3.37 per 100G",
    "COL Size": "95g"
  },
  {
    "Brand_Product_Size": "Post-it Original Yellow Notes 4 pack",
    "COL Price": 4,
    "COL ppu": "$1.00 per 1Ea",
    "COL Size": "4 pack"
  },
  {
    "Brand_Product_Size": "Coles Penne Pasta 500g",
    "COL Price": 0.8,
    "COL ppu": "$0.16 per 100G",
    "COL Size": "500g"
  },
  {
    "Brand_Product_Size": "MasterFoods Hot Cajun Seasoning 35g",
    "COL Price": 2.8,
    "COL ppu": "$0.80 per 10G",
    "COL Size": "35g"
  },
  {
    "Brand_Product_Size": "Schwarzkopf Natrual Brown Live Colour 1 pack",
    "COL Price": 14,
    "COL ppu": "$14.00 per 1Ea",
    "COL Size": "1 pack"
  },
  {
    "Brand_Product_Size": "Coles Vegetable Soup Kit 500g",
    "COL Price": 5,
    "COL ppu": "$10.00 per 1Kg",
    "COL Size": "500g"
  },
  {
    "Brand_Product_Size": "Sam's Frozen Pelmeni Beef Pasta 800g",
    "COL Price": 14,
    "COL ppu": "$1.75 per 100G",
    "COL Size": "800g"
  },
  {
    "Brand_Product_Size": "Garnier Hydrabomb Tissue Mask Lavender 28g",
    "COL Price": 3,
    "COL ppu": "$10.71 per 100G",
    "COL Size": "28g"
  },
  {
    "Brand_Product_Size": "K-Roo Kangaroo Steak approx. 380g pack",
    "COL Price": 7.6,
    "COL ppu": "$20.00 per 1Kg",
    "COL Size": "approx. 380g pack"
  },
  {
    "Brand_Product_Size": "Arnott's Sea Salt Cracker Chips 150g",
    "COL Price": 3,
    "COL ppu": "$2.00 per 100G",
    "COL Size": "150g"
  },
  {
    "Brand_Product_Size": "L'Oreal Magic Retouch Black 75mL",
    "COL Price": 12.8,
    "COL ppu": "$17.07 per 100mL",
    "COL Size": "75mL"
  },
  {
    "Brand_Product_Size": "Quick-Eze Antacid Original Tablets 5 pack",
    "COL Price": 6.5,
    "COL ppu": "$4.45 per 100G",
    "COL Size": "5 pack"
  },
  {
    "Brand_Product_Size": "Maybelline Tattoo Studio Black Eye Liner 001 2.5mL",
    "COL Price": 15.4,
    "COL ppu": "$61.60 per 10mL",
    "COL Size": "2.5mL"
  },
  {
    "Brand_Product_Size": "Hask Tea Tree Oil & Rosemary Invigorating 5 In 1 Leave In Spray 175mL",
    "COL Price": 15,
    "COL ppu": "$8.57 per 100mL",
    "COL Size": "175mL"
  },
  {
    "Brand_Product_Size": "Scunci Mini Jaw Clips 15 pieces 1 pack",
    "COL Price": 6,
    "COL ppu": "$6.00 per 1Ea",
    "COL Size": "1 pack"
  },
  {
    "Brand_Product_Size": "Red Rock Deli Gourmet Crackers Caramelised Onion 130g",
    "COL Price": 4,
    "COL ppu": "$3.08 per 100G",
    "COL Size": "130g"
  },
  {
    "Brand_Product_Size": "B.box Sippy Cup For Kids each",
    "COL Price": 15,
    "COL ppu": "$15.00 per 1Ea",
    "COL Size": "each"
  },
  {
    "Brand_Product_Size": "Colgate Zig Zag Flex Medium Toothbrush 1 pack",
    "COL Price": 2.4,
    "COL ppu": "$2.40 per 1Ea",
    "COL Size": "1 pack"
  },
  {
    "Brand_Product_Size": "Sistema Ultra Clear Tritan Container 1.3L each",
    "COL Price": 12,
    "COL ppu": "$12.00 per 1Ea",
    "COL Size": "each"
  },
  {
    "Brand_Product_Size": "Kellogg's K-Time Baked Twists Strawberry & Yoghurt Flavour Filled Snack Bars 5 pack 185g",
    "COL Price": 4,
    "COL ppu": "$2.16 per 100G",
    "COL Size": "185g"
  },
  {
    "Brand_Product_Size": "Bundaberg Passionfruit Flavour Sparkling Drink Multipack Bottles 375mL 4 pack",
    "COL Price": 6.35,
    "COL ppu": "$4.23 per 1L",
    "COL Size": "4 pack"
  },
  {
    "Brand_Product_Size": "Obento Tonkatsu Sauce 250mL",
    "COL Price": 3,
    "COL ppu": "$1.20 per 100mL",
    "COL Size": "250mL"
  },
  {
    "Brand_Product_Size": "Cook & Dine Roasting Pan each",
    "COL Price": 6,
    "COL ppu": "$6.00 per 1Ea",
    "COL Size": "each"
  },
  {
    "Brand_Product_Size": "Coles Wellness Road 5 Seed Loaf 700g",
    "COL Price": 4,
    "COL ppu": "$0.57 per 100G",
    "COL Size": "700g"
  },
  {
    "Brand_Product_Size": "Nestle Soothers Eucalyptus & Menthol With Vitamin C Medicated Lozenges 3 pack",
    "COL Price": 4,
    "COL ppu": "$1.33 per 1Ea",
    "COL Size": "3 pack"
  },
  {
    "Brand_Product_Size": "Coles Spicy Chilli Tuna 95g",
    "COL Price": 0.9,
    "COL ppu": "$9.47 per 1Kg",
    "COL Size": "95g"
  },
  {
    "Brand_Product_Size": "Banana Boat Kids Spray Sunscreen SPF 50+ 240mL",
    "COL Price": 16.5,
    "COL ppu": "$6.88 per 100mL",
    "COL Size": "240mL"
  },
  {
    "Brand_Product_Size": "Lavazza Decaffeinated Ground Coffee Medium Roast 250g",
    "COL Price": 7.5,
    "COL ppu": "$3.00 per 100G",
    "COL Size": "250g"
  },
  {
    "Brand_Product_Size": "Olay Total Effects 7 in One Normal Day Face Cream 50g",
    "COL Price": 33.5,
    "COL ppu": "$67.00 per 100G",
    "COL Size": "50g"
  },
  {
    "Brand_Product_Size": "Stubb's Sticky Sweet BBQ Sauce 510g",
    "COL Price": 6,
    "COL ppu": "$1.18 per 100G",
    "COL Size": "510g"
  },
  {
    "Brand_Product_Size": "Coles Square Tip Tweezer 1 pack",
    "COL Price": 3.9,
    "COL ppu": "$3.90 per 1Ea",
    "COL Size": "1 pack"
  },
  {
    "Brand_Product_Size": "Lynx Aerosol Ice Chill Deodorant 165mL",
    "COL Price": 7,
    "COL ppu": "$4.24 per 100mL",
    "COL Size": "165mL"
  },
  {
    "Brand_Product_Size": "Coles Blackberries Prepacked 125g",
    "COL Price": 6,
    "COL ppu": "$48.00 per 1Kg",
    "COL Size": "125g"
  },
  {
    "Brand_Product_Size": "Taamti Vegetarian Cigars 408g",
    "COL Price": 10,
    "COL ppu": "$2.45 per 100G",
    "COL Size": "408g"
  },
  {
    "Brand_Product_Size": "Nivea Firming Body Lotion Moisturiser + Q10 & Vitamin C 400mL",
    "COL Price": 10.5,
    "COL ppu": "$2.63 per 100mL",
    "COL Size": "400mL"
  },
  {
    "Brand_Product_Size": "Organic Care Bodywash Rose & Patchouli 725mL",
    "COL Price": 4.9,
    "COL ppu": "$0.68 per 100mL",
    "COL Size": "725mL"
  },
  {
    "Brand_Product_Size": "Coles Organic Kale With Vegetables 200g",
    "COL Price": 4.5,
    "COL ppu": "$22.50 per 1Kg",
    "COL Size": "200g"
  },
  {
    "Brand_Product_Size": "Schweppes Zero Sugar Ginger Ale  Mixers 1.1L",
    "COL Price": 2.15,
    "COL ppu": "$1.95 per 1L",
    "COL Size": "1.1L"
  },
  {
    "Brand_Product_Size": "Mintec Peppermint IBS Relief 20 pack",
    "COL Price": 9.95,
    "COL ppu": "$0.50 per 1Ea",
    "COL Size": "20 pack"
  },
  {
    "Brand_Product_Size": "Coles Kitchen Cottage Pie 400g",
    "COL Price": 7.5,
    "COL ppu": "$1.88 per 100G",
    "COL Size": "400g"
  },
  {
    "Brand_Product_Size": "Coles Bakery Iced Cupcakes 6 pack",
    "COL Price": 3.5,
    "COL ppu": "$0.58 per 1Ea",
    "COL Size": "6 pack"
  },
  {
    "Brand_Product_Size": "The Bar Counter High Protein Raspberry Truffle",
    "COL Price": 2.5,
    "COL ppu": "",
    "COL Size": ""
  },
  {
    "Brand_Product_Size": "Nescafe Gold Original Ground Coffee Medium Refill Pack 320g",
    "COL Price": 19,
    "COL ppu": "$5.94 per 100G",
    "COL Size": "320g"
  },
  {
    "Brand_Product_Size": "5 Gum Watermelon Chewing Gum Stick 32g",
    "COL Price": 1.85,
    "COL ppu": "$5.78 per 100G",
    "COL Size": "32g"
  },
  {
    "Brand_Product_Size": "Coles Bakery Flatbread Wholemeal 6 pack",
    "COL Price": 3.5,
    "COL ppu": "$0.58 per 1Ea",
    "COL Size": "6 pack"
  },
  {
    "Brand_Product_Size": "Palmolive Anti-Bacterial Lime Hand Wash Refill 1L",
    "COL Price": 6.5,
    "COL ppu": "$0.65 per 100mL",
    "COL Size": "1L"
  },
  {
    "Brand_Product_Size": "Coles Organic Coconut Cream 400mL",
    "COL Price": 2.35,
    "COL ppu": "$0.59 per 100mL",
    "COL Size": "400mL"
  },
  {
    "Brand_Product_Size": "Smiths Snack Mix 20 Pack 395g",
    "COL Price": 5.5,
    "COL ppu": "$1.39 per 100G",
    "COL Size": "395g"
  },
  {
    "Brand_Product_Size": "Gippsland Dairy Blueberry Twist Yoghurt 720g",
    "COL Price": 5.5,
    "COL ppu": "$0.76 per 100G",
    "COL Size": "720g"
  },
  {
    "Brand_Product_Size": "Grants Of Australia Whitening With Baking Soda & Mint Toothpaste 110g",
    "COL Price": 3,
    "COL ppu": "$2.73 per 100G",
    "COL Size": "110g"
  },
  {
    "Brand_Product_Size": "Damp Rid Moisture Absorber Hanging Bag 3 pack",
    "COL Price": 20,
    "COL ppu": "$6.67 per 1Ea",
    "COL Size": "3 pack"
  },
  {
    "Brand_Product_Size": "Coles Apple Juice Multipack 250mL 6 pack",
    "COL Price": 2.9,
    "COL ppu": "$1.93 per 1L",
    "COL Size": "6 pack"
  },
  {
    "Brand_Product_Size": "Coles Unsalted Mixed Nuts 375g",
    "COL Price": 5.35,
    "COL ppu": "$14.27 per 1Kg",
    "COL Size": "375g"
  },
  {
    "Brand_Product_Size": "Rana Eggplant & Parmigiana Pasta 325g",
    "COL Price": 7,
    "COL ppu": "$2.15 per 100G",
    "COL Size": "325g"
  },
  {
    "Brand_Product_Size": "Coles Stainless Steel Scourers 3 pack",
    "COL Price": 0.9,
    "COL ppu": "$0.30 per 1Ea",
    "COL Size": "3 pack"
  },
  {
    "Brand_Product_Size": "MasterFoods Ground Paprika 35g",
    "COL Price": 2.65,
    "COL ppu": "$0.76 per 10G",
    "COL Size": "35g"
  },
  {
    "Brand_Product_Size": "Sukin Sensitive Micellar Conditioner 1L",
    "COL Price": 28,
    "COL ppu": "$28.00 per 1L",
    "COL Size": "1L"
  },
  {
    "Brand_Product_Size": "SPC Little Tubs of Apple Puree 120g 4 pack",
    "COL Price": 3,
    "COL ppu": "$6.25 per 1Kg",
    "COL Size": "4 pack"
  },
  {
    "Brand_Product_Size": "Revlon Colorstay Overtime Lipcolor Infinite Raspberry Lipstick 2mL",
    "COL Price": 28,
    "COL ppu": "$140.00 per 10mL",
    "COL Size": "2mL"
  },
  {
    "Brand_Product_Size": "Fussy Cat Cat Food Jumbo Variety Pouch 80g 28 pack",
    "COL Price": 25,
    "COL ppu": "$1.12 per 100G",
    "COL Size": "28 pack"
  },
  {
    "Brand_Product_Size": "Coles Manuka MGO 50+ Multifloral Honey 250g",
    "COL Price": 11,
    "COL ppu": "$4.40 per 100G",
    "COL Size": "250g"
  },
  {
    "Brand_Product_Size": "Coles Paw Paw Ointment 25g",
    "COL Price": 2.55,
    "COL ppu": "$10.20 per 100G",
    "COL Size": "25g"
  },
  {
    "Brand_Product_Size": "Coles Dairy Milk Lite Reduced Fat HDPE 2L",
    "COL Price": 2.39,
    "COL ppu": "$1.20 per 1L",
    "COL Size": "2L"
  },
  {
    "Brand_Product_Size": "Maybelline Fit Me Liquid Foundation 225 Medium Buff 30mL",
    "COL Price": 15.4,
    "COL ppu": "$5.13 per 10mL",
    "COL Size": "30mL"
  },
  {
    "Brand_Product_Size": "Cadbury Dark Chocolate Baking Chips 200g",
    "COL Price": 3,
    "COL ppu": "$1.50 per 100G",
    "COL Size": "200g"
  },
  {
    "Brand_Product_Size": "Yumi's Gluten Free Spinach Classic Dip 200g",
    "COL Price": 3,
    "COL ppu": "$1.50 per 100G",
    "COL Size": "200g"
  },
  {
    "Brand_Product_Size": "Pepsi Max Cola 600mL",
    "COL Price": 3,
    "COL ppu": "$5.00 per 1L",
    "COL Size": "600mL"
  },
  {
    "Brand_Product_Size": "Sakata Wholegrain Original Rice Crackers 90g",
    "COL Price": 2,
    "COL ppu": "$2.22 per 100G",
    "COL Size": "90g"
  },
  {
    "Brand_Product_Size": "Lilydale Free Range Chicken Breast Fillets Small Pack approx. 600g each",
    "COL Price": 10.8,
    "COL ppu": "$18.00 per 1Kg",
    "COL Size": "approx. 600g each"
  },
  {
    "Brand_Product_Size": "Carmans Goodness Crackers Garlic & Herb 150g",
    "COL Price": 3,
    "COL ppu": "$2.00 per 100G",
    "COL Size": "150g"
  },
  {
    "Brand_Product_Size": "Oral-B 3D White Luxe Perfection Toothpaste 95g",
    "COL Price": 4.5,
    "COL ppu": "$4.74 per 100G",
    "COL Size": "95g"
  },
  {
    "Brand_Product_Size": "Nice & Natural Protein Nut Bar Salted Caramel 40g",
    "COL Price": 2.3,
    "COL ppu": "$5.75 per 100G",
    "COL Size": "40g"
  },
  {
    "Brand_Product_Size": "Coles Kitchen Beef Stroganoff & Rice 350g",
    "COL Price": 7.5,
    "COL ppu": "$2.14 per 100G",
    "COL Size": "350g"
  },
  {
    "Brand_Product_Size": "Coles Red Velvet Cupcakes 4 pack 288g",
    "COL Price": 4,
    "COL ppu": "$1.39 per 100G",
    "COL Size": "288g"
  },
  {
    "Brand_Product_Size": "McCain Bubble and Squeak 620g",
    "COL Price": 3,
    "COL ppu": "$0.48 per 100G",
    "COL Size": "620g"
  },
  {
    "Brand_Product_Size": "Arnott's Light Cruskits 125g",
    "COL Price": 3.5,
    "COL ppu": "$2.80 per 100G",
    "COL Size": "125g"
  },
  {
    "Brand_Product_Size": "Peckish Fancies Rice Crackers Honey & Soy",
    "COL Price": 1.4,
    "COL ppu": "",
    "COL Size": ""
  },
  {
    "Brand_Product_Size": "Continental Mushroom & Chive Risotto Serves 3 115g",
    "COL Price": 2.75,
    "COL ppu": "$2.39 per 100G",
    "COL Size": "115g"
  },
  {
    "Brand_Product_Size": "Whiskas Beef & Lamb Adult Dry Cat Food 1.8kg",
    "COL Price": 9,
    "COL ppu": "$0.50 per 100G",
    "COL Size": "1.8kg"
  },
  {
    "Brand_Product_Size": "Optimum Urinary Care 1+ Years Chunks In Jelly With Ocean Fish Grainfree Cat Food Pouch 85g",
    "COL Price": 1.9,
    "COL ppu": "$2.24 per 100G",
    "COL Size": "85g"
  },
  {
    "Brand_Product_Size": "Peace Bakery Lebanese Bread White 6 pack 500g",
    "COL Price": 1.6,
    "COL ppu": "$0.32 per 100G",
    "COL Size": "500g"
  },
  {
    "Brand_Product_Size": "Codral Relief Mucus Cough & Cold Liquid 200mL",
    "COL Price": 11.5,
    "COL ppu": "$5.75 per 100mL",
    "COL Size": "200mL"
  },
  {
    "Brand_Product_Size": "Coles Butternut Pumpkin Whole approx. 2kg each",
    "COL Price": 7,
    "COL ppu": "$3.50 per 1Kg",
    "COL Size": "approx. 2kg each"
  },
  {
    "Brand_Product_Size": "Fabulon Starch Ironing Aid 500mL",
    "COL Price": 6.5,
    "COL ppu": "$13.00 per 1L",
    "COL Size": "500mL"
  },
  {
    "Brand_Product_Size": "Golden Circle Pineapple Slices in Natural Juice Canned 440g",
    "COL Price": 3.75,
    "COL ppu": "$8.52 per 1Kg",
    "COL Size": "440g"
  },
  {
    "Brand_Product_Size": "Nutella Go Hazelnut Spread With Cocoa Breadsticks Multipack 48g 4 pack",
    "COL Price": 9,
    "COL ppu": "$4.69 per 100G",
    "COL Size": "4 pack"
  },
  {
    "Brand_Product_Size": "Coles Tasty Light Cheddar Cheese Block 1kg",
    "COL Price": 8.8,
    "COL ppu": "$8.80 per 1Kg",
    "COL Size": "1kg"
  },
  {
    "Brand_Product_Size": "Coles Pork Belly Roast Boneless approx. 1.3kg each",
    "COL Price": 20.8,
    "COL ppu": "$16.00 per 1Kg",
    "COL Size": "approx. 1.3kg each"
  },
  {
    "Brand_Product_Size": "Coles Blueberry Granola Bites 5 Pack 110g",
    "COL Price": 3.5,
    "COL ppu": "$3.18 per 100G",
    "COL Size": "110g"
  },
  {
    "Brand_Product_Size": "Coles No Added Hormone Beef Osso Bucco approx. 900g",
    "COL Price": 16.2,
    "COL ppu": "$18.00 per 1Kg",
    "COL Size": "approx. 900g"
  },
  {
    "Brand_Product_Size": "Slow Hills RSPCA Approved Chicken Boneless Roast With Prune And Macadamia Stuffing approx. 1.450kg",
    "COL Price": 33.35,
    "COL ppu": "$23.00 per 1Kg",
    "COL Size": "approx. 1.450kg"
  },
  {
    "Brand_Product_Size": "Sanitarium So Good Vanilla Bliss Frozen Dessert Tub 1L",
    "COL Price": 6.6,
    "COL ppu": "$6.60 per 1L",
    "COL Size": "1L"
  },
  {
    "Brand_Product_Size": "Barilla Spaghettoni No 7 500g",
    "COL Price": 2,
    "COL ppu": "$0.40 per 100G",
    "COL Size": "500g"
  },
  {
    "Brand_Product_Size": "Cook & Dine Embossed Bonbon Jar 600mL",
    "COL Price": 6,
    "COL ppu": "$1.00 per 100Ea",
    "COL Size": "600mL"
  },
  {
    "Brand_Product_Size": "Moccona French Style Smooth & Rounded Instant Coffee 200g",
    "COL Price": 13,
    "COL ppu": "$6.50 per 100G",
    "COL Size": "200g"
  },
  {
    "Brand_Product_Size": "Coles Kitchen BBQ Pasta Salad 250g",
    "COL Price": 3.5,
    "COL ppu": "$1.40 per 100G",
    "COL Size": "250g"
  },
  {
    "Brand_Product_Size": "Le Tan Express Tan Mousse 110mL",
    "COL Price": 15,
    "COL ppu": "$13.64 per 100mL",
    "COL Size": "110mL"
  },
  {
    "Brand_Product_Size": "Coles Fresh Red Royale Potatoes approx. 170g each",
    "COL Price": 0.68,
    "COL ppu": "$4.00 per 1Kg",
    "COL Size": "approx. 170g each"
  },
  {
    "Brand_Product_Size": "Chobani Flip Salted Caramel Crunch Yoghurt 140g",
    "COL Price": 2,
    "COL ppu": "$1.43 per 100G",
    "COL Size": "140g"
  },
  {
    "Brand_Product_Size": "Redwin Tea Tree Shampoo 250mL",
    "COL Price": 4.85,
    "COL ppu": "$1.94 per 100mL",
    "COL Size": "250mL"
  },
  {
    "Brand_Product_Size": "Coles Coles Spudlite Baby Potato 750g",
    "COL Price": 3,
    "COL ppu": "$4.00 per 1Kg",
    "COL Size": "750g"
  },
  {
    "Brand_Product_Size": "Pop Tops Tropical Fruit Drink Multipack 250mL 6 pack",
    "COL Price": 4.9,
    "COL ppu": "$0.82 per 1Ea",
    "COL Size": "6 pack"
  },
  {
    "Brand_Product_Size": "Garnier Fructis Grow Strong Shampoo 850mL",
    "COL Price": 7.5,
    "COL ppu": "$0.88 per 100mL",
    "COL Size": "850mL"
  },
  {
    "Brand_Product_Size": "Schmackos BBQ Rawhide Chips Dog Treat 70g",
    "COL Price": 4.8,
    "COL ppu": "$6.86 per 100G",
    "COL Size": "70g"
  },
  {
    "Brand_Product_Size": "Coles Corn Kernels 4 pack",
    "COL Price": 2.2,
    "COL ppu": "$4.40 per 1Kg",
    "COL Size": "4 pack"
  },
  {
    "Brand_Product_Size": "Pelmeni Foods Frozen Potato & Onion Kreplach Dumplings 600g",
    "COL Price": 13.5,
    "COL ppu": "$2.25 per 100G",
    "COL Size": "600g"
  },
  {
    "Brand_Product_Size": "Orange Power Air Freshener Spray 125mL",
    "COL Price": 3.36,
    "COL ppu": "$0.27 per 10mL",
    "COL Size": "125mL"
  },
  {
    "Brand_Product_Size": "Carman's Greek Style Youghurt Berry Bar 40g",
    "COL Price": 1.5,
    "COL ppu": "$3.75 per 100G",
    "COL Size": "40g"
  },
  {
    "Brand_Product_Size": "Ogx Argan Oil of Morocco Shampoo 385mL",
    "COL Price": 20,
    "COL ppu": "$5.19 per 100mL",
    "COL Size": "385mL"
  },
  {
    "Brand_Product_Size": "Obento Yaki Nori Seaweed Sushi Sheets 25g",
    "COL Price": 3.1,
    "COL ppu": "$12.40 per 100G",
    "COL Size": "25g"
  },
  {
    "Brand_Product_Size": "Cook & Dine Corn Holders 4 pack",
    "COL Price": 2.5,
    "COL ppu": "$0.63 per 1Ea",
    "COL Size": "4 pack"
  },
  {
    "Brand_Product_Size": "Coles Cooking Milk Chocolate Chips 750g",
    "COL Price": 6,
    "COL ppu": "$0.80 per 100G",
    "COL Size": "750g"
  },
  {
    "Brand_Product_Size": "Lee Kum Kee Sweet & Sour Pork Stir Fry Sauce 145g",
    "COL Price": 2.2,
    "COL ppu": "$1.52 per 100G",
    "COL Size": "145g"
  },
  {
    "Brand_Product_Size": "Remedy Kombucha Cherry Plum drink 330mL",
    "COL Price": 3,
    "COL ppu": "$9.09 per 1L",
    "COL Size": "330mL"
  },
  {
    "Brand_Product_Size": "Maybelline Dream Radiant Liquid Foundation Pure Beige 30mL",
    "COL Price": 17.5,
    "COL ppu": "$5.83 per 10mL",
    "COL Size": "30mL"
  },
  {
    "Brand_Product_Size": "Coles Caramel Chocolate Deluxe Biscuits 200g",
    "COL Price": 1.65,
    "COL ppu": "$0.83 per 100G",
    "COL Size": "200g"
  },
  {
    "Brand_Product_Size": "Sandhurst Artichokes Hearts Fat Free 280g",
    "COL Price": 4,
    "COL ppu": "$14.29 per 1Kg",
    "COL Size": "280g"
  },
  {
    "Brand_Product_Size": "Coles Classic Dressing Adhesive Tape 5m each",
    "COL Price": 6,
    "COL ppu": "$6.00 per 1Ea",
    "COL Size": "each"
  },
  {
    "Brand_Product_Size": "Tofutti Cuties Dairy Free Chocolate Ice Cream Sandwich 8 pack 340g",
    "COL Price": 7.2,
    "COL ppu": "$2.12 per 100G",
    "COL Size": "340g"
  },
  {
    "Brand_Product_Size": "Gross Fourre Vanilla Cream Biscuit 300g",
    "COL Price": 3.1,
    "COL ppu": "$1.03 per 100G",
    "COL Size": "300g"
  },
  {
    "Brand_Product_Size": "Nature's Way Kids Vita Gummies Vitamin C Sugar Free 70 pack",
    "COL Price": 20,
    "COL ppu": "$0.29 per 1Ea",
    "COL Size": "70 pack"
  },
  {
    "Brand_Product_Size": "Pedigree Dentastix Medium Dog Treat 56 pack",
    "COL Price": 27.5,
    "COL ppu": "$0.49 per 1Ea",
    "COL Size": "56 pack"
  },
  {
    "Brand_Product_Size": "Rexona Women Cotton Dry Anti-Perspirant Deodorant 50g",
    "COL Price": 4,
    "COL ppu": "$8.00 per 100mL",
    "COL Size": "50g"
  },
  {
    "Brand_Product_Size": "K-Roo Kangaroo Burgers 440g",
    "COL Price": 5,
    "COL ppu": "$11.36 per 1Kg",
    "COL Size": "440g"
  },
  {
    "Brand_Product_Size": "Palmolive 3mm Conditioner Smooth & Sleek 180mL",
    "COL Price": 8,
    "COL ppu": "$4.44 per 100mL",
    "COL Size": "180mL"
  },
  {
    "Brand_Product_Size": "Dominate Original Waxx Classic Strong Hold 85g",
    "COL Price": 6,
    "COL ppu": "$7.06 per 100G",
    "COL Size": "85g"
  },
  {
    "Brand_Product_Size": "Culinare Swivel Peeler each",
    "COL Price": 3.5,
    "COL ppu": "$3.50 per 1ea",
    "COL Size": "each"
  },
  {
    "Brand_Product_Size": "Starbucks Pike Place Capsules 10 pack",
    "COL Price": 6.9,
    "COL ppu": "$0.69 per 1Ea",
    "COL Size": "10 pack"
  },
  {
    "Brand_Product_Size": "Schwarzkopf Extra Care Super Styling Hold Hair Lacquer 100g",
    "COL Price": 4,
    "COL ppu": "$4.00 per 100G",
    "COL Size": "100g"
  },
  {
    "Brand_Product_Size": "Purina Total Care Heartwormer, All Wormer & Flea Control  for  Large Dogs 1 pack",
    "COL Price": 25,
    "COL ppu": "$25.00 per 1Ea",
    "COL Size": "1 pack"
  },
  {
    "Brand_Product_Size": "Provedore Antipasto Pack 150g",
    "COL Price": 12,
    "COL ppu": "$80.01 per 1Kg",
    "COL Size": "150g"
  },
  {
    "Brand_Product_Size": "Clif Blueberry Crisp Energy Bar 68g",
    "COL Price": 2.4,
    "COL ppu": "$3.53 per 100G",
    "COL Size": "68g"
  },
  {
    "Brand_Product_Size": "Eskal Crackers 200g",
    "COL Price": 4.7,
    "COL ppu": "$2.35 per 100G",
    "COL Size": "200g"
  },
  {
    "Brand_Product_Size": "Coles Finest Butter Croissant 2 pack",
    "COL Price": 4,
    "COL ppu": "$2.00 per 1Ea",
    "COL Size": "2 pack"
  },
  {
    "Brand_Product_Size": "Pace Farm Barn Laid Extra Large Eggs 12 pack 700g",
    "COL Price": 5.2,
    "COL ppu": "$0.74 per 100G",
    "COL Size": "700g"
  },
  {
    "Brand_Product_Size": "Bref Scent Switch Peach & Apple Toilet Cleaner 50g",
    "COL Price": 3,
    "COL ppu": "$6.00 per 100G",
    "COL Size": "50g"
  },
  {
    "Brand_Product_Size": "Smith's Cheetos Puffs Party Bag 165g",
    "COL Price": 3,
    "COL ppu": "$1.82 per 100G",
    "COL Size": "165g"
  },
  {
    "Brand_Product_Size": "McKenzie's Arrowroot 175g",
    "COL Price": 1.7,
    "COL ppu": "$0.97 per 100G",
    "COL Size": "175g"
  },
  {
    "Brand_Product_Size": "Coles Ginger & Soy Marinaded Atlantic Salmon 325g",
    "COL Price": 11,
    "COL ppu": "$33.85 per 1Kg",
    "COL Size": "325g"
  },
  {
    "Brand_Product_Size": "Arnott's Caramel Crowns Chocolate Biscuits 200g",
    "COL Price": 4,
    "COL ppu": "$2.00 per 100G",
    "COL Size": "200g"
  },
  {
    "Brand_Product_Size": "Coles Brown Mushrooms Prepacked 200g",
    "COL Price": 5,
    "COL ppu": "$25.00 per 1Kg",
    "COL Size": "200g"
  },
  {
    "Brand_Product_Size": "Coles USB-A To USB-C Cable 1M Black 1 pack",
    "COL Price": 15,
    "COL ppu": "$15.00 per 1ea",
    "COL Size": "1 pack"
  },
  {
    "Brand_Product_Size": "Coles Dried Premium Pears 180g",
    "COL Price": 5,
    "COL ppu": "$27.78 per 1Kg",
    "COL Size": "180g"
  },
  {
    "Brand_Product_Size": "Lynx Men Aerosol Anarchy Deodorant 165mL",
    "COL Price": 7,
    "COL ppu": "$4.24 per 100mL",
    "COL Size": "165mL"
  },
  {
    "Brand_Product_Size": "Sunbeam Sultanas Mini Snack 12 Pack 180g",
    "COL Price": 3.5,
    "COL ppu": "$19.45 per 1Kg",
    "COL Size": "180g"
  },
  {
    "Brand_Product_Size": "Bondi Sands Aero One Hour Express 225mL",
    "COL Price": 25,
    "COL ppu": "$11.11 per 100mL",
    "COL Size": "225mL"
  },
  {
    "Brand_Product_Size": "Dairy Farmers Full Cream Milk Carton 600mL",
    "COL Price": 1.5,
    "COL ppu": "$2.50 per 1L",
    "COL Size": "600mL"
  },
  {
    "Brand_Product_Size": "Revlon Colorstay Soft Blonde Brow Pencil .35g",
    "COL Price": 11.5,
    "COL ppu": "$328.57 per 10G",
    "COL Size": ".35g"
  },
  {
    "Brand_Product_Size": "Coles Wellness Road Lentil Pea & Cauliflower Prorice 300g",
    "COL Price": 2.1,
    "COL ppu": "$0.70 per 100G",
    "COL Size": "300g"
  },
  {
    "Brand_Product_Size": "Coles Turkish Delight 190g",
    "COL Price": 6,
    "COL ppu": "$3.16 per 100G",
    "COL Size": "190g"
  },
  {
    "Brand_Product_Size": "Podravka Chicken Noodle Soup 62g",
    "COL Price": 2.4,
    "COL ppu": "$0.39 per 10G",
    "COL Size": "62g"
  },
  {
    "Brand_Product_Size": "Coles Pasta Tortellini Veal 600g",
    "COL Price": 4,
    "COL ppu": "$0.67 per 100G",
    "COL Size": "600g"
  },
  {
    "Brand_Product_Size": "Go Natural Almond, Apricot & Coconut Bar 5 pack",
    "COL Price": 5.4,
    "COL ppu": "$3.09 per 100G",
    "COL Size": "5 pack"
  },
  {
    "Brand_Product_Size": "Birds Eye Frozen SteamFresh Broccoli Cauliflower & Carrots With Cheese Sauce 2 Pack 400g",
    "COL Price": 4.2,
    "COL ppu": "$10.50 per 1Kg",
    "COL Size": "400g"
  },
  {
    "Brand_Product_Size": "Vileda Super Microfibre with Telescopic Handle Mop each",
    "COL Price": 20,
    "COL ppu": "$20.00 per 1Ea",
    "COL Size": "each"
  },
  {
    "Brand_Product_Size": "Sanitarium Weet-Bix Bites Crunchy Honey Breakfast Cereal 510g",
    "COL Price": 4,
    "COL ppu": "$0.78 per 100G",
    "COL Size": "510g"
  },
  {
    "Brand_Product_Size": "Dorset Granola Simply Nut 450g",
    "COL Price": 3.5,
    "COL ppu": "$0.78 per 100G",
    "COL Size": "450g"
  },
  {
    "Brand_Product_Size": "MasterFoods Garlic Pepper 50g",
    "COL Price": 3.4,
    "COL ppu": "$0.68 per 10G",
    "COL Size": "50g"
  },
  {
    "Brand_Product_Size": "Coles Happy Birthday Candles 12 pack",
    "COL Price": 2,
    "COL ppu": "$0.17 per 1Ea",
    "COL Size": "12 pack"
  },
  {
    "Brand_Product_Size": "Simson's Pantry Lite Super Grains Wraps 5pack 210g",
    "COL Price": 5,
    "COL ppu": "$2.38 per 100G",
    "COL Size": "210g"
  },
  {
    "Brand_Product_Size": "Kiwi Black Boot Laces each",
    "COL Price": 2.9,
    "COL ppu": "$1.45 per 1Ea",
    "COL Size": "each"
  },
  {
    "Brand_Product_Size": "Dine Perfect Portions Cuts In Gravy with Succulent Chicken Wet Cat Food Trays 75g",
    "COL Price": 1.75,
    "COL ppu": "$2.33 per 100G",
    "COL Size": "75g"
  },
  {
    "Brand_Product_Size": "Geelong Brush Dustpan Set each",
    "COL Price": 2.5,
    "COL ppu": "$2.50 per 1Ea",
    "COL Size": "each"
  },
  {
    "Brand_Product_Size": "Coles Banana Chips 200g",
    "COL Price": 2,
    "COL ppu": "$10.00 per 1Kg",
    "COL Size": "200g"
  },
  {
    "Brand_Product_Size": "Hercules Twinzip Sandwich Bags Large 22cm x 22cm 25 pack",
    "COL Price": 1.95,
    "COL ppu": "$0.08 per 1Ea",
    "COL Size": "25 pack"
  },
  {
    "Brand_Product_Size": "Coles Pitted Medjool Date 340g",
    "COL Price": 10,
    "COL ppu": "$29.41 per 1Kg",
    "COL Size": "340g"
  },
  {
    "Brand_Product_Size": "Red Rock Deli Variety Multipack Potato Chips 10 pack",
    "COL Price": 5.5,
    "COL ppu": "$1.96 per 100G",
    "COL Size": "10 pack"
  },
  {
    "Brand_Product_Size": "Pantene Pro-V Ultimate 10 Repair & Protect Shampoo 900mL",
    "COL Price": 17,
    "COL ppu": "$1.89 per 100mL",
    "COL Size": "900mL"
  },
  {
    "Brand_Product_Size": "Smiths Crinkle Cut Tasty Cheese 150g",
    "COL Price": 3.5,
    "COL ppu": "$2.33 per 100G",
    "COL Size": "150g"
  },
  {
    "Brand_Product_Size": "Coles Salt Reduced Butter 250g",
    "COL Price": 3.25,
    "COL ppu": "$1.30 per 100G",
    "COL Size": "250g"
  },
  {
    "Brand_Product_Size": "Coles Mini Naan 6 pack 270g",
    "COL Price": 2.5,
    "COL ppu": "$0.93 per 100G",
    "COL Size": "270g"
  },
  {
    "Brand_Product_Size": "Nature's Gift Just Natural Casserole Lamb Vegetable & Barley Dog Food 700g",
    "COL Price": 2,
    "COL ppu": "$0.29 per 100G",
    "COL Size": "700g"
  },
  {
    "Brand_Product_Size": "Smith's Crinkle Cut Salt & Vinegar Potato Chips 6 pack 114g",
    "COL Price": 3.14,
    "COL ppu": "$2.75 per 100G",
    "COL Size": "114g"
  },
  {
    "Brand_Product_Size": "Golden Wok Diana Chans Tandoori Chicken Dumplings 230g",
    "COL Price": 7.5,
    "COL ppu": "$3.26 per 100G",
    "COL Size": "230g"
  },
  {
    "Brand_Product_Size": "Dr Beckmann Appliance Descaler 250mL",
    "COL Price": 5.6,
    "COL ppu": "$2.24 per 100mL",
    "COL Size": "250mL"
  },
  {
    "Brand_Product_Size": "La Costena Chipotle Sauce 220g",
    "COL Price": 3.75,
    "COL ppu": "$1.70 per 100G",
    "COL Size": "220g"
  },
  {
    "Brand_Product_Size": "Coles Asia Udon Noodles 400g",
    "COL Price": 1.85,
    "COL ppu": "$0.46 per 100G",
    "COL Size": "400g"
  },
  {
    "Brand_Product_Size": "180 Degrees Walnut Oat Crackers 150g",
    "COL Price": 5.5,
    "COL ppu": "$3.67 per 100G",
    "COL Size": "150g"
  },
  {
    "Brand_Product_Size": "Magazine That's Life each",
    "COL Price": 3.9,
    "COL ppu": "$3.90 per 1Ea",
    "COL Size": "each"
  },
  {
    "Brand_Product_Size": "Sistema Splits Containers 1.9L each",
    "COL Price": 5.6,
    "COL ppu": "$5.60 per 1Ea",
    "COL Size": "each"
  },
  {
    "Brand_Product_Size": "Glico Pocky Strawberry Value Pack 168g",
    "COL Price": 6,
    "COL ppu": "$3.57 per 100G",
    "COL Size": "168g"
  },
  {
    "Brand_Product_Size": "Twinings Caffeine Free Ginger & Apple Flavour Herbal Infusions Tea Bags 10 pack 20g",
    "COL Price": 2.9,
    "COL ppu": "$0.29 per 1Ea",
    "COL Size": "20g"
  },
  {
    "Brand_Product_Size": "Steggles Oven Roasted Turkey Breast approx. 125g pack",
    "COL Price": 3.5,
    "COL ppu": "$28.00 per 1Kg",
    "COL Size": "approx. 125g pack"
  },
  {
    "Brand_Product_Size": "Mother Earth Oaty Slices Peach White Chocolate 240g",
    "COL Price": 3,
    "COL ppu": "$1.25 per 100G",
    "COL Size": "240g"
  },
  {
    "Brand_Product_Size": "San Remo Thin Spaghetti No 4 500g",
    "COL Price": 1.95,
    "COL ppu": "$0.39 per 100G",
    "COL Size": "500g"
  },
  {
    "Brand_Product_Size": "Colgate Plax Kids Mouthwash 250mL",
    "COL Price": 4,
    "COL ppu": "$1.60 per 100mL",
    "COL Size": "250mL"
  },
  {
    "Brand_Product_Size": "Rafferty's Garden Shepherds Pie Baby Food 10+ Months 170g",
    "COL Price": 2.45,
    "COL ppu": "$1.44 per 100G",
    "COL Size": "170g"
  },
  {
    "Brand_Product_Size": "Rafferty's Garden Banana Pear & Mango Porridge 6+ Months 120g",
    "COL Price": 1.5,
    "COL ppu": "$1.25 per 100G",
    "COL Size": "120g"
  },
  {
    "Brand_Product_Size": "Ferrero Rocher Heart Chocolate Gift Box 8 Pieces 100g",
    "COL Price": 12,
    "COL ppu": "$12.00 per 100G",
    "COL Size": "100g"
  },
  {
    "Brand_Product_Size": "Sanitarium So Good Long Life Regular Soy Milk 1L",
    "COL Price": 1.9,
    "COL ppu": "$1.90 per 1L",
    "COL Size": "1L"
  },
  {
    "Brand_Product_Size": "Lindt Excellence Roasted Almond Dark Chocolate Block 100g",
    "COL Price": 4.5,
    "COL ppu": "$4.50 per 100G",
    "COL Size": "100g"
  },
  {
    "Brand_Product_Size": "Bosisto's Desert Lime & Eucalyptus Revitalising Hand Wash 300mL",
    "COL Price": 6,
    "COL ppu": "$2.00 per 100mL",
    "COL Size": "300mL"
  },
  {
    "Brand_Product_Size": "Mix Luxury Body Shaper Tights 70 Denier Black Tall 1 pack",
    "COL Price": 8,
    "COL ppu": "$8.00 per 1Ea",
    "COL Size": "1 pack"
  },
  {
    "Brand_Product_Size": "Heinz Big Eat Ravioli Bolognese 410g",
    "COL Price": 2.5,
    "COL ppu": "$0.61 per 100G",
    "COL Size": "410g"
  },
  {
    "Brand_Product_Size": "Nestle Bakers' Choice Milk Chocolate Melts 290g",
    "COL Price": 3.85,
    "COL ppu": "$1.33 per 100G",
    "COL Size": "290g"
  },
  {
    "Brand_Product_Size": "Coles Champignons Pieces & Stems 190g",
    "COL Price": 0.88,
    "COL ppu": "$4.63 per 1Kg",
    "COL Size": "190g"
  },
  {
    "Brand_Product_Size": "Huggies Fragrance Free 240 Baby Wipes 3x80 pack 3 pack",
    "COL Price": 11.5,
    "COL ppu": "$4.79 per 100Ea",
    "COL Size": "3 pack"
  },
  {
    "Brand_Product_Size": "Slendier Gluten Free Soy Bean Organic Spaghetti 200g",
    "COL Price": 4.15,
    "COL ppu": "$2.08 per 100G",
    "COL Size": "200g"
  },
  {
    "Brand_Product_Size": "KOi Lavender & Argan Oil Bar Soap 100g",
    "COL Price": 3,
    "COL ppu": "$3.00 per 100G",
    "COL Size": "100g"
  },
  {
    "Brand_Product_Size": "Coles Finest Apricot Croissant 2 pack",
    "COL Price": 4,
    "COL ppu": "$2.00 per 1Ea",
    "COL Size": "2 pack"
  },
  {
    "Brand_Product_Size": "Coles Coffee Decaffeinated 100g",
    "COL Price": 4,
    "COL ppu": "$4.00 per 100G",
    "COL Size": "100g"
  },
  {
    "Brand_Product_Size": "OB Finest 3 Seed Pepita Crisps 110g",
    "COL Price": 6,
    "COL ppu": "$5.45 per 100G",
    "COL Size": "110g"
  },
  {
    "Brand_Product_Size": "Blackmores Vitamin C 500mg Tablets 120 pack",
    "COL Price": 13,
    "COL ppu": "$10.83 per 100Ea",
    "COL Size": "120 pack"
  },
  {
    "Brand_Product_Size": "Coles Firelighters 24 pack",
    "COL Price": 3,
    "COL ppu": "$0.13 per 1Ea",
    "COL Size": "24 pack"
  },
  {
    "Brand_Product_Size": "Coles Banana Bread Baking Mix 450g",
    "COL Price": 1.8,
    "COL ppu": "$0.40 per 100G",
    "COL Size": "450g"
  },
  {
    "Brand_Product_Size": "Arnott's Lemon Crisp Biscuits 250g",
    "COL Price": 3,
    "COL ppu": "$1.20 per 100G",
    "COL Size": "250g"
  },
  {
    "Brand_Product_Size": "MasterFoods Country Beef Casserole Recipe Base 175g",
    "COL Price": 2.2,
    "COL ppu": "$1.26 per 100G",
    "COL Size": "175g"
  },
  {
    "Brand_Product_Size": "Air Wick Pure Spring Delight Fragance Infused With Essential Oil 19mL 1 pack",
    "COL Price": 11,
    "COL ppu": "$11.00 per 1Ea",
    "COL Size": "1 pack"
  },
  {
    "Brand_Product_Size": "Mae Ploy Thai Style Salad Dressing 285mL",
    "COL Price": 2.2,
    "COL ppu": "$0.77 per 100mL",
    "COL Size": "285mL"
  },
  {
    "Brand_Product_Size": "Latina Fresh Roast Chicken & Garlic Ravioli 625g",
    "COL Price": 8,
    "COL ppu": "$1.28 per 100G",
    "COL Size": "625g"
  },
  {
    "Brand_Product_Size": "Coon Extra Tasty Cheese Slices 250g",
    "COL Price": 6,
    "COL ppu": "$2.40 per 100G",
    "COL Size": "250g"
  },
  {
    "Brand_Product_Size": "Coles Tomato Paste 170g",
    "COL Price": 0.8,
    "COL ppu": "$0.47 per 100G",
    "COL Size": "170g"
  },
  {
    "Brand_Product_Size": "Air Wick Pure Vanilla Car Air Freshener 1 pack",
    "COL Price": 6,
    "COL ppu": "$24.00 per 10mL",
    "COL Size": "1 pack"
  },
  {
    "Brand_Product_Size": "Head & Shoulders Cool Menthol Conditioner 400mL",
    "COL Price": 13.5,
    "COL ppu": "$3.38 per 100mL",
    "COL Size": "400mL"
  },
  {
    "Brand_Product_Size": "Cobram Estate Extra Virgin Olive Oil Light 750mL",
    "COL Price": 14,
    "COL ppu": "$1.87 per 100mL",
    "COL Size": "750mL"
  },
  {
    "Brand_Product_Size": "Garnier Fructis Curl Control Mousse 200mL",
    "COL Price": 4,
    "COL ppu": "$2.00 per 100mL",
    "COL Size": "200mL"
  },
  {
    "Brand_Product_Size": "Mr Fishi Matje Herring Fillets 650g",
    "COL Price": 11,
    "COL ppu": "$16.92 per 1Kg",
    "COL Size": "650g"
  },
  {
    "Brand_Product_Size": "Talley's Natural Mussels 375g",
    "COL Price": 7.75,
    "COL ppu": "$20.67 per 1Kg",
    "COL Size": "375g"
  },
  {
    "Brand_Product_Size": "Coles Heel Balm 120g",
    "COL Price": 16,
    "COL ppu": "$13.33 per 100G",
    "COL Size": "120g"
  },
  {
    "Brand_Product_Size": "Mortein Power Gard Spray All In One Eucalyptus 300g",
    "COL Price": 15,
    "COL ppu": "$5.00 per 100G",
    "COL Size": "300g"
  },
  {
    "Brand_Product_Size": "Bickford's Peach Iced Tea Cordial 750mL",
    "COL Price": 3.2,
    "COL ppu": "$4.27 per 1L",
    "COL Size": "750mL"
  },
  {
    "Brand_Product_Size": "Cook & Dine White Paper Dinner Plates 50 pack",
    "COL Price": 3.15,
    "COL ppu": "$6.30 per 100Ea",
    "COL Size": "50 pack"
  },
  {
    "Brand_Product_Size": "Gaganis Roasted Peanuts In Shell 500g",
    "COL Price": 4.5,
    "COL ppu": "$9.00 per 1Kg",
    "COL Size": "500g"
  },
  {
    "Brand_Product_Size": "Drava Chicken Pate 95g",
    "COL Price": 1.5,
    "COL ppu": "$0.16 per 10G",
    "COL Size": "95g"
  },
  {
    "Brand_Product_Size": "Thomson's Deli Streaky Bacon 200g",
    "COL Price": 4,
    "COL ppu": "$2.00 per 100G",
    "COL Size": "200g"
  },
  {
    "Brand_Product_Size": "Oreo Milk Chocolate Wafer Sticks 128g",
    "COL Price": 2.4,
    "COL ppu": "$1.88 per 100G",
    "COL Size": "128g"
  },
  {
    "Brand_Product_Size": "Staminade Lemon Lime Fusion Powder 585g",
    "COL Price": 10,
    "COL ppu": "$1.71 per 100G",
    "COL Size": "585g"
  },
  {
    "Brand_Product_Size": "Glade Hang it Fresh Cool Fresh Fragrance each",
    "COL Price": 2.5,
    "COL ppu": "$2.50 per 1Ea",
    "COL Size": "each"
  },
  {
    "Brand_Product_Size": "Toscano Choco Chip Waffles 4 pack 360g",
    "COL Price": 5.5,
    "COL ppu": "$1.53 per 100G",
    "COL Size": "360g"
  },
  {
    "Brand_Product_Size": "Elevate Adult Dog Chicken Chunks With Peas & Sweet Potato In Gravy 12 pack",
    "COL Price": 21,
    "COL ppu": "$1.75 per 100G",
    "COL Size": "12 pack"
  },
  {
    "Brand_Product_Size": "Devondale Full Cream Milk 2L",
    "COL Price": 3.3,
    "COL ppu": "$1.65 per 1L",
    "COL Size": "2L"
  },
  {
    "Brand_Product_Size": "2XP SPF 50+ Perform Dry Touch Body Sunscreen Lotion 400mL",
    "COL Price": 25,
    "COL ppu": "$6.25 per 100mL",
    "COL Size": "400mL"
  },
  {
    "Brand_Product_Size": "Coles Made Easy Pumpkin Puff Pastry Parcels With Fetta & Red Onion 300g",
    "COL Price": 8,
    "COL ppu": "$26.67 per 1Kg",
    "COL Size": "300g"
  },
  {
    "Brand_Product_Size": "Cook & Dine Sauce Bottle each",
    "COL Price": 2,
    "COL ppu": "$2.00 per 1Ea",
    "COL Size": "each"
  },
  {
    "Brand_Product_Size": "Little Bellies Baby Puffs Carrot 12g",
    "COL Price": 1.7,
    "COL ppu": "$14.17 per 100G",
    "COL Size": "12g"
  },
  {
    "Brand_Product_Size": "Coles Baby Spinach Prepacked 120g",
    "COL Price": 3,
    "COL ppu": "$25.00 per 1Kg",
    "COL Size": "120g"
  },
  {
    "Brand_Product_Size": "Coles Dragonfruit Fresh each",
    "COL Price": 4.5,
    "COL ppu": "$4.50 per 1Ea",
    "COL Size": "each"
  },
  {
    "Brand_Product_Size": "Coles Regular Cream Cheese Block 250g",
    "COL Price": 3.3,
    "COL ppu": "$13.20 per 1Kg",
    "COL Size": "250g"
  },
  {
    "Brand_Product_Size": "Coles Modi Apples approx. 180g each",
    "COL Price": 0.882,
    "COL ppu": "$4.90 per 1Kg",
    "COL Size": "approx. 180g each"
  },
  {
    "Brand_Product_Size": "Neutrogena Ultra Sheer Spf 50 Facial Sunscreen 40mL",
    "COL Price": 20,
    "COL ppu": "$50.00 per 100mL",
    "COL Size": "40mL"
  },
  {
    "Brand_Product_Size": "Peters Drumstick Salted Caramel & White Chocolate Ice Cream Cones 4 Pack 475mL",
    "COL Price": 5,
    "COL ppu": "$1.05 per 100mL",
    "COL Size": "475mL"
  },
  {
    "Brand_Product_Size": "Bounty Smooth & Creamy Ice Cream Bar 6 Pack 300mL",
    "COL Price": 8.5,
    "COL ppu": "$2.83 per 100mL",
    "COL Size": "300mL"
  },
  {
    "Brand_Product_Size": "L'Oreal Paris False Lash Telescopic Magnetic Black 9mL",
    "COL Price": 18.9,
    "COL ppu": "$21.00 per 10mL",
    "COL Size": "9mL"
  },
  {
    "Brand_Product_Size": "L'Oreal Age Perfect Gold Age Day Cream 50mL",
    "COL Price": 25.9,
    "COL ppu": "$51.80 per 100mL",
    "COL Size": "50mL"
  },
  {
    "Brand_Product_Size": "Coles Cherry Bocconcini 220g",
    "COL Price": 4,
    "COL ppu": "$1.82 per 100G",
    "COL Size": "220g"
  },
  {
    "Brand_Product_Size": "Byron Bay Cookie Rocky Road Bites Pouch 100g",
    "COL Price": 2.5,
    "COL ppu": "$2.50 per 100G",
    "COL Size": "100g"
  },
  {
    "Brand_Product_Size": "Kedem Natural Gold Grape Juice 650mL",
    "COL Price": 5.8,
    "COL ppu": "$8.92 per 1L",
    "COL Size": "650mL"
  },
  {
    "Brand_Product_Size": "Farex Breakfast On The Go Oatmeal & Apple Baby Food Cereal 120g",
    "COL Price": 1.5,
    "COL ppu": "$1.25 per 100G",
    "COL Size": "120g"
  },
  {
    "Brand_Product_Size": "Always Fresh Mini Toasts Value Pack 90g",
    "COL Price": 2,
    "COL ppu": "$2.22 per 100G",
    "COL Size": "90g"
  },
  {
    "Brand_Product_Size": "Wrigley's Extra White Sugar Free Bubblemint Chewing Gum Bottle 46 Piece 64g",
    "COL Price": 4,
    "COL ppu": "$6.25 per 100G",
    "COL Size": "64g"
  },
  {
    "Brand_Product_Size": "Coco Earth Red Veggie Penne Pasta 300g",
    "COL Price": 3,
    "COL ppu": "$1.00 per 100G",
    "COL Size": "300g"
  },
  {
    "Brand_Product_Size": "Coles Coriander Value Bunch each",
    "COL Price": 2,
    "COL ppu": "$2.00 per 1Ea",
    "COL Size": "each"
  },
  {
    "Brand_Product_Size": "Clairol Nice 'N Easy 103 Natural Light Beige Blond Hair Colour 1 pack",
    "COL Price": 9,
    "COL ppu": "$9.00 per 1Ea",
    "COL Size": "1 pack"
  },
  {
    "Brand_Product_Size": "Ajax Spray N Wipe Kitchen Stone Safe Cleaner Trigger Pack 500mL",
    "COL Price": 3,
    "COL ppu": "$0.60 per 100mL",
    "COL Size": "500mL"
  },
  {
    "Brand_Product_Size": "Oakwood Wood Care Furniture Wipes 20 pack",
    "COL Price": 4,
    "COL ppu": "$0.20 per 1Ea",
    "COL Size": "20 pack"
  },
  {
    "Brand_Product_Size": "Lo Bros Kombucha Mango Passionfruit 750mL",
    "COL Price": 5,
    "COL ppu": "$6.67 per 1L",
    "COL Size": "750mL"
  },
  {
    "Brand_Product_Size": "Coles Premium Strawberry Jam 345g",
    "COL Price": 2.35,
    "COL ppu": "$0.68 per 100G",
    "COL Size": "345g"
  },
  {
    "Brand_Product_Size": "Streets Blue Ribbon Creamy Chocolate Protein Bar 4 pack 268mL",
    "COL Price": 10,
    "COL ppu": "$3.73 per 100mL",
    "COL Size": "268mL"
  },
  {
    "Brand_Product_Size": "L'Oreal Men Expert Invincible Sport Deodorant 250mL",
    "COL Price": 4.86,
    "COL ppu": "$1.94 per 100mL",
    "COL Size": "250mL"
  },
  {
    "Brand_Product_Size": "T2 Pumping Pomegranate 10 pack",
    "COL Price": 7,
    "COL ppu": "$0.70 per 1Ea",
    "COL Size": "10 pack"
  },
  {
    "Brand_Product_Size": "Coles Organic Kent Pumpkin approx. 800g",
    "COL Price": 3.6,
    "COL ppu": "$4.50 per 1Kg",
    "COL Size": "approx. 800g"
  },
  {
    "Brand_Product_Size": "Keep It Cleaner Protein Bar Choc Chip Brownie 40g",
    "COL Price": 3,
    "COL ppu": "$7.50 per 100G",
    "COL Size": "40g"
  },
  {
    "Brand_Product_Size": "Starbucks Espresso Roast Decaf Capsules 10 pack",
    "COL Price": 6.9,
    "COL ppu": "$0.69 per 1Ea",
    "COL Size": "10 pack"
  },
  {
    "Brand_Product_Size": "Foster Clark's Powder Custard 350g",
    "COL Price": 2.2,
    "COL ppu": "$0.63 per 100G",
    "COL Size": "350g"
  },
  {
    "Brand_Product_Size": "Nerada Organics Pure Chai Tea Bags 50 pack 92.5g",
    "COL Price": 4.7,
    "COL ppu": "$5.08 per 100G",
    "COL Size": "92.5g"
  },
  {
    "Brand_Product_Size": "Aveeno Calming Comfort Bath 236mL",
    "COL Price": 10,
    "COL ppu": "$4.24 per 100mL",
    "COL Size": "236mL"
  },
  {
    "Brand_Product_Size": "Cracker Barrel Vintage Cheddar Cheese Slices 12 pack 250g",
    "COL Price": 6.5,
    "COL ppu": "$26.00 per 1Kg",
    "COL Size": "250g"
  },
  {
    "Brand_Product_Size": "Coles Frozen Mini Corn Fritters 10 Pack 300g",
    "COL Price": 5,
    "COL ppu": "$1.67 per 100G",
    "COL Size": "300g"
  },
  {
    "Brand_Product_Size": "Bulldog Oil Control Moisturizer 100mL",
    "COL Price": 12.5,
    "COL ppu": "$12.50 per 100mL",
    "COL Size": "100mL"
  },
  {
    "Brand_Product_Size": "Arnott's Twisted Faves Choc Chip Scotch Finger 232g",
    "COL Price": 3,
    "COL ppu": "$1.29 per 100G",
    "COL Size": "232g"
  },
  {
    "Brand_Product_Size": "Optus X Sight each",
    "COL Price": 79,
    "COL ppu": "$79.00 per 1Ea",
    "COL Size": "each"
  },
  {
    "Brand_Product_Size": "Sistema To Go Snack Box 400mL each",
    "COL Price": 5,
    "COL ppu": "$5.00 per 1ea",
    "COL Size": "each"
  },
  {
    "Brand_Product_Size": "Twinings Raspberry Strawberry & Loganberry Flavoured Tea Bags 10 pack 20g",
    "COL Price": 2.9,
    "COL ppu": "$0.29 per 1Ea",
    "COL Size": "20g"
  },
  {
    "Brand_Product_Size": "Coles Eucalyptus Oil 175mL",
    "COL Price": 14,
    "COL ppu": "$8.00 per 100mL",
    "COL Size": "175mL"
  },
  {
    "Brand_Product_Size": "Coles Unsalted Mixed Nuts 375g",
    "COL Price": 5.35,
    "COL ppu": "$14.27 per 1Kg",
    "COL Size": "375g"
  },
  {
    "Brand_Product_Size": "Food For Health Cacao & Coconut Clusters 425g",
    "COL Price": 8,
    "COL ppu": "$1.88 per 100G",
    "COL Size": "425g"
  },
  {
    "Brand_Product_Size": "Palmolive Ultra Original Dishwashing Liquid 750mL",
    "COL Price": 5.5,
    "COL ppu": "$0.73 per 100mL",
    "COL Size": "750mL"
  },
  {
    "Brand_Product_Size": "Coles Lean Salt Reduced Beef Corned Silverside approx. 1kg",
    "COL Price": 14,
    "COL ppu": "$14.00 per 1Kg",
    "COL Size": "approx. 1kg"
  },
  {
    "Brand_Product_Size": "Coles Smart Buy Petroleum Jelly 200g",
    "COL Price": 2.75,
    "COL ppu": "$1.38 per 100G",
    "COL Size": "200g"
  },
  {
    "Brand_Product_Size": "Nerada Camomile Herbal Infusion Tea Bags 40 pack 60g",
    "COL Price": 4,
    "COL ppu": "$6.67 per 100G",
    "COL Size": "60g"
  },
  {
    "Brand_Product_Size": "Palmolive Anti-Bacterial Foaming Lime & Mint Hand Wash 250mL",
    "COL Price": 2.8,
    "COL ppu": "$1.12 per 100mL",
    "COL Size": "250mL"
  },
  {
    "Brand_Product_Size": "Coles Envelopes DL 50 pack",
    "COL Price": 4,
    "COL ppu": "$0.08 per 1Ea",
    "COL Size": "50 pack"
  },
  {
    "Brand_Product_Size": "Tommee Tippee Closer To Nature Grooming & Healthcare Kit each",
    "COL Price": 21,
    "COL ppu": "$21.00 per 1Ea",
    "COL Size": "each"
  },
  {
    "Brand_Product_Size": "Inghams Chicken Loaf approx. 125g",
    "COL Price": 1.75,
    "COL ppu": "$14.00 per 1Kg",
    "COL Size": "approx. 125g"
  },
  {
    "Brand_Product_Size": "Magic Washing Machine Cleaner 2 pack 100g",
    "COL Price": 9.45,
    "COL ppu": "$9.45 per 100G",
    "COL Size": "100g"
  },
  {
    "Brand_Product_Size": "Mojo Hair Defining Paste 64g",
    "COL Price": 17.5,
    "COL ppu": "$27.34 per 100G",
    "COL Size": "64g"
  },
  {
    "Brand_Product_Size": "Pukka Tea Blackcurrant Beauty 20 pack",
    "COL Price": 7.5,
    "COL ppu": "$0.38 per 1Ea",
    "COL Size": "20 pack"
  },
  {
    "Brand_Product_Size": "Coles Kitchen Quiche Pumpkin Fetta & Spinach 700g",
    "COL Price": 12.5,
    "COL ppu": "$1.79 per 100G",
    "COL Size": "700g"
  },
  {
    "Brand_Product_Size": "Maggi 2 Minute Chicken Noodles 18 pack",
    "COL Price": 10,
    "COL ppu": "$0.56 per 1Ea",
    "COL Size": "18 pack"
  },
  {
    "Brand_Product_Size": "Ogx Argan Oil Of Morocco Conditioner 88.7mL",
    "COL Price": 4.5,
    "COL ppu": "$5.07 per 100mL",
    "COL Size": "88.7mL"
  },
  {
    "Brand_Product_Size": "Dolmio Nonna'S Pasta Sauce Chargrilled Capsicum 500g",
    "COL Price": 4,
    "COL ppu": "$0.80 per 100G",
    "COL Size": "500g"
  },
  {
    "Brand_Product_Size": "Olay Skinfusion Camellia Nourishing Sheet Mask each",
    "COL Price": 7,
    "COL ppu": "$7.00 per 1Ea",
    "COL Size": "each"
  },
  {
    "Brand_Product_Size": "Birds Eye Snap Frozen Baby Beans 500g",
    "COL Price": 3.1,
    "COL ppu": "$6.20 per 1Kg",
    "COL Size": "500g"
  },
  {
    "Brand_Product_Size": "Cook & Dine Porcelain Dinner Plate each",
    "COL Price": 3,
    "COL ppu": "$3.00 per 1Ea",
    "COL Size": "each"
  },
  {
    "Brand_Product_Size": "Kiddylicious Raspberry Crispie Tiddlers 12+ Months 12g",
    "COL Price": 1.8,
    "COL ppu": "$15.00 per 100G",
    "COL Size": "12g"
  },
  {
    "Brand_Product_Size": "Lavazza Qualita ORO Mountain Grown Ground Coffee 500g",
    "COL Price": 8,
    "COL ppu": "$1.60 per 100G",
    "COL Size": "500g"
  },
  {
    "Brand_Product_Size": "Berringa Australian Pure & Natural Honeycomb 200g",
    "COL Price": 13.45,
    "COL ppu": "$6.73 per 100G",
    "COL Size": "200g"
  },
  {
    "Brand_Product_Size": "Coles Green Nashi Pears Loose approx. 300g ea",
    "COL Price": 1.95,
    "COL ppu": "$6.50 per 1Kg",
    "COL Size": "approx. 300g ea"
  },
  {
    "Brand_Product_Size": "Schick Quattro Titanium Refill 8 pack",
    "COL Price": 8,
    "COL ppu": "$1.00 per 1Ea",
    "COL Size": "8 pack"
  },
  {
    "Brand_Product_Size": "Sole Mare Wild Brisling Sardines In Oil 120g",
    "COL Price": 3.5,
    "COL ppu": "$2.92 per 100G",
    "COL Size": "120g"
  },
  {
    "Brand_Product_Size": "SPC Canned Prunes In Natural Juice 425g",
    "COL Price": 2.3,
    "COL ppu": "$5.41 per 1Kg",
    "COL Size": "425g"
  },
  {
    "Brand_Product_Size": "Air Wick Pure Cherry Blossom Fragrance Spray 157mL",
    "COL Price": 10,
    "COL ppu": "$6.37 per 1mL",
    "COL Size": "157mL"
  },
  {
    "Brand_Product_Size": "Glad To Be Green Plant Bio Based Kitchen Bags Mini 40 pack",
    "COL Price": 4.8,
    "COL ppu": "",
    "COL Size": "40 pack"
  },
  {
    "Brand_Product_Size": "Royal Fields Fine Semolina 1kg",
    "COL Price": 2.8,
    "COL ppu": "$2.80 per 1KG",
    "COL Size": "1kg"
  },
  {
    "Brand_Product_Size": "Modo Eco Living Disposable Paper Straws 50 pack",
    "COL Price": 2.2,
    "COL ppu": "$4.40 per 100Ea",
    "COL Size": "50 pack"
  },
  {
    "Brand_Product_Size": "Mccain Potato Bites 1.2kg",
    "COL Price": 5.2,
    "COL ppu": "$4.33 per 1Kg",
    "COL Size": "1.2kg"
  },
  {
    "Brand_Product_Size": "Revlon Colorstay Ultimate Suede 070 Preview Lipstick 2.55g",
    "COL Price": 27,
    "COL ppu": "$105.88 per 10G",
    "COL Size": "2.55g"
  },
  {
    "Brand_Product_Size": "Fancy Feast Savory Centers Cat Food Tuna Pate 85g",
    "COL Price": 2,
    "COL ppu": "$2.35 per 100G",
    "COL Size": "85g"
  },
  {
    "Brand_Product_Size": "Sukin Purely Ageless Reviving Eye Cream 25mL",
    "COL Price": 23,
    "COL ppu": "$92.00 per 100mL",
    "COL Size": "25mL"
  },
  {
    "Brand_Product_Size": "Coles Organic Kombucha Raspberry Lemon 330mL",
    "COL Price": 2.8,
    "COL ppu": "$8.48 per 1L",
    "COL Size": "330mL"
  },
  {
    "Brand_Product_Size": "Coles Microwave Popcorn Butter 100g",
    "COL Price": 0.95,
    "COL ppu": "$0.95 per 100G",
    "COL Size": "100g"
  },
  {
    "Brand_Product_Size": "Sanitarium Natural Crunchy Peanut Butter Spread 375g",
    "COL Price": 3.5,
    "COL ppu": "$0.93 per 100G",
    "COL Size": "375g"
  },
  {
    "Brand_Product_Size": "Hans Striker Mild Salami Sticks 105g",
    "COL Price": 4.5,
    "COL ppu": "$42.86 per 1Kg",
    "COL Size": "105g"
  },
  {
    "Brand_Product_Size": "Coles Urban Coffee Culture Strong Caffitaly Compatible Coffee Capsules 10 pack",
    "COL Price": 3.7,
    "COL ppu": "$0.37 per 1Ea",
    "COL Size": "10 pack"
  },
  {
    "Brand_Product_Size": "Gippsland Dairy Passionfruit Twist Yoghurt 720g",
    "COL Price": 5.5,
    "COL ppu": "$0.76 per 100G",
    "COL Size": "720g"
  },
  {
    "Brand_Product_Size": "Revlon Colorstay Makeup For Normal/Dry Skin Fresh Beige Foundation 30mL",
    "COL Price": 35,
    "COL ppu": "$11.67 per 10mL",
    "COL Size": "30mL"
  },
  {
    "Brand_Product_Size": "OB Finest Mango Fruit Paste 100g",
    "COL Price": 5,
    "COL ppu": "$5.00 per 100G",
    "COL Size": "100g"
  },
  {
    "Brand_Product_Size": "Kellogg's Crunchy Nut Corn Flakes Breakfast Cereal 670g",
    "COL Price": 4.25,
    "COL ppu": "$0.63 per 100G",
    "COL Size": "670g"
  },
  {
    "Brand_Product_Size": "Nescafe Blend 43 Instant Coffee 250g",
    "COL Price": 10.75,
    "COL ppu": "$4.30 per 100G",
    "COL Size": "250g"
  },
  {
    "Brand_Product_Size": "Coles Kitchen Potato Gnocchi 500g",
    "COL Price": 4,
    "COL ppu": "$0.80 per 100G",
    "COL Size": "500g"
  },
  {
    "Brand_Product_Size": "Coles Orange Juice Multipack 250mL 6 pack",
    "COL Price": 2.9,
    "COL ppu": "$1.93 per 1L",
    "COL Size": "6 pack"
  },
  {
    "Brand_Product_Size": "Oreo Creme Biscuits Original 133g",
    "COL Price": 1.5,
    "COL ppu": "$1.13 per 100G",
    "COL Size": "133g"
  },
  {
    "Brand_Product_Size": "Kellogg's Gluten Free Corn Flakes Breakfast Cereal 270g",
    "COL Price": 3.5,
    "COL ppu": "$1.30 per 100G",
    "COL Size": "270g"
  },
  {
    "Brand_Product_Size": "Nivea Pure Invisible Roll On Antiperspirant Deodorant 50mL",
    "COL Price": 3.5,
    "COL ppu": "$7.00 per 100mL",
    "COL Size": "50mL"
  },
  {
    "Brand_Product_Size": "Coles Kitchen Broccoli Cauliflower & Parmesan Soup 300g",
    "COL Price": 3,
    "COL ppu": "$1.00 per 100G",
    "COL Size": "300g"
  },
  {
    "Brand_Product_Size": "Syndian Frozen Chilli Falafels 300g",
    "COL Price": 6.5,
    "COL ppu": "$2.17 per 100G",
    "COL Size": "300g"
  },
  {
    "Brand_Product_Size": "Nice & Natural Nut Bars Sweet And Salty 192g",
    "COL Price": 4,
    "COL ppu": "$2.08 per 100G",
    "COL Size": "192g"
  },
  {
    "Brand_Product_Size": "Coles Laundry Booster 1kg",
    "COL Price": 2.5,
    "COL ppu": "$2.50 per 1Kg",
    "COL Size": "1kg"
  },
  {
    "Brand_Product_Size": "Norco Natural Cheese Slices 250g",
    "COL Price": 5,
    "COL ppu": "$20.00 per 1Kg",
    "COL Size": "250g"
  },
  {
    "Brand_Product_Size": "Mission White Corn 12 Tortillas 312g",
    "COL Price": 3.8,
    "COL ppu": "$1.22 per 100G",
    "COL Size": "312g"
  },
  {
    "Brand_Product_Size": "Rio Minis Vanilla Coated Ice Cream 700g",
    "COL Price": 18.5,
    "COL ppu": "$2.64 per 100G",
    "COL Size": "700g"
  },
  {
    "Brand_Product_Size": "Weight Watchers Coconut Delight Indulgent Bars 5 pack 105g",
    "COL Price": 3.75,
    "COL ppu": "$3.57 per 100G",
    "COL Size": "105g"
  },
  {
    "Brand_Product_Size": "MasterFoods Garlic & Rosemary 170g",
    "COL Price": 3.15,
    "COL ppu": "$0.19 per 10G",
    "COL Size": "170g"
  },
  {
    "Brand_Product_Size": "Kellogg's Special K Lower Sugar 420g 420g",
    "COL Price": 5.99,
    "COL ppu": "$1.43 per 100G",
    "COL Size": "420g"
  },
  {
    "Brand_Product_Size": "Sally Hansen Miracle Gel #244 Mauve-Olous Nail Polish 14.7mL",
    "COL Price": 17,
    "COL ppu": "$11.56 per 10mL",
    "COL Size": "14.7mL"
  },
  {
    "Brand_Product_Size": "Jordans Crispy Oat Clusters Maple & Pecan Cereal 500g",
    "COL Price": 3.5,
    "COL ppu": "$0.70 per 100G",
    "COL Size": "500g"
  },
  {
    "Brand_Product_Size": "Cuddly Wild Rose Fabric Conditioner 850mL",
    "COL Price": 7,
    "COL ppu": "$8.24 per 1L",
    "COL Size": "850mL"
  },
  {
    "Brand_Product_Size": "Banana Boat Sport Sunscreen SPF 50+ 100g",
    "COL Price": 11,
    "COL ppu": "$11.00 per 100G",
    "COL Size": "100g"
  },
  {
    "Brand_Product_Size": "Eureka Eucalyptus Soluble Solution Water 200mL",
    "COL Price": 6.4,
    "COL ppu": "$3.20 per 100mL",
    "COL Size": "200mL"
  },
  {
    "Brand_Product_Size": "Coles Pizza Dough Balls 250g",
    "COL Price": 2,
    "COL ppu": "$0.80 per 100G",
    "COL Size": "250g"
  },
  {
    "Brand_Product_Size": "Bonds 70D Opaque/ No Dig Tight Black Small/Medium 1 pack",
    "COL Price": 12,
    "COL ppu": "$12.00 per 1Ea",
    "COL Size": "1 pack"
  },
  {
    "Brand_Product_Size": "Woofin Good Chunks In Gravy Chicken Rice & Veg Dog Food 720g",
    "COL Price": 3.4,
    "COL ppu": "$0.47 per 100G",
    "COL Size": "720g"
  },
  {
    "Brand_Product_Size": "Fountain Sweet Chilli Sauce 250mL",
    "COL Price": 2.7,
    "COL ppu": "$1.08 per 100mL",
    "COL Size": "250mL"
  },
  {
    "Brand_Product_Size": "Coles Kitchen Asian Style Salad Bowl 230g",
    "COL Price": 5,
    "COL ppu": "$2.17 per 100G",
    "COL Size": "230g"
  },
  {
    "Brand_Product_Size": "Coles Wild Bird Food 5kg",
    "COL Price": 9.95,
    "COL ppu": "$1.99 per 1Kg",
    "COL Size": "5kg"
  },
  {
    "Brand_Product_Size": "Korbond Dressmaking Pins each",
    "COL Price": 2.5,
    "COL ppu": "$2.50 per 1Ea",
    "COL Size": "each"
  },
  {
    "Brand_Product_Size": "Pauls Kids Vanilla Yoghurt 70g",
    "COL Price": 1.4,
    "COL ppu": "$2.00 per 100G",
    "COL Size": "70g"
  },
  {
    "Brand_Product_Size": "Coles Made Easy Chicken Parmigiana 450g",
    "COL Price": 10.5,
    "COL ppu": "$2.33 per 100G",
    "COL Size": "450g"
  },
  {
    "Brand_Product_Size": "Arnott's Sea Salt Cracker Chips 150g",
    "COL Price": 3,
    "COL ppu": "$2.00 per 100G",
    "COL Size": "150g"
  },
  {
    "Brand_Product_Size": "Vital Strength Whey Low Carb High Protein Chocolate Powder 720g",
    "COL Price": 35,
    "COL ppu": "$4.86 per 100G",
    "COL Size": "720g"
  },
  {
    "Brand_Product_Size": "Sanofi Shave Moisturising Lather Shaving Cream 75g",
    "COL Price": 2.5,
    "COL ppu": "$3.33 per 100G",
    "COL Size": "75g"
  },
  {
    "Brand_Product_Size": "Coles Deli Thawed Basa Fillets approx. 200g each",
    "COL Price": 2,
    "COL ppu": "$10.00 per 1Kg",
    "COL Size": "approx. 200g each"
  },
  {
    "Brand_Product_Size": "Vanish Preen Gold Oxi Action Fabric Stain Remover Refill 375mL",
    "COL Price": 4.5,
    "COL ppu": "$12.00 per 1L",
    "COL Size": "375mL"
  },
  {
    "Brand_Product_Size": "Coles Hand Sanitiser 200mL",
    "COL Price": 3.5,
    "COL ppu": "$1.75 per 100mL",
    "COL Size": "200mL"
  },
  {
    "Brand_Product_Size": "Fruit Co Juice Plus + Apple 2L",
    "COL Price": 2.75,
    "COL ppu": "$1.38 per 1L",
    "COL Size": "2L"
  },
  {
    "Brand_Product_Size": "Elevate Adult Cat Chicken Chunks With Carrot & Pumpkin In gravy 85g",
    "COL Price": 2,
    "COL ppu": "$2.35 per 100G",
    "COL Size": "85g"
  },
  {
    "Brand_Product_Size": "Nature Valley Crunchy Variety 6 Twin Bars 252g",
    "COL Price": 5.5,
    "COL ppu": "$2.18 per 100G",
    "COL Size": "252g"
  },
  {
    "Brand_Product_Size": "Coles Mini Jam Donuts 6 pack",
    "COL Price": 2.5,
    "COL ppu": "$0.42 per 1Ea",
    "COL Size": "6 pack"
  },
  {
    "Brand_Product_Size": "Haldiram's Pani Puri Box Set 275g",
    "COL Price": 5.8,
    "COL ppu": "$2.11 per 100G",
    "COL Size": "275g"
  },
  {
    "Brand_Product_Size": "Coles Sweet Spiced Gherkins 540g",
    "COL Price": 2,
    "COL ppu": "$0.37 per 100G",
    "COL Size": "540g"
  },
  {
    "Brand_Product_Size": "Birds Eye Snap Frozen Country Harvest Vegetable Mix 1kg",
    "COL Price": 4,
    "COL ppu": "$4.00 per 1Kg",
    "COL Size": "1kg"
  },
  {
    "Brand_Product_Size": "Arnott's Original Chocolate TeeVee Snacks 175g",
    "COL Price": 4,
    "COL ppu": "$2.29 per 100G",
    "COL Size": "175g"
  },
  {
    "Brand_Product_Size": "Purr Tuna & Ocean Fish Adult Dry Cat Food 1kg",
    "COL Price": 7.5,
    "COL ppu": "$7.50 per 1Kg",
    "COL Size": "1kg"
  },
  {
    "Brand_Product_Size": "Bega Smooth Peanut Butter 470g",
    "COL Price": 5.9,
    "COL ppu": "$1.26 per 100G",
    "COL Size": "470g"
  },
  {
    "Brand_Product_Size": "Tostitos Lightly Salted Tortilla Chips 175g",
    "COL Price": 3,
    "COL ppu": "$1.71 per 100G",
    "COL Size": "175g"
  },
  {
    "Brand_Product_Size": "Mainland Grazing Collection Cheese Cracker Fig Jam Cranb & Petitas 90g",
    "COL Price": 5,
    "COL ppu": "$5.56 per 100G",
    "COL Size": "90g"
  },
  {
    "Brand_Product_Size": "Coles Brown Basmati Rice 1kg",
    "COL Price": 3.3,
    "COL ppu": "$3.30 per 1Kg",
    "COL Size": "1kg"
  },
  {
    "Brand_Product_Size": "Liddells Lactose Free Shredded Cheese 250g",
    "COL Price": 6,
    "COL ppu": "$24.00 per 1Kg",
    "COL Size": "250g"
  },
  {
    "Brand_Product_Size": "Hanabi Frozen Mushroom & Pork Dumplings 500g",
    "COL Price": 10,
    "COL ppu": "$2.00 per 100G",
    "COL Size": "500g"
  },
  {
    "Brand_Product_Size": "Harpic Pine Forest Toilet Block Cleaner 39g",
    "COL Price": 5,
    "COL ppu": "$12.82 per 100G",
    "COL Size": "39g"
  },
  {
    "Brand_Product_Size": "Eco Tools Skin Perfecting Brush 1 pack",
    "COL Price": 16,
    "COL ppu": "$16.00 per 1Ea",
    "COL Size": "1 pack"
  },
  {
    "Brand_Product_Size": "Coles Thin Black Ponytailers 28 pack",
    "COL Price": 5.6,
    "COL ppu": "$0.20 per 1Ea",
    "COL Size": "28 pack"
  },
  {
    "Brand_Product_Size": "Coles Vanilla Cornet Cones 30 Pack 108g",
    "COL Price": 2.5,
    "COL ppu": "$2.31 per 100G",
    "COL Size": "108g"
  },
  {
    "Brand_Product_Size": "Coles Beef Scotch Fillet Thinly Sliced No Added Hormone 400g",
    "COL Price": 17,
    "COL ppu": "$42.50 per 1Kg",
    "COL Size": "400g"
  },
  {
    "Brand_Product_Size": "Lynx Ice Chill 3 In 1 Shower Gel Body Wash 400mL",
    "COL Price": 6,
    "COL ppu": "$1.50 per 100mL",
    "COL Size": "400mL"
  },
  {
    "Brand_Product_Size": "Covergirl Lash Blast Volume Blasting Water Resistant Very Black 825 Mascara 13.1mL",
    "COL Price": 19,
    "COL ppu": "$14.50 per 10mL",
    "COL Size": "13.1mL"
  },
  {
    "Brand_Product_Size": "Le Dauphin Double Creme Cheese 200g",
    "COL Price": 23,
    "COL ppu": "$11.50 per 100G",
    "COL Size": "200g"
  },
  {
    "Brand_Product_Size": "Thankyou Milk Hand Wash Lemon Myrtle & Goats Milk 500mL",
    "COL Price": 5.25,
    "COL ppu": "$1.05 per 100mL",
    "COL Size": "500mL"
  },
  {
    "Brand_Product_Size": "Dodoni Greek Fetta Cheese approx. 100g",
    "COL Price": 2.15,
    "COL ppu": "$21.50 per 1Kg",
    "COL Size": "approx. 100g"
  },
  {
    "Brand_Product_Size": "Ural Sugar Free Cranberry 20 Effervescent Powder Sachets 1 pack",
    "COL Price": 10,
    "COL ppu": "$10.00 per 1Ea",
    "COL Size": "1 pack"
  },
  {
    "Brand_Product_Size": "Coles 100% Australian Sultanas 1kg",
    "COL Price": 5,
    "COL ppu": "$5.00 per 1Kg",
    "COL Size": "1kg"
  },
  {
    "Brand_Product_Size": "San Remo Gluten Free Lasagna 200g",
    "COL Price": 4.2,
    "COL ppu": "$2.10 per 100G",
    "COL Size": "200g"
  },
  {
    "Brand_Product_Size": "Birds Eye Frozen Steam Fresh Baby Potatoes With Broccoli Carrots Peas & Herbs 2 pack 400g",
    "COL Price": 4.2,
    "COL ppu": "$10.50 per 1Kg",
    "COL Size": "400g"
  },
  {
    "Brand_Product_Size": "Coles Pomegranate each",
    "COL Price": 3.9,
    "COL ppu": "$3.90 per 1Ea",
    "COL Size": "each"
  },
  {
    "Brand_Product_Size": "Coles Kitchen Beef Madras & Rice 350g",
    "COL Price": 6.5,
    "COL ppu": "$1.86 per 100G",
    "COL Size": "350g"
  },
  {
    "Brand_Product_Size": "Huggies Ultra Dry Nappy For Girls 6-11 Kg Size 3 90 pack",
    "COL Price": 30,
    "COL ppu": "$0.33 per 1Ea",
    "COL Size": "90 pack"
  },
  {
    "Brand_Product_Size": "KB Salt & Pepper Prawns 300g",
    "COL Price": 9.5,
    "COL ppu": "$31.67 per 1Kg",
    "COL Size": "300g"
  },
  {
    "Brand_Product_Size": "Coles Ultra Glass & Window Cleaner Trigger Spray 750mL",
    "COL Price": 1.7,
    "COL ppu": "$0.23 per 100mL",
    "COL Size": "750mL"
  },
  {
    "Brand_Product_Size": "Coles Arborio Rice 1kg",
    "COL Price": 2.7,
    "COL ppu": "$0.27 per 100G",
    "COL Size": "1kg"
  },
  {
    "Brand_Product_Size": "Coles Aussie Ocean Barramundi Portions Skin On approx. 215g",
    "COL Price": 6.88,
    "COL ppu": "$32.00 per 1Kg",
    "COL Size": "approx. 215g"
  },
  {
    "Brand_Product_Size": "Yumi's Gluten Free Baked Eggplant With Shallots Classic Dip 200g",
    "COL Price": 3,
    "COL ppu": "$1.50 per 100G",
    "COL Size": "200g"
  },
  {
    "Brand_Product_Size": "Bel The Laughing Cow Cheese Portions Original 240g",
    "COL Price": 5.45,
    "COL ppu": "$22.71 per 1Kg",
    "COL Size": "240g"
  },
  {
    "Brand_Product_Size": "T2 Melbourne Breakfast Flavoured Black Tea Bags 25 pack 50g",
    "COL Price": 14,
    "COL ppu": "$28.00 per 100G",
    "COL Size": "50g"
  },
  {
    "Brand_Product_Size": "Schwarzkopf Extra Care Conditioner Colour Protect & Shine 900mL",
    "COL Price": 14,
    "COL ppu": "$1.56 per 100mL",
    "COL Size": "900mL"
  },
  {
    "Brand_Product_Size": "Birds Eye Frozen Fish Fillets With Lemon Pepper Crumb Oven Bake 6 pack 425g",
    "COL Price": 10,
    "COL ppu": "$23.53 per 1Kg",
    "COL Size": "425g"
  },
  {
    "Brand_Product_Size": "Beerenberg Caramelised Onion Chutney 280g",
    "COL Price": 5,
    "COL ppu": "$1.79 per 100G",
    "COL Size": "280g"
  },
  {
    "Brand_Product_Size": "Coles Medium Silverlined Gloves 1 pair",
    "COL Price": 1.65,
    "COL ppu": "$1.65 per 1Ea",
    "COL Size": "1 pair"
  },
  {
    "Brand_Product_Size": "Sukin Lime & Coconut Cleansing Hand Wash 500mL",
    "COL Price": 9.95,
    "COL ppu": "$1.99 per 100mL",
    "COL Size": "500mL"
  },
  {
    "Brand_Product_Size": "L'Oreal Age Perfect Golden Age Rosy Eye Cream 15mL",
    "COL Price": 27.3,
    "COL ppu": "$182.01 per 100mL",
    "COL Size": "15mL"
  },
  {
    "Brand_Product_Size": "St Remio Coffee Expressi/Caffitaly Compatible Classic Capsules 10 pack",
    "COL Price": 3.75,
    "COL ppu": "$0.38 per 1Ea",
    "COL Size": "10 pack"
  },
  {
    "Brand_Product_Size": "Leiber's Classic Coconut Milk 400mL",
    "COL Price": 4.8,
    "COL ppu": "$1.20 per 100mL",
    "COL Size": "400mL"
  },
  {
    "Brand_Product_Size": "John West Protein + Iron Tuna Roasted Capsicum & Three Bean Mix 220g",
    "COL Price": 3,
    "COL ppu": "$13.64 per 1Kg",
    "COL Size": "220g"
  },
  {
    "Brand_Product_Size": "Coca-Cola Vanilla Flavour Coke Multipack Cans 375mL 10 pack",
    "COL Price": 13.02,
    "COL ppu": "$3.47 per 1L",
    "COL Size": "10 pack"
  },
  {
    "Brand_Product_Size": "Coles Seaweed Rice Crackers 100g",
    "COL Price": 0.9,
    "COL ppu": "$0.90 per 100G",
    "COL Size": "100g"
  },
  {
    "Brand_Product_Size": "Sistema Ultra Clear Tritan Container 460mL each",
    "COL Price": 6,
    "COL ppu": "$6.00 per 1Ea",
    "COL Size": "each"
  },
  {
    "Brand_Product_Size": "Glade Sense & Spray Automatic Vanilla Air Freshener 12g",
    "COL Price": 9,
    "COL ppu": "$9.00 per 1Ea",
    "COL Size": "12g"
  },
  {
    "Brand_Product_Size": "Old El Paso Bulk Enchilada Kit 1.04kg",
    "COL Price": 9,
    "COL ppu": "$8.65 per 1Kg",
    "COL Size": "1.04kg"
  },
  {
    "Brand_Product_Size": "Sunrice Medium Grain White Rice 5kg",
    "COL Price": 16,
    "COL ppu": "$0.32 per 100G",
    "COL Size": "5kg"
  },
  {
    "Brand_Product_Size": "Twinings Caffeine Free Camomile, Honey & Vanilla Flavoured Herbal Infusions Tea Bags 10 Serve 15g",
    "COL Price": 2.9,
    "COL ppu": "$0.29 per 1Ea",
    "COL Size": "15g"
  },
  {
    "Brand_Product_Size": "Carman's Brownie With Choc Aussie Oat Bar 180g",
    "COL Price": 5,
    "COL ppu": "$2.78 per 100G",
    "COL Size": "180g"
  },
  {
    "Brand_Product_Size": "Casalingo Porchetta approx. 125g each",
    "COL Price": 3.75,
    "COL ppu": "$30.00 per 1Kg",
    "COL Size": "approx. 125g each"
  },
  {
    "Brand_Product_Size": "Coles Pickle'naise Mayonnaise With Dill Pickle 360g",
    "COL Price": 2.75,
    "COL ppu": "$0.76 per 100G",
    "COL Size": "360g"
  },
  {
    "Brand_Product_Size": "Skin Control Pimple Patch Everyday 36 pack",
    "COL Price": 9,
    "COL ppu": "$0.25 per 1Ea",
    "COL Size": "36 pack"
  },
  {
    "Brand_Product_Size": "Cracker Barrel Vintage Cheddar Cheese Slices 12 pack 250g",
    "COL Price": 6.5,
    "COL ppu": "$26.00 per 1Kg",
    "COL Size": "250g"
  },
  {
    "Brand_Product_Size": "Sandhurst Hummus Filled Bell Peppers 280g",
    "COL Price": 6.75,
    "COL ppu": "$24.11 per 1Kg",
    "COL Size": "280g"
  },
  {
    "Brand_Product_Size": "Preshafruit Cold Pressed Pink Lady Apple Juice Chilled 1L",
    "COL Price": 5,
    "COL ppu": "$5.00 per 1L",
    "COL Size": "1L"
  },
  {
    "Brand_Product_Size": "Quilton 3 Ply Soft & Thick Aloe vera Facial Tissues 95 pack",
    "COL Price": 2,
    "COL ppu": "$2.11 per 100Ea",
    "COL Size": "95 pack"
  },
  {
    "Brand_Product_Size": "Coles Bakery Mud Cake 600g",
    "COL Price": 4.8,
    "COL ppu": "$0.80 per 100G",
    "COL Size": "600g"
  },
  {
    "Brand_Product_Size": "Coles Field Tomatoes Loose approx. 110g each",
    "COL Price": 0.649,
    "COL ppu": "$5.90 per 1Kg",
    "COL Size": "approx. 110g each"
  },
  {
    "Brand_Product_Size": "Ben & Jerry's Unfudge Future 458mL",
    "COL Price": 8,
    "COL ppu": "$1.75 per 100mL",
    "COL Size": "458mL"
  },
  {
    "Brand_Product_Size": "Yarra Valley Persian Fetta Cheese 350g",
    "COL Price": 10,
    "COL ppu": "$28.57 per 1Kg",
    "COL Size": "350g"
  },
  {
    "Brand_Product_Size": "Bluey Stick A Scene each",
    "COL Price": 8,
    "COL ppu": "$8.00 per 1Ea",
    "COL Size": "each"
  },
  {
    "Brand_Product_Size": "Blackmores Vitamin D3 1000iu Capsules 60 pack",
    "COL Price": 8.4,
    "COL ppu": "$0.14 per 1Ea",
    "COL Size": "60 pack"
  },
  {
    "Brand_Product_Size": "B.box Training Cups Assorted each",
    "COL Price": 10,
    "COL ppu": "$10.00 per 1Ea",
    "COL Size": "each"
  },
  {
    "Brand_Product_Size": "Rexona Men Antiperspirant Aerosol Advanced Invisible Dry Black & White Deodorant 220mL",
    "COL Price": 7.5,
    "COL ppu": "$3.41 per 100mL",
    "COL Size": "220mL"
  },
  {
    "Brand_Product_Size": "Coles Platter Artisan each",
    "COL Price": 35,
    "COL ppu": "$35.00 per 1Ea",
    "COL Size": "each"
  },
  {
    "Brand_Product_Size": "Evian Natural Mineral Water 1.25L",
    "COL Price": 3.7,
    "COL ppu": "$2.96 per 1L",
    "COL Size": "1.25L"
  },
  {
    "Brand_Product_Size": "Coles Organic Kombucha Ginger Lemon 330mL",
    "COL Price": 2.8,
    "COL ppu": "$8.48 per 1L",
    "COL Size": "330mL"
  },
  {
    "Brand_Product_Size": "Oreo Crme Biscuits Salted Caramel 133g",
    "COL Price": 1.5,
    "COL ppu": "$1.13 per 100G",
    "COL Size": "133g"
  },
  {
    "Brand_Product_Size": "L'OR Espresso Ristretto Intensity 11 Coffee Capsules 10 pack 52g",
    "COL Price": 4.5,
    "COL ppu": "$8.65 per 100G",
    "COL Size": "52g"
  },
  {
    "Brand_Product_Size": "Carmans Protein Bars 40g",
    "COL Price": 3.2,
    "COL ppu": "$8.00 per 100G",
    "COL Size": "40g"
  },
  {
    "Brand_Product_Size": "Coles Hair Spray Strong Hold 250g",
    "COL Price": 5,
    "COL ppu": "$2.00 per 100G",
    "COL Size": "250g"
  },
  {
    "Brand_Product_Size": "Danone Yopro Frozen Dessert Mixed Berry 4 pack 540mL",
    "COL Price": 12,
    "COL ppu": "$2.22 per 100mL",
    "COL Size": "540mL"
  },
  {
    "Brand_Product_Size": "Lynx Aerosol Black Deodorant 165mL",
    "COL Price": 7,
    "COL ppu": "$4.24 per 100mL",
    "COL Size": "165mL"
  },
  {
    "Brand_Product_Size": "Murine Relief Eye Drops 15mL",
    "COL Price": 8.5,
    "COL ppu": "$56.67 per 100mL",
    "COL Size": "15mL"
  },
  {
    "Brand_Product_Size": "Coles Dill Punnet 10g",
    "COL Price": 3,
    "COL ppu": "$3.00 per 10G",
    "COL Size": "10g"
  },
  {
    "Brand_Product_Size": "Cub Standard Neck Silicone Teats 6+ Months 2 pack",
    "COL Price": 3.5,
    "COL ppu": "$1.75 per 1Ea",
    "COL Size": "2 pack"
  },
  {
    "Brand_Product_Size": "Coles Eggs Free Range 12 pack 600g",
    "COL Price": 3.9,
    "COL ppu": "$0.65 per 100G",
    "COL Size": "600g"
  },
  {
    "Brand_Product_Size": "Health Lab Almond Nut Butter Balls 40g",
    "COL Price": 3,
    "COL ppu": "$7.50 per 100G",
    "COL Size": "40g"
  },
  {
    "Brand_Product_Size": "Olinas Simply Seed Cracker Mixed Seed Natural 80g",
    "COL Price": 4,
    "COL ppu": "$5.00 per 100G",
    "COL Size": "80g"
  },
  {
    "Brand_Product_Size": "Red Tractor Organic Coconut Flour 1kg",
    "COL Price": 8,
    "COL ppu": "$8.00 per 1Kg",
    "COL Size": "1kg"
  },
  {
    "Brand_Product_Size": "Carman's Apple Pie & Custard Aussie Oat Bar 180g",
    "COL Price": 5,
    "COL ppu": "$2.78 per 100G",
    "COL Size": "180g"
  },
  {
    "Brand_Product_Size": "Nice & Natural Yoghurt Roasted Nut Bars 6 pack 192g",
    "COL Price": 4,
    "COL ppu": "$2.08 per 100G",
    "COL Size": "192g"
  },
  {
    "Brand_Product_Size": "Cancer Council Face Moisturiser Sunscreen Face Light SPF 50+ 75mL",
    "COL Price": 13,
    "COL ppu": "$17.33 per 100mL",
    "COL Size": "75mL"
  },
  {
    "Brand_Product_Size": "Helga's Gluten Free Mixed Grain Bread 500g",
    "COL Price": 7,
    "COL ppu": "$1.40 per 100G",
    "COL Size": "500g"
  },
  {
    "Brand_Product_Size": "Patch Activated Charcoal Adhesive Strips 25 pack",
    "COL Price": 7,
    "COL ppu": "$0.28 per 1Ea",
    "COL Size": "25 pack"
  },
  {
    "Brand_Product_Size": "Mission Original Wraps 8 pack 567g",
    "COL Price": 5,
    "COL ppu": "$0.88 per 100G",
    "COL Size": "567g"
  },
  {
    "Brand_Product_Size": "Palmolive Shampoo Manuka Honey 370mL",
    "COL Price": 5.6,
    "COL ppu": "$1.51 per 100mL",
    "COL Size": "370mL"
  },
  {
    "Brand_Product_Size": "Doritos Original Corn Chips 170g",
    "COL Price": 1.75,
    "COL ppu": "$1.03 per 100G",
    "COL Size": "170g"
  },
  {
    "Brand_Product_Size": "L'Oreal Elvive Fibralogy Shampoo 700mL",
    "COL Price": 10,
    "COL ppu": "$1.43 per 100mL",
    "COL Size": "700mL"
  },
  {
    "Brand_Product_Size": "Pepsi Caffeine Free Diet Cola 1.25L",
    "COL Price": 1.3,
    "COL ppu": "$1.04 per 1L",
    "COL Size": "1.25L"
  },
  {
    "Brand_Product_Size": "Yoplait Yop Banana Honey Yoghurt Drink 290g",
    "COL Price": 2,
    "COL ppu": "$0.69 per 100G",
    "COL Size": "290g"
  },
  {
    "Brand_Product_Size": "Dolmio Lasagne Bechamel Sauce 490g",
    "COL Price": 3,
    "COL ppu": "$0.61 per 100G",
    "COL Size": "490g"
  },
  {
    "Brand_Product_Size": "Republica Organic Magnesium Muscle Recovery 20 pack",
    "COL Price": 10,
    "COL ppu": "$0.50 per 1Ea",
    "COL Size": "20 pack"
  },
  {
    "Brand_Product_Size": "John Frieda Violet Crush Intense Shampoo 45mL",
    "COL Price": 5,
    "COL ppu": "$11.11 per 100mL",
    "COL Size": "45mL"
  },
  {
    "Brand_Product_Size": "Duracell 150 Lumen Aluminium Flashlight 2 AA each",
    "COL Price": 14,
    "COL ppu": "$14.00 per 1Ea",
    "COL Size": "each"
  },
  {
    "Brand_Product_Size": "Cook & Dine Large White Serviettes 25 pack",
    "COL Price": 1.8,
    "COL ppu": "$0.07 per 1Ea",
    "COL Size": "25 pack"
  },
  {
    "Brand_Product_Size": "Otrivin Seawater 20mL",
    "COL Price": 8,
    "COL ppu": "$40.00 per 100mL",
    "COL Size": "20mL"
  },
  {
    "Brand_Product_Size": "Cucina Matese Fusilloni No.120 Italian Pasta 500g",
    "COL Price": 5,
    "COL ppu": "$1.00 per 100G",
    "COL Size": "500g"
  },
  {
    "Brand_Product_Size": "Gourmet Garden Italian Herbs Cold Blended Paste 80g",
    "COL Price": 3.5,
    "COL ppu": "$0.44 per 10G",
    "COL Size": "80g"
  },
  {
    "Brand_Product_Size": "Organic Choice Fragranced Reed Diffuser Lemongrass & Cedarwood 50mL",
    "COL Price": 15,
    "COL ppu": "$30.00 per 100mL",
    "COL Size": "50mL"
  },
  {
    "Brand_Product_Size": "L'Oreal Men Expert Thermic Resist Deodorant 250mL",
    "COL Price": 4.9,
    "COL ppu": "$1.96 per 100mL",
    "COL Size": "250mL"
  },
  {
    "Brand_Product_Size": "Pampas Frozen Shortcrust Pastry Case 220g",
    "COL Price": 3.45,
    "COL ppu": "$1.57 per 100G",
    "COL Size": "220g"
  },
  {
    "Brand_Product_Size": "Cedel Extra Firm Hairspray 250g",
    "COL Price": 5,
    "COL ppu": "$2.00 per 100G",
    "COL Size": "250g"
  },
  {
    "Brand_Product_Size": "Aeroplane Lite Vanilla Berry Jelly Crystals 2 pack 18g",
    "COL Price": 2,
    "COL ppu": "$11.11 per 100G",
    "COL Size": "18g"
  },
  {
    "Brand_Product_Size": "Coles Slow Cooked Pulled Pork 250g",
    "COL Price": 7.5,
    "COL ppu": "$30.00 per 1Kg",
    "COL Size": "250g"
  },
  {
    "Brand_Product_Size": "Carmans Goodness & Grains Cereal Flakes Sultana & Cinnamon 375g",
    "COL Price": 5.6,
    "COL ppu": "$1.49 per 100G",
    "COL Size": "375g"
  },
  {
    "Brand_Product_Size": "Connoisseur Caramel Honey Macadamia Gourmet Ice Cream Tub 1L",
    "COL Price": 7.5,
    "COL ppu": "$0.75 per 100mL",
    "COL Size": "1L"
  },
  {
    "Brand_Product_Size": "Finish Quantum Ultimate Pro Lemon Dishwash Tablets 16 pack",
    "COL Price": 19,
    "COL ppu": "$1.19 per 1Ea",
    "COL Size": "16 pack"
  },
  {
    "Brand_Product_Size": "Coles Chocolate Mud Cake Slices 5 pack 500g",
    "COL Price": 4.5,
    "COL ppu": "$0.90 per 100G",
    "COL Size": "500g"
  },
  {
    "Brand_Product_Size": "Twinings In'Fuse Cold Water Infusion Peach & Passionfruit 30 pack",
    "COL Price": 11,
    "COL ppu": "$0.37 per 1Ea",
    "COL Size": "30 pack"
  },
  {
    "Brand_Product_Size": "The Pancake Parlour Buttermilk Pancake Mix 500g",
    "COL Price": 6.6,
    "COL ppu": "$1.32 per 100G",
    "COL Size": "500g"
  },
  {
    "Brand_Product_Size": "Aptamil Gold 4 Formula Plus Junior Immunocare 900g",
    "COL Price": 23,
    "COL ppu": "$2.56 per 100G",
    "COL Size": "900g"
  },
  {
    "Brand_Product_Size": "Coles Urban Coffee Culture Organic Coffee Beans 1 kg",
    "COL Price": 20,
    "COL ppu": "$2.00 per 100G",
    "COL Size": "1 kg"
  },
  {
    "Brand_Product_Size": "Kellogg's Crunchy Nut Corn Flakes Breakfast Cereal 380g",
    "COL Price": 4.95,
    "COL ppu": "$1.30 per 100G",
    "COL Size": "380g"
  },
  {
    "Brand_Product_Size": "Cook & Dine Spoon each",
    "COL Price": 5,
    "COL ppu": "$5.00 per 1Ea",
    "COL Size": "each"
  },
  {
    "Brand_Product_Size": "Coles Deli Danube Rare Blackforest Rare Roast Beef approx. 2kg",
    "COL Price": 50.4,
    "COL ppu": "$25.20 per 1Kg",
    "COL Size": "approx. 2kg"
  },
  {
    "Brand_Product_Size": "Coles Frozen Buttermilk Chicken Tenders 400g",
    "COL Price": 6,
    "COL ppu": "$15.00 per 1Kg",
    "COL Size": "400g"
  },
  {
    "Brand_Product_Size": "Telstra Evoke Plus 2 each",
    "COL Price": 149,
    "COL ppu": "$149.00 per 1Ea",
    "COL Size": "each"
  },
  {
    "Brand_Product_Size": "Omo Laundry Liquid Triple Caps Sensitive 28 pack",
    "COL Price": 22,
    "COL ppu": "$0.79 per 1Ea",
    "COL Size": "28 pack"
  },
  {
    "Brand_Product_Size": "Nurofen Zavance Ibuprofen 256mg Caplets 24 pack",
    "COL Price": 7,
    "COL ppu": "$0.29 per 1Ea",
    "COL Size": "24 pack"
  },
  {
    "Brand_Product_Size": "Redheads Firelighters 24 pack",
    "COL Price": 3.5,
    "COL ppu": "$0.15 per 1Ea",
    "COL Size": "24 pack"
  },
  {
    "Brand_Product_Size": "Coca-Cola Cherry Cola Can 355mL",
    "COL Price": 2.15,
    "COL ppu": "$0.61 per 100mL",
    "COL Size": "355mL"
  },
  {
    "Brand_Product_Size": "Sealord Frozen Honey Soy Tempura Batter Fillets 280g",
    "COL Price": 7.3,
    "COL ppu": "$26.07 per 1Kg",
    "COL Size": "280g"
  },
  {
    "Brand_Product_Size": "Omo Laundry Liquid Triple Caps Odour 17 pack",
    "COL Price": 12,
    "COL ppu": "$0.71 per 1Ea",
    "COL Size": "17 pack"
  },
  {
    "Brand_Product_Size": "L'Oreal Preference 10.21 Stockholm Hair Colour 1 pack",
    "COL Price": 9.5,
    "COL ppu": "$9.50 per 1Ea",
    "COL Size": "1 pack"
  },
  {
    "Brand_Product_Size": "Buttercup Country Split Wholemeal Bread 450g",
    "COL Price": 3,
    "COL ppu": "$0.67 per 100G",
    "COL Size": "450g"
  },
  {
    "Brand_Product_Size": "Carman's Classic Fruit & Nut Muesli 500g",
    "COL Price": 6,
    "COL ppu": "$1.20 per 100G",
    "COL Size": "500g"
  },
  {
    "Brand_Product_Size": "Tamar Valley Kids Greek Blueberry Yoghurt Pouch 110g",
    "COL Price": 1.3,
    "COL ppu": "$1.18 per 100G",
    "COL Size": "110g"
  },
  {
    "Brand_Product_Size": "Primo Double Smoked Hickory Ham approx. 125g",
    "COL Price": 2.875,
    "COL ppu": "$23.00 per 1Kg",
    "COL Size": "approx. 125g"
  },
  {
    "Brand_Product_Size": "Thankyou Grapefruit Hand & Surface Sanitiser 50mL",
    "COL Price": 3.5,
    "COL ppu": "$7.00 per 100mL",
    "COL Size": "50mL"
  },
  {
    "Brand_Product_Size": "Jumpy's Chicken Snacks Multipack 5 pack 90g",
    "COL Price": 3.35,
    "COL ppu": "$3.72 per 100G",
    "COL Size": "90g"
  },
  {
    "Brand_Product_Size": "Murine Eye Mist 15mL",
    "COL Price": 13,
    "COL ppu": "$8.67 per 10mL",
    "COL Size": "15mL"
  },
  {
    "Brand_Product_Size": "Woofin Good Puppy Chicken Rice & Vegetables Dry Dog Food 2.5kg",
    "COL Price": 17,
    "COL ppu": "$0.68 per 100G",
    "COL Size": "2.5kg"
  },
  {
    "Brand_Product_Size": "Coles Seedless  Lemons Prepacked 5 pack",
    "COL Price": 5.5,
    "COL ppu": "$1.10 per 1Ea",
    "COL Size": "5 pack"
  },
  {
    "Brand_Product_Size": "Coles Finest Angus Beef Porterhouse Steak approx. 320g each",
    "COL Price": 15.36,
    "COL ppu": "$48.00 per 1Kg",
    "COL Size": "approx. 320g each"
  },
  {
    "Brand_Product_Size": "Gatorade Fierce Blue Bolt Sports Drink 600mL",
    "COL Price": 2.15,
    "COL ppu": "$3.58 per 1L",
    "COL Size": "600mL"
  },
  {
    "Brand_Product_Size": "Saxa Plain Table Salt 750g",
    "COL Price": 2.95,
    "COL ppu": "$0.04 per 10G",
    "COL Size": "750g"
  },
  {
    "Brand_Product_Size": "McCain Man Size Chicken Kiev 480g",
    "COL Price": 6,
    "COL ppu": "$1.25 per 100G",
    "COL Size": "480g"
  },
  {
    "Brand_Product_Size": "Wif-Fix Tropical Wild Air Freshener 1 pack",
    "COL Price": 2.75,
    "COL ppu": "$2.75 per 1Ea",
    "COL Size": "1 pack"
  },
  {
    "Brand_Product_Size": "Liddells Chocolate Flavoured Long Life Milk 1L",
    "COL Price": 3.25,
    "COL ppu": "$3.25 per 1L",
    "COL Size": "1L"
  },
  {
    "Brand_Product_Size": "Campbell's Real Salt Reduced Beef  Stock 1L",
    "COL Price": 4,
    "COL ppu": "$0.40 per 100mL",
    "COL Size": "1L"
  },
  {
    "Brand_Product_Size": "Peace Bakery Lebanese Bread Wholemeal 6 pack 500g",
    "COL Price": 1.6,
    "COL ppu": "$0.32 per 100G",
    "COL Size": "500g"
  },
  {
    "Brand_Product_Size": "Arnott's Shapes Vegemite & Cheese Crackers 165g",
    "COL Price": 3.2,
    "COL ppu": "$1.94 per 100G",
    "COL Size": "165g"
  },
  {
    "Brand_Product_Size": "Remedy Kombucha Organic Peach 330mL",
    "COL Price": 3,
    "COL ppu": "$9.09 per 1L",
    "COL Size": "330mL"
  },
  {
    "Brand_Product_Size": "Sharwood's Japanese Katsu Curry Pouch 250g",
    "COL Price": 3.5,
    "COL ppu": "$1.40 per 100G",
    "COL Size": "250g"
  },
  {
    "Brand_Product_Size": "Philadelphia Light Cream Cheese Block 250g",
    "COL Price": 4.7,
    "COL ppu": "$18.80 per 1Kg",
    "COL Size": "250g"
  },
  {
    "Brand_Product_Size": "Fab Ultra Sunshine Fresh Top & Front Loader Laundry Powder 2kg",
    "COL Price": 7,
    "COL ppu": "$3.50 per 1Kg",
    "COL Size": "2kg"
  },
  {
    "Brand_Product_Size": "Energizer USB-C Cable 2.0 1.2M Pink 1 pack",
    "COL Price": 20,
    "COL ppu": "$20.00 per 1Ea",
    "COL Size": "1 pack"
  },
  {
    "Brand_Product_Size": "Coles Free Range RSPCA Approved Butterflied Chicken With Citrus & Thyme approx. 1.35kg",
    "COL Price": 13.5,
    "COL ppu": "$10.00 per 1Kg",
    "COL Size": "approx. 1.35kg"
  },
  {
    "Brand_Product_Size": "Coles I'M Free From Lightly Salted Corn Chips 200g",
    "COL Price": 2.5,
    "COL ppu": "$1.25 per 100G",
    "COL Size": "200g"
  },
  {
    "Brand_Product_Size": "Brut Original Fresh Shower Gel 400mL",
    "COL Price": 3.15,
    "COL ppu": "$0.79 per 100mL",
    "COL Size": "400mL"
  },
  {
    "Brand_Product_Size": "Golden Circle Orange Mango Juice 2L",
    "COL Price": 3,
    "COL ppu": "$1.50 per 1L",
    "COL Size": "2L"
  },
  {
    "Brand_Product_Size": "Rokeby Farms Probiotic Filmjolk Natural Yoghurt 750g",
    "COL Price": 5,
    "COL ppu": "$0.67 per 100G",
    "COL Size": "750g"
  },
  {
    "Brand_Product_Size": "Nad's Facial Wand Eyebrow Shaper each",
    "COL Price": 15,
    "COL ppu": "$250.04 per 100G",
    "COL Size": "each"
  },
  {
    "Brand_Product_Size": "Coles Silverbeet 1 bunch",
    "COL Price": 4.5,
    "COL ppu": "$4.50 per 1Ea",
    "COL Size": "1 bunch"
  },
  {
    "Brand_Product_Size": "Chicken Tonight Pub Favourites BBQ Chicken Wings 500g",
    "COL Price": 2.5,
    "COL ppu": "$0.50 per 100G",
    "COL Size": "500g"
  },
  {
    "Brand_Product_Size": "Purr Gourmet Flaked Tuna & Crabmeat in Gravy Cat Food 85g",
    "COL Price": 1,
    "COL ppu": "$1.18 per 100G",
    "COL Size": "85g"
  },
  {
    "Brand_Product_Size": "Coles Deli Hans Mild Hungarian Salami approx. 125g each",
    "COL Price": 3.125,
    "COL ppu": "$25.00 per 1Kg",
    "COL Size": "approx. 125g each"
  },
  {
    "Brand_Product_Size": "John West Peeled & Prepared Garlic & Herb Marinade Prawns 270g",
    "COL Price": 12,
    "COL ppu": "$44.44 per 1Kg",
    "COL Size": "270g"
  },
  {
    "Brand_Product_Size": "Nestle NAN Optipro Stage 3 Formula 800g",
    "COL Price": 17,
    "COL ppu": "$2.13 per 100G",
    "COL Size": "800g"
  },
  {
    "Brand_Product_Size": "Lynx Men Body Wash Black 400mL",
    "COL Price": 6,
    "COL ppu": "$1.50 per 100mL",
    "COL Size": "400mL"
  },
  {
    "Brand_Product_Size": "Fix & Go Epoxy 5min 24mL 1 pack",
    "COL Price": 11.5,
    "COL ppu": "$11.50 per 1Ea",
    "COL Size": "1 pack"
  },
  {
    "Brand_Product_Size": "Peters Light & Creamy Vanilla Slices 12 pack 1.2L",
    "COL Price": 8,
    "COL ppu": "$0.67 per 100mL",
    "COL Size": "1.2L"
  },
  {
    "Brand_Product_Size": "Scentilla Pear & Verbena Fragrance Diffuser 120mL",
    "COL Price": 13,
    "COL ppu": "$10.83 per 100G",
    "COL Size": "120mL"
  },
  {
    "Brand_Product_Size": "Leggo's Tomato Paste 2 Pack 280g",
    "COL Price": 2.9,
    "COL ppu": "$1.04 per 100G",
    "COL Size": "280g"
  },
  {
    "Brand_Product_Size": "Chux Superwipes Cleaning Cloths 60cm X 30cm 20 pack",
    "COL Price": 5.5,
    "COL ppu": "$0.28 per 1Ea",
    "COL Size": "20 pack"
  },
  {
    "Brand_Product_Size": "Gasmate Butane Gas Cartridges 4 pack",
    "COL Price": 8,
    "COL ppu": "$2.00 per 1Ea",
    "COL Size": "4 pack"
  },
  {
    "Brand_Product_Size": "John West Tempters Zesty Vinaigrette Tuna 95g",
    "COL Price": 2.3,
    "COL ppu": "$24.21 per 1Kg",
    "COL Size": "95g"
  },
  {
    "Brand_Product_Size": "Soyco Tofu Hi-Protein Firm Block 350g",
    "COL Price": 4.7,
    "COL ppu": "$1.34 per 100G",
    "COL Size": "350g"
  },
  {
    "Brand_Product_Size": "Gaganis Dolmades Vine Leaves Stuffed With Rice Mediterranean Taste 400g",
    "COL Price": 3.5,
    "COL ppu": "$8.75 per 1Kg",
    "COL Size": "400g"
  },
  {
    "Brand_Product_Size": "Mayvers Omega 3 Super Peanut Butter 280g",
    "COL Price": 6.5,
    "COL ppu": "$2.32 per 100G",
    "COL Size": "280g"
  },
  {
    "Brand_Product_Size": "Coles Kinesiology Sports Tape 50mmx6m each",
    "COL Price": 8,
    "COL ppu": "$8.00 per 1Ea",
    "COL Size": "each"
  },
  {
    "Brand_Product_Size": "MasterFoods Moroccan Chicken Simmer Sauce 510g",
    "COL Price": 3.7,
    "COL ppu": "$0.73 per 100G",
    "COL Size": "510g"
  },
  {
    "Brand_Product_Size": "Beacon Candy Fizzer Faves 92g",
    "COL Price": 2,
    "COL ppu": "$2.17 per 100G",
    "COL Size": "92g"
  },
  {
    "Brand_Product_Size": "Rimmel Brow This Way Eyebrow Medium Brown 0.4g",
    "COL Price": 9.6,
    "COL ppu": "$240.00 per 10G",
    "COL Size": "0.4g"
  },
  {
    "Brand_Product_Size": "Harpic Eco Fresh In Bowl Cleaner Citrus 2 Pack 70g",
    "COL Price": 6,
    "COL ppu": "$3.00 per 1Ea",
    "COL Size": "70g"
  },
  {
    "Brand_Product_Size": "Uncle Tobys Blueberry & Ancient Grain Bars 5 pack 175g",
    "COL Price": 5,
    "COL ppu": "$2.86 per 100G",
    "COL Size": "175g"
  },
  {
    "Brand_Product_Size": "Aussie Bodies Shape Lo Carb Choc Whipped 50g",
    "COL Price": 3,
    "COL ppu": "$6.00 per 100G",
    "COL Size": "50g"
  },
  {
    "Brand_Product_Size": "Harris Smooth Coffee Beans 1kg",
    "COL Price": 20,
    "COL ppu": "$2.00 per 100G",
    "COL Size": "1kg"
  },
  {
    "Brand_Product_Size": "Duracell 100 Lumen Spotlight Floating 4 AA Batteries each",
    "COL Price": 20,
    "COL ppu": "$20.00 per 1Ea",
    "COL Size": "each"
  },
  {
    "Brand_Product_Size": "Razzamatazz Value Anklet Socks Black 2 pack",
    "COL Price": 3,
    "COL ppu": "",
    "COL Size": "2 pack"
  },
  {
    "Brand_Product_Size": "Katoomba Green Chilli 12 Pack 312g",
    "COL Price": 2,
    "COL ppu": "$0.64 per 100G",
    "COL Size": "312g"
  },
  {
    "Brand_Product_Size": "Carman's Dark Choc Macadamia & Coconut Nut Bar 5 pack 160g",
    "COL Price": 6,
    "COL ppu": "$3.75 per 100G",
    "COL Size": "160g"
  },
  {
    "Brand_Product_Size": "The Dutch Company Whole Grain Rye Bread 500g",
    "COL Price": 3.5,
    "COL ppu": "$0.70 per 100G",
    "COL Size": "500g"
  },
  {
    "Brand_Product_Size": "Coles Beef Oyster Blade With Pepper approx. 1kg",
    "COL Price": 16,
    "COL ppu": "$16.00 per 1Kg",
    "COL Size": "approx. 1kg"
  },
  {
    "Brand_Product_Size": "Palmolive Anti-Bacterial Original Hand Wash Refill 1L",
    "COL Price": 6.5,
    "COL ppu": "$0.65 per 100mL",
    "COL Size": "1L"
  },
  {
    "Brand_Product_Size": "Coles Thin & Crispy Large Pizza Base 750g",
    "COL Price": 6,
    "COL ppu": "$0.80 per 100G",
    "COL Size": "750g"
  },
  {
    "Brand_Product_Size": "Raid One Shot Target Kill Crawling Insect Spray 300g",
    "COL Price": 7,
    "COL ppu": "$2.33 per 100G",
    "COL Size": "300g"
  },
  {
    "Brand_Product_Size": "Bow Wow Beef & Kangaroo Roll Dog Treats 1 pack",
    "COL Price": 2,
    "COL ppu": "$2.00 per 1Ea",
    "COL Size": "1 pack"
  },
  {
    "Brand_Product_Size": "Gravox Brown Onion Gravy 165g",
    "COL Price": 2,
    "COL ppu": "$0.12 per 10G",
    "COL Size": "165g"
  },
  {
    "Brand_Product_Size": "Rexona Women Antiperspirant Aerosol Advanced Invisible Dry Fresh Deodorant 220mL",
    "COL Price": 7.5,
    "COL ppu": "$3.41 per 100mL",
    "COL Size": "220mL"
  },
  {
    "Brand_Product_Size": "Weber BBQ Briquettes 4kg",
    "COL Price": 10,
    "COL ppu": "$2.50 per 1Kg",
    "COL Size": "4kg"
  },
  {
    "Brand_Product_Size": "Devondale Skim Long Life Milk 1L",
    "COL Price": 1.45,
    "COL ppu": "$1.45 per 1L",
    "COL Size": "1L"
  },
  {
    "Brand_Product_Size": "Coles Graze Lamb Leg Roast Boneless approx. 490g",
    "COL Price": 14.21,
    "COL ppu": "$29.00 per 1Kg",
    "COL Size": "approx. 490g"
  },
  {
    "Brand_Product_Size": "Ricci's Bikkies Pita Crisp Olive Oil & Sea Salt 120g",
    "COL Price": 6.9,
    "COL ppu": "$5.75 per 100G",
    "COL Size": "120g"
  },
  {
    "Brand_Product_Size": "L'Oreal Paris Magic Retouch Precision Dark Blond Concealer Brush 1 pack",
    "COL Price": 14.4,
    "COL ppu": "$14.40 per 1Ea",
    "COL Size": "1 pack"
  },
  {
    "Brand_Product_Size": "Dove Hair Therapy Intensive Repair Shampoo 320mL",
    "COL Price": 6.9,
    "COL ppu": "$2.16 per 100mL",
    "COL Size": "320mL"
  },
  {
    "Brand_Product_Size": "Schwarzkopf Taft Maximum Hold Styling Lacquer 200g",
    "COL Price": 4.45,
    "COL ppu": "$2.23 per 100G",
    "COL Size": "200g"
  },
  {
    "Brand_Product_Size": "Marco Polo Pelagonia White Beans 375g",
    "COL Price": 2.5,
    "COL ppu": "$0.67 per 100G",
    "COL Size": "375g"
  },
  {
    "Brand_Product_Size": "Fussy Cat Grainfree Finest Mince With Kangaroo Cat Food 800g",
    "COL Price": 6.8,
    "COL ppu": "$0.85 per 100G",
    "COL Size": "800g"
  },
  {
    "Brand_Product_Size": "Daley Street Medium/Dark Aluminium Nespresso Compatible Coffee Capsules 30 pack",
    "COL Price": 12,
    "COL ppu": "$0.40 per 1Ea",
    "COL Size": "30 pack"
  },
  {
    "Brand_Product_Size": "Bega Light & Tasty Natural Cheese Slices 12 pack 250g",
    "COL Price": 4.5,
    "COL ppu": "$1.80 per 100G",
    "COL Size": "250g"
  },
  {
    "Brand_Product_Size": "Kez's Kitchen Gluten Free Chocolate Raspberry Vienna Eclair 190g",
    "COL Price": 7,
    "COL ppu": "$3.68 per 100G",
    "COL Size": "190g"
  },
  {
    "Brand_Product_Size": "Coles Finest Anchovy Fillets Chilli 100g",
    "COL Price": 6,
    "COL ppu": "$60.00 per 1Kg",
    "COL Size": "100g"
  },
  {
    "Brand_Product_Size": "Richmond Valley Veal Mince 500g",
    "COL Price": 10.5,
    "COL ppu": "$21.00 per 1Kg",
    "COL Size": "500g"
  },
  {
    "Brand_Product_Size": "Coles Kids Pack Pears 1kg",
    "COL Price": 3.5,
    "COL ppu": "$3.50 per 1Kg",
    "COL Size": "1kg"
  },
  {
    "Brand_Product_Size": "Gillette Venus Platinum Extra Smooth Razor 1 pack",
    "COL Price": 19.9,
    "COL ppu": "$19.90 per 1Ea",
    "COL Size": "1 pack"
  },
  {
    "Brand_Product_Size": "Hoyts Pure Saffron 100mg 1 pack",
    "COL Price": 13.8,
    "COL ppu": "$13.80 per 1Ea",
    "COL Size": "1 pack"
  },
  {
    "Brand_Product_Size": "Arnott's TeeVee Snacks Biscuits Value Pack Original 315g",
    "COL Price": 5.5,
    "COL ppu": "$1.75 per 100G",
    "COL Size": "315g"
  },
  {
    "Brand_Product_Size": "Helga's Digestive Wellbeing Barley White Loaf 700g",
    "COL Price": 4.2,
    "COL ppu": "$0.60 per 100G",
    "COL Size": "700g"
  },
  {
    "Brand_Product_Size": "Medi Creme Antiseptic Cream 50g",
    "COL Price": 9.5,
    "COL ppu": "$19.00 per 100G",
    "COL Size": "50g"
  },
  {
    "Brand_Product_Size": "Coles Japanese Inspired Chicken Ramen Liquid Stock 1L",
    "COL Price": 3,
    "COL ppu": "$0.30 per 100mL",
    "COL Size": "1L"
  },
  {
    "Brand_Product_Size": "Naturopathica Gastro Health Probiotic Capsules for Woman's Health 30 pack",
    "COL Price": 29,
    "COL ppu": "$96.67 per 100Ea",
    "COL Size": "30 pack"
  },
  {
    "Brand_Product_Size": "Fodmapped Gluten Free Lamb & Vegetable Soup 500g",
    "COL Price": 8,
    "COL ppu": "$1.60 per 100G",
    "COL Size": "500g"
  },
  {
    "Brand_Product_Size": "Tamar Valley Greek Nas Blueberry 700g",
    "COL Price": 6.4,
    "COL ppu": "$0.91 per 100G",
    "COL Size": "700g"
  },
  {
    "Brand_Product_Size": "Hart & Soul Soup Chicken Noodle Cup 100g",
    "COL Price": 1.8,
    "COL ppu": "$1.80 per 100G",
    "COL Size": "100g"
  },
  {
    "Brand_Product_Size": "MasterFoods Australian Grown Tomato Sauce 500mL",
    "COL Price": 3.15,
    "COL ppu": "$0.63 per 100mL",
    "COL Size": "500mL"
  },
  {
    "Brand_Product_Size": "Ong's Hoisin Sauce 227g",
    "COL Price": 2.75,
    "COL ppu": "$1.21 per 100G",
    "COL Size": "227g"
  },
  {
    "Brand_Product_Size": "KB Tempura Prawns 300g",
    "COL Price": 9.5,
    "COL ppu": "$31.67 per 1Kg",
    "COL Size": "300g"
  },
  {
    "Brand_Product_Size": "Tandaco Stuffing Mix Seasoned 200g",
    "COL Price": 2.45,
    "COL ppu": "$0.12 per 10G",
    "COL Size": "200g"
  },
  {
    "Brand_Product_Size": "Coles Cafe Style Raisin Toast 650g",
    "COL Price": 2.8,
    "COL ppu": "$0.43 per 100G",
    "COL Size": "650g"
  },
  {
    "Brand_Product_Size": "Bickford's Cloudy Pear Juice 1L",
    "COL Price": 4.65,
    "COL ppu": "$4.65 per 1L",
    "COL Size": "1L"
  },
  {
    "Brand_Product_Size": "Nature's Way Magnesium Gel + Arnica For Muscles & Pain 100g",
    "COL Price": 20,
    "COL ppu": "$20.00 per 100G",
    "COL Size": "100g"
  },
  {
    "Brand_Product_Size": "Fromager D' Affinois Excellence Cheese approx. 100g",
    "COL Price": 8.5,
    "COL ppu": "$85.00 per 1Kg",
    "COL Size": "approx. 100g"
  },
  {
    "Brand_Product_Size": "Sunny Queen Free Range Large Eggs 18 pack 900g",
    "COL Price": 7,
    "COL ppu": "$0.78 per 100G",
    "COL Size": "900g"
  },
  {
    "Brand_Product_Size": "Crisco Blended Vegetable Oil 2L",
    "COL Price": 6,
    "COL ppu": "$0.30 per 100mL",
    "COL Size": "2L"
  },
  {
    "Brand_Product_Size": "Coles Vanilla Melting Moments Baking Mix 500g",
    "COL Price": 4,
    "COL ppu": "$0.80 per 100G",
    "COL Size": "500g"
  },
  {
    "Brand_Product_Size": "MasterFoods Onion Flakes 100g",
    "COL Price": 4.15,
    "COL ppu": "$0.42 per 10G",
    "COL Size": "100g"
  },
  {
    "Brand_Product_Size": "Red Rock Deli Yakitori Chicken Potato Chips 150g",
    "COL Price": 3,
    "COL ppu": "$2.00 per 100G",
    "COL Size": "150g"
  },
  {
    "Brand_Product_Size": "Colgate Kids 0-3 Years Mild Fruit Toothpaste 80g",
    "COL Price": 3.2,
    "COL ppu": "$4.00 per 100G",
    "COL Size": "80g"
  },
  {
    "Brand_Product_Size": "Crisco Canola Oil 750mL",
    "COL Price": 3.8,
    "COL ppu": "$0.51 per 100mL",
    "COL Size": "750mL"
  },
  {
    "Brand_Product_Size": "The Goods Vegan Mayonnaise 475g",
    "COL Price": 5,
    "COL ppu": "$1.05 per 100G",
    "COL Size": "475g"
  },
  {
    "Brand_Product_Size": "Golden Circle Pineapple Juice Multipack 250mL 6 pack",
    "COL Price": 4.5,
    "COL ppu": "$0.75 per 1Ea",
    "COL Size": "6 pack"
  },
  {
    "Brand_Product_Size": "Voss Artesian Sparkling Water 375mL",
    "COL Price": 3.2,
    "COL ppu": "$8.53 per 1L",
    "COL Size": "375mL"
  },
  {
    "Brand_Product_Size": "Red Rock Deli Sweet Chilli & Sour Cream Potato Chips 165g",
    "COL Price": 3,
    "COL ppu": "$1.82 per 100G",
    "COL Size": "165g"
  },
  {
    "Brand_Product_Size": "Always Fresh Roasted Peppers Whole 330g",
    "COL Price": 5,
    "COL ppu": "$15.15 per 1Kg",
    "COL Size": "330g"
  },
  {
    "Brand_Product_Size": "Nicabate Minimint Loz 1.5mg 20 20 pack",
    "COL Price": 12.8,
    "COL ppu": "$0.64 per 1Ea",
    "COL Size": "20 pack"
  },
  {
    "Brand_Product_Size": "Maggi 2 Minute Noodles Chicken Single Cup 60g",
    "COL Price": 1.8,
    "COL ppu": "$3.00 per 100G",
    "COL Size": "60g"
  },
  {
    "Brand_Product_Size": "Palmolive Raspberry Heavenly Hands Foaming Hand Wash 250mL",
    "COL Price": 2.8,
    "COL ppu": "$1.12 per 100mL",
    "COL Size": "250mL"
  },
  {
    "Brand_Product_Size": "Coles Kitchen Cauliflower Cheese 350g",
    "COL Price": 6,
    "COL ppu": "$1.71 per 100G",
    "COL Size": "350g"
  },
  {
    "Brand_Product_Size": "Indomie Chicken Flavour Instant Noodles 70g",
    "COL Price": 0.7,
    "COL ppu": "$1.00 per 100G",
    "COL Size": "70g"
  },
  {
    "Brand_Product_Size": "Lipton Mango Ice Tea 1.5L",
    "COL Price": 1.97,
    "COL ppu": "$1.31 per 1L",
    "COL Size": "1.5L"
  },
  {
    "Brand_Product_Size": "Coles Vanilla Yoghurt 150g",
    "COL Price": 1,
    "COL ppu": "$0.67 per 100G",
    "COL Size": "150g"
  },
  {
    "Brand_Product_Size": "Coles Tortoiseshell Claw Grips Small 2 pack",
    "COL Price": 4.5,
    "COL ppu": "$2.25 per 1Ea",
    "COL Size": "2 pack"
  },
  {
    "Brand_Product_Size": "Radiant Laundry Powder Whites & Colours 7kg",
    "COL Price": 35,
    "COL ppu": "$5.00 per 1Kg",
    "COL Size": "7kg"
  },
  {
    "Brand_Product_Size": "Coles Green Cucumber each",
    "COL Price": 2.2,
    "COL ppu": "$2.20 per 1Ea",
    "COL Size": "each"
  },
  {
    "Brand_Product_Size": "Farmers Market Grainfree Adult Real Salmon & Apple In Broth Cat Food 80g",
    "COL Price": 1.9,
    "COL ppu": "$2.38 per 100G",
    "COL Size": "80g"
  },
  {
    "Brand_Product_Size": "La Espanola Extra Virgin Olive Oil 4L",
    "COL Price": 27,
    "COL ppu": "$0.68 per 100mL",
    "COL Size": "4L"
  },
  {
    "Brand_Product_Size": "Schwarzkopf Extra Care Colour Protect Shampoo 400mL",
    "COL Price": 6.9,
    "COL ppu": "$1.73 per 100mL",
    "COL Size": "400mL"
  },
  {
    "Brand_Product_Size": "Jalna Farm To Pot Organic Yoghourt Greek 1kg",
    "COL Price": 7.95,
    "COL ppu": "$0.80 per 100G",
    "COL Size": "1kg"
  },
  {
    "Brand_Product_Size": "Quorn Meat & Soy Free Mince 300g",
    "COL Price": 6.3,
    "COL ppu": "$2.10 per 100G",
    "COL Size": "300g"
  },
  {
    "Brand_Product_Size": "Divella Spaghetti Ristorante No 8 Pasta 500g",
    "COL Price": 2,
    "COL ppu": "$0.40 per 100G",
    "COL Size": "500g"
  },
  {
    "Brand_Product_Size": "San Remo Trivelle Pasta No 17 750g",
    "COL Price": 2.9,
    "COL ppu": "$0.39 per 100G",
    "COL Size": "750g"
  },
  {
    "Brand_Product_Size": "Cellucor C4 Sport Preworkout Watermelon 285g",
    "COL Price": 28,
    "COL ppu": "$9.82 per 100G",
    "COL Size": "285g"
  },
  {
    "Brand_Product_Size": "Coles Bakery Chocolate Chip Shortbread 12 pack",
    "COL Price": 3.5,
    "COL ppu": "$0.29 per 1Ea",
    "COL Size": "12 pack"
  },
  {
    "Brand_Product_Size": "Nando's Peri Peri Lemon & Herb Rub 25g",
    "COL Price": 3,
    "COL ppu": "$1.20 per 10G",
    "COL Size": "25g"
  },
  {
    "Brand_Product_Size": "Mission Original Burrito 12 Tortillas 576g",
    "COL Price": 4.15,
    "COL ppu": "$0.72 per 100G",
    "COL Size": "576g"
  },
  {
    "Brand_Product_Size": "Double Phoenix Vermicelli Bean 200g",
    "COL Price": 1.4,
    "COL ppu": "$0.70 per 100G",
    "COL Size": "200g"
  },
  {
    "Brand_Product_Size": "Perfection Baby Roma Truss  Tomatoes Prepacked 275g",
    "COL Price": 4.9,
    "COL ppu": "$17.82 per 1Kg",
    "COL Size": "275g"
  },
  {
    "Brand_Product_Size": "Green's Butterscotch Pudding 260g",
    "COL Price": 2.8,
    "COL ppu": "$1.08 per 100G",
    "COL Size": "260g"
  },
  {
    "Brand_Product_Size": "CSR Premium White Sugar Sticks 150g",
    "COL Price": 2.75,
    "COL ppu": "$1.83 per 100G",
    "COL Size": "150g"
  },
  {
    "Brand_Product_Size": "Mount Franklin Lightly Sparkling Water 450mL 4 pack",
    "COL Price": 6.6,
    "COL ppu": "$3.67 per 1L",
    "COL Size": "4 pack"
  },
  {
    "Brand_Product_Size": "Cook & Dine Silicone Straws 5 pack",
    "COL Price": 4,
    "COL ppu": "$0.80 per 1Ea",
    "COL Size": "5 pack"
  },
  {
    "Brand_Product_Size": "Coles Urban Coffee Culture Strong Caffitaly Compatible Coffee Capsules 10 pack",
    "COL Price": 3.7,
    "COL ppu": "$0.37 per 1Ea",
    "COL Size": "10 pack"
  },
  {
    "Brand_Product_Size": "Udder Delights Adelaide Hills Ash Brie Cheese 200g",
    "COL Price": 9,
    "COL ppu": "$45.00 per 1Kg",
    "COL Size": "200g"
  },
  {
    "Brand_Product_Size": "Wiltshire Perforated Square Quiche & Tart Pan each",
    "COL Price": 17,
    "COL ppu": "$17.00 per 1Ea",
    "COL Size": "each"
  },
  {
    "Brand_Product_Size": "Decor Microsafe Round Container 800mL each",
    "COL Price": 5,
    "COL ppu": "$5.00 per 1ea",
    "COL Size": "each"
  },
  {
    "Brand_Product_Size": "Powerade Isotonic Blackcurrant Drink 1L",
    "COL Price": 4.65,
    "COL ppu": "$4.65 per 1L",
    "COL Size": "1L"
  },
  {
    "Brand_Product_Size": "Combat Roach Bait Strips 20g",
    "COL Price": 12,
    "COL ppu": "$60.00 per 100G",
    "COL Size": "20g"
  },
  {
    "Brand_Product_Size": "Arizona Ice Tea Plum 500mL",
    "COL Price": 2,
    "COL ppu": "$4.00 per 1L",
    "COL Size": "500mL"
  },
  {
    "Brand_Product_Size": "Dilmah Pure Ceylon Premium Tea Bags 50 Pack 100g",
    "COL Price": 3.6,
    "COL ppu": "$3.60 per 100G",
    "COL Size": "100g"
  },
  {
    "Brand_Product_Size": "Coles Clear Packaging Tape 3 pack",
    "COL Price": 7.5,
    "COL ppu": "$2.50 per 1Ea",
    "COL Size": "3 pack"
  },
  {
    "Brand_Product_Size": "Hakubaku Organic Udon Noodles 270g",
    "COL Price": 2.95,
    "COL ppu": "$1.09 per 100G",
    "COL Size": "270g"
  },
  {
    "Brand_Product_Size": "Revlon Colorstay Concealer Light Medium 6mL",
    "COL Price": 27,
    "COL ppu": "$45.00 per 10mL",
    "COL Size": "6mL"
  },
  {
    "Brand_Product_Size": "McCain Frozen Healthy Choice Lemon Chicken 350g",
    "COL Price": 4,
    "COL ppu": "$1.14 per 100G",
    "COL Size": "350g"
  },
  {
    "Brand_Product_Size": "Avalanche Drinking Chocolate 200g",
    "COL Price": 4.8,
    "COL ppu": "$2.40 per 100G",
    "COL Size": "200g"
  },
  {
    "Brand_Product_Size": "Poppin Explosion Triple Butter Popcorn 100g",
    "COL Price": 1.75,
    "COL ppu": "$1.75 per 100G",
    "COL Size": "100g"
  },
  {
    "Brand_Product_Size": "Nestle Nesquik Chocolate Flavoured Milk Drink 250g",
    "COL Price": 2.8,
    "COL ppu": "$1.12 per 100G",
    "COL Size": "250g"
  },
  {
    "Brand_Product_Size": "Bertocchi Pepper Mortadella approx. 125g",
    "COL Price": 1.25,
    "COL ppu": "$10.00 per 1Kg",
    "COL Size": "approx. 125g"
  },
  {
    "Brand_Product_Size": "Katoomba All In One Chutney 220g",
    "COL Price": 3.5,
    "COL ppu": "$1.59 per 100G",
    "COL Size": "220g"
  },
  {
    "Brand_Product_Size": "The Sweetporium Co. Fruity Sherbet Lollies 200g",
    "COL Price": 2.5,
    "COL ppu": "$1.25 per 100G",
    "COL Size": "200g"
  },
  {
    "Brand_Product_Size": "Ayam Honey & Soy Sauce 210mL",
    "COL Price": 3.5,
    "COL ppu": "$1.67 per 100mL",
    "COL Size": "210mL"
  },
  {
    "Brand_Product_Size": "Coles GU5.3 12V 500 Lumens 6 watt Warm White LED Globe 2 pack",
    "COL Price": 10,
    "COL ppu": "$5.00 per 1Ea",
    "COL Size": "2 pack"
  },
  {
    "Brand_Product_Size": "Smith's Original Crinkle Potato Chips 60g",
    "COL Price": 2.1,
    "COL ppu": "$3.50 per 100G",
    "COL Size": "60g"
  },
  {
    "Brand_Product_Size": "MasterFoods Mixed Herbs 10g",
    "COL Price": 1.95,
    "COL ppu": "$19.50 per 100G",
    "COL Size": "10g"
  },
  {
    "Brand_Product_Size": "CSR Brown Sugar 1kg",
    "COL Price": 3,
    "COL ppu": "$0.30 per 100G",
    "COL Size": "1kg"
  },
  {
    "Brand_Product_Size": "Maybelline Lash Sensational Sky High Washable Mascara Blackest Black 7.2mL",
    "COL Price": 12.5,
    "COL ppu": "$17.36 per 10mL",
    "COL Size": "7.2mL"
  },
  {
    "Brand_Product_Size": "Moccona Classic Medium Roast Instant Coffee 400g",
    "COL Price": 16,
    "COL ppu": "$4.00 per 100G",
    "COL Size": "400g"
  },
  {
    "Brand_Product_Size": "Maseur Men's Heel and Arch Support 1 pair",
    "COL Price": 12.95,
    "COL ppu": "$12.95 per 1Ea",
    "COL Size": "1 pair"
  },
  {
    "Brand_Product_Size": "Coles Kitchen Thai Red Vegetable Curry & Rice 350g",
    "COL Price": 6.5,
    "COL ppu": "$1.86 per 100G",
    "COL Size": "350g"
  },
  {
    "Brand_Product_Size": "Babylove Unisex Sleepy Nights Pants 2-4 Years 12-18 Kg 12 pack",
    "COL Price": 9,
    "COL ppu": "$0.75 per 1Ea",
    "COL Size": "12 pack"
  },
  {
    "Brand_Product_Size": "Paws Fresh Diced Tender Chicken for Dogs & Cats 600g",
    "COL Price": 5,
    "COL ppu": "$0.83 per 100G",
    "COL Size": "600g"
  },
  {
    "Brand_Product_Size": "Golden Swan Pistachio Halva 400g",
    "COL Price": 5.4,
    "COL ppu": "$1.35 per 100G",
    "COL Size": "400g"
  },
  {
    "Brand_Product_Size": "Optimum Real Kangaroo & Vegetables Adult Wet Dog Food Can 700g",
    "COL Price": 3,
    "COL ppu": "$0.43 per 100G",
    "COL Size": "700g"
  },
  {
    "Brand_Product_Size": "Nestle Coffee & Milk 395g",
    "COL Price": 4.2,
    "COL ppu": "$1.06 per 100G",
    "COL Size": "395g"
  },
  {
    "Brand_Product_Size": "Ikina Bamboo Fibre Lunch Box each",
    "COL Price": 12,
    "COL ppu": "$12.00 per 1Ea",
    "COL Size": "each"
  },
  {
    "Brand_Product_Size": "KIND Caramel Almond & Sea Salt Bar 40g",
    "COL Price": 3,
    "COL ppu": "$7.50 per 100G",
    "COL Size": "40g"
  },
  {
    "Brand_Product_Size": "Coopers Non Alcoholic Ultra Light Drink 375mL 6 pack",
    "COL Price": 8.3,
    "COL ppu": "$3.69 per 1L",
    "COL Size": "6 pack"
  },
  {
    "Brand_Product_Size": "Al Kanater Tahini Ground Sesame Seeds 900g",
    "COL Price": 11.4,
    "COL ppu": "$1.27 per 100G",
    "COL Size": "900g"
  },
  {
    "Brand_Product_Size": "Coles Kitchen Black Bean Chicken & Egg Fried Rice 350g",
    "COL Price": 6.5,
    "COL ppu": "$1.86 per 100G",
    "COL Size": "350g"
  },
  {
    "Brand_Product_Size": "McVities Chocolate Digestives Hazelnut With Caramel 250g",
    "COL Price": 3.95,
    "COL ppu": "$1.58 per 100G",
    "COL Size": "250g"
  },
  {
    "Brand_Product_Size": "Mutti Tomato Passata with Basil 700g",
    "COL Price": 2.5,
    "COL ppu": "$0.36 per 100G",
    "COL Size": "700g"
  },
  {
    "Brand_Product_Size": "La Ice No Sugar Cola Soft Drink 2L",
    "COL Price": 1.6,
    "COL ppu": "$0.80 per 1L",
    "COL Size": "2L"
  },
  {
    "Brand_Product_Size": "Coles Silver Party Candles 16 pack",
    "COL Price": 3,
    "COL ppu": "$0.19 per 1Ea",
    "COL Size": "16 pack"
  },
  {
    "Brand_Product_Size": "Coles GU10 240V 500 Lumens 6 watt Cool White LED Globe 2 pack",
    "COL Price": 10,
    "COL ppu": "$5.00 per 1Ea",
    "COL Size": "2 pack"
  },
  {
    "Brand_Product_Size": "Belvoir Elderflower Cordial 500mL",
    "COL Price": 6,
    "COL ppu": "$1.20 per 100mL",
    "COL Size": "500mL"
  },
  {
    "Brand_Product_Size": "Gourmet Garden Ginger Cold Blended Paste 115g",
    "COL Price": 4.5,
    "COL ppu": "$3.91 per 100G",
    "COL Size": "115g"
  },
  {
    "Brand_Product_Size": "Boost Mango Sunshine Juice 350mL",
    "COL Price": 4,
    "COL ppu": "$11.43 per 1L",
    "COL Size": "350mL"
  },
  {
    "Brand_Product_Size": "Wet Ones Be Gentle Anti-Bacterial Hand & Face Wipes 40 pack",
    "COL Price": 4.1,
    "COL ppu": "$0.10 per 1Ea",
    "COL Size": "40 pack"
  },
  {
    "Brand_Product_Size": "Pic's Really Good Smooth Peanut Butter 380g",
    "COL Price": 6,
    "COL ppu": "$1.58 per 100G",
    "COL Size": "380g"
  },
  {
    "Brand_Product_Size": "Continental Sensation Vine Ripened Tomato & Ricotta Soup Serves 2 54g",
    "COL Price": 2,
    "COL ppu": "$3.70 per 100G",
    "COL Size": "54g"
  },
  {
    "Brand_Product_Size": "Macleans Extreme Clean Lasting Fresh Toothpaste 170g",
    "COL Price": 2.5,
    "COL ppu": "$1.47 per 100G",
    "COL Size": "170g"
  },
  {
    "Brand_Product_Size": "Allen's Snakes Alive 520g",
    "COL Price": 5,
    "COL ppu": "$0.96 per 100G",
    "COL Size": "520g"
  },
  {
    "Brand_Product_Size": "Udder Delights Truffle Brie approx. 100g",
    "COL Price": 4.5,
    "COL ppu": "$45.00 per 1Kg",
    "COL Size": "approx. 100g"
  },
  {
    "Brand_Product_Size": "Sanitarium Weet-Bix Gluten Free Coconut & Cinnamon Breakfast Cereal 400g",
    "COL Price": 5,
    "COL ppu": "$1.25 per 100G",
    "COL Size": "400g"
  },
  {
    "Brand_Product_Size": "Cutex Ultra Powerful Nail Polish Remover 100mL",
    "COL Price": 10,
    "COL ppu": "$1.00 per 10mL",
    "COL Size": "100mL"
  },
  {
    "Brand_Product_Size": "Coles Urban Coffee Culture Syrup Caramel 360mL",
    "COL Price": 5,
    "COL ppu": "$1.39 per 100mL",
    "COL Size": "360mL"
  },
  {
    "Brand_Product_Size": "Manning Valley Free Range Extra Large Eggs 12 pack 800g",
    "COL Price": 6.9,
    "COL ppu": "$0.86 per 100G",
    "COL Size": "800g"
  },
  {
    "Brand_Product_Size": "Grillman Spatula each",
    "COL Price": 10,
    "COL ppu": "$10.00 per 1Ea",
    "COL Size": "each"
  },
  {
    "Brand_Product_Size": "Edgell Chick Peas Pouch 100g",
    "COL Price": 1,
    "COL ppu": "$10.00 per 1Kg",
    "COL Size": "100g"
  },
  {
    "Brand_Product_Size": "Coles Beef Gravy approx. 608g",
    "COL Price": 10.336,
    "COL ppu": "$17.00 per 1Kg",
    "COL Size": "approx. 608g"
  },
  {
    "Brand_Product_Size": "Coles Kitchen Pizza BBQ Chicken & Bacon 470g",
    "COL Price": 5,
    "COL ppu": "$1.06 per 100G",
    "COL Size": "470g"
  },
  {
    "Brand_Product_Size": "Golden Circle Apple Blackcurrant Fruit Drink Multipack 250mL 6 pack",
    "COL Price": 4.5,
    "COL ppu": "$0.75 per 1Ea",
    "COL Size": "6 pack"
  },
  {
    "Brand_Product_Size": "Coles Deli Primo Mini Chorizo perkg",
    "COL Price": 25,
    "COL ppu": "$25.00 per 1Kg",
    "COL Size": "perkg"
  },
  {
    "Brand_Product_Size": "Cold Power Triple Capsules Regular 30 pack",
    "COL Price": 20,
    "COL ppu": "$0.67 per 1Ea",
    "COL Size": "30 pack"
  },
  {
    "Brand_Product_Size": "Covergirl Perfect Blend Black Eyeliner Pencil each",
    "COL Price": 13,
    "COL ppu": "$152.94 per 10G",
    "COL Size": "each"
  },
  {
    "Brand_Product_Size": "Scott's Frozen Meat Pie 900g",
    "COL Price": 6,
    "COL ppu": "$0.67 per 100G",
    "COL Size": "900g"
  },
  {
    "Brand_Product_Size": "Coles Organic Natural Cashews 180g",
    "COL Price": 5.5,
    "COL ppu": "$30.56 per 1Kg",
    "COL Size": "180g"
  },
  {
    "Brand_Product_Size": "Musashi High Protein Iced Chocolate Protein Shake 375mL",
    "COL Price": 4.05,
    "COL ppu": "$1.08 per 100mL",
    "COL Size": "375mL"
  },
  {
    "Brand_Product_Size": "Colgin Chipotle Liquid Smoke 118mL",
    "COL Price": 5.4,
    "COL ppu": "$4.58 per 100mL",
    "COL Size": "118mL"
  },
  {
    "Brand_Product_Size": "Artemis Kefalotyri 200g",
    "COL Price": 12.5,
    "COL ppu": "$62.50 per 1Kg",
    "COL Size": "200g"
  },
  {
    "Brand_Product_Size": "Nurofen Cold and Flu Multi-Symptom Relief Tablets 200mg Ibuprofen 24 pack",
    "COL Price": 13.77,
    "COL ppu": "$0.57 per 1Ea",
    "COL Size": "24 pack"
  },
  {
    "Brand_Product_Size": "Lindt Les Grandes White Almond  Block Chocolate 150g",
    "COL Price": 5.5,
    "COL ppu": "$3.67 per 100G",
    "COL Size": "150g"
  },
  {
    "Brand_Product_Size": "Oral B Pro 100 Floss Action Electric Toothbrush 1 pack",
    "COL Price": 70,
    "COL ppu": "$70.00 per 1Ea",
    "COL Size": "1 pack"
  },
  {
    "Brand_Product_Size": "Lavazza Espresso Passionale Intensita 11 Ground Coffee 16 Capsules 120g",
    "COL Price": 11,
    "COL ppu": "$9.17 per 100G",
    "COL Size": "120g"
  },
  {
    "Brand_Product_Size": "Birds Eye Frozen Baby Peas 1kg",
    "COL Price": 3.7,
    "COL ppu": "$3.70 per 1Kg",
    "COL Size": "1kg"
  },
  {
    "Brand_Product_Size": "YoGo Chocolate & M&M's Mini Dessert 150g",
    "COL Price": 2.85,
    "COL ppu": "$1.90 per 100G",
    "COL Size": "150g"
  },
  {
    "Brand_Product_Size": "Leda Nutrition Gingernut Gluten Free Cookies 155g",
    "COL Price": 3.15,
    "COL ppu": "$2.03 per 100G",
    "COL Size": "155g"
  },
  {
    "Brand_Product_Size": "Coles Salted Butter 500g",
    "COL Price": 5,
    "COL ppu": "$1.00 per 100G",
    "COL Size": "500g"
  },
  {
    "Brand_Product_Size": "Betty Crocker Frosted Chocolate Brownie Mix 500g",
    "COL Price": 5.2,
    "COL ppu": "$1.04 per 100G",
    "COL Size": "500g"
  },
  {
    "Brand_Product_Size": "The Spice Tailor Fiery Goan Curry 300g",
    "COL Price": 5.5,
    "COL ppu": "$1.83 per 100G",
    "COL Size": "300g"
  },
  {
    "Brand_Product_Size": "Continental Alfredo Pasta & Sauce Serves 3 85g",
    "COL Price": 2.2,
    "COL ppu": "$2.59 per 100G",
    "COL Size": "85g"
  },
  {
    "Brand_Product_Size": "Blackmores Natural Vitamin E 1000iu Capsules 30 pack",
    "COL Price": 15,
    "COL ppu": "$50.00 per 100Ea",
    "COL Size": "30 pack"
  },
  {
    "Brand_Product_Size": "Nuby Assorted Tritan Flip It With Weighted Straw 240mL each",
    "COL Price": 10,
    "COL ppu": "$10.00 per 1Ea",
    "COL Size": "each"
  },
  {
    "Brand_Product_Size": "Organic Choice Dishwashing Liquid Lux Basil 500mL",
    "COL Price": 5,
    "COL ppu": "$1.00 per 100mL",
    "COL Size": "500mL"
  },
  {
    "Brand_Product_Size": "Cook & Dine Terry Tea Towels Black 5 pack",
    "COL Price": 10,
    "COL ppu": "$2.00 per 1Ea",
    "COL Size": "5 pack"
  },
  {
    "Brand_Product_Size": "Betadine Antiseptic Topical Solution 15mL",
    "COL Price": 11.3,
    "COL ppu": "$75.34 per 100mL",
    "COL Size": "15mL"
  },
  {
    "Brand_Product_Size": "Coles Star Fruit each",
    "COL Price": 2.5,
    "COL ppu": "$2.50 per 1Ea",
    "COL Size": "each"
  },
  {
    "Brand_Product_Size": "Pana Mylk Almond 80g",
    "COL Price": 9,
    "COL ppu": "$11.25 per 100G",
    "COL Size": "80g"
  },
  {
    "Brand_Product_Size": "Burgen Wholemeal & Seeds Bread 700g",
    "COL Price": 5,
    "COL ppu": "$0.71 per 100G",
    "COL Size": "700g"
  },
  {
    "Brand_Product_Size": "Arnott's Vita-Weat 9 Grain Crispbread 250g",
    "COL Price": 3.3,
    "COL ppu": "$1.32 per 100G",
    "COL Size": "250g"
  },
  {
    "Brand_Product_Size": "Garnier Hydra Bomb Eye Tissue Mask each",
    "COL Price": 2,
    "COL ppu": "$2.00 per 1Ea",
    "COL Size": "each"
  },
  {
    "Brand_Product_Size": "Twinings Earl Grey Loose Leaf Tea 125g",
    "COL Price": 7,
    "COL ppu": "$5.60 per 100G",
    "COL Size": "125g"
  },
  {
    "Brand_Product_Size": "NRG Recharge Battery AAA 4 pack",
    "COL Price": 14,
    "COL ppu": "$3.50 per 1Ea",
    "COL Size": "4 pack"
  },
  {
    "Brand_Product_Size": "Maggie Beer Pheasant Farm Pate 120g",
    "COL Price": 6,
    "COL ppu": "$5.00 per 100G",
    "COL Size": "120g"
  },
  {
    "Brand_Product_Size": "Swisse Ultibiotic Daily Immune Probiotic Capsules 30 pack",
    "COL Price": 16,
    "COL ppu": "$53.34 per 100Ea",
    "COL Size": "30 pack"
  },
  {
    "Brand_Product_Size": "Schwarzkopf Taft Power Cashmere Touch Lacquer 200g",
    "COL Price": 4.3,
    "COL ppu": "$2.15 per 100G",
    "COL Size": "200g"
  },
  {
    "Brand_Product_Size": "Arnott's Nacho Cheese Shapes 160g",
    "COL Price": 3.2,
    "COL ppu": "$2.00 per 100G",
    "COL Size": "160g"
  },
  {
    "Brand_Product_Size": "Coles Kitchen Mexican Style Salad Kit 400g",
    "COL Price": 5,
    "COL ppu": "$1.25 per 100G",
    "COL Size": "400g"
  },
  {
    "Brand_Product_Size": "Natures Goodness Grainfree Nutrition Chicken Lamb & Garden Vegetables For Adult Dogs 3kg",
    "COL Price": 15.8,
    "COL ppu": "$0.53 per 100G",
    "COL Size": "3kg"
  },
  {
    "Brand_Product_Size": "BSC Gluten Free Choc Lamington Clean Bar 50g",
    "COL Price": 4,
    "COL ppu": "$0.80 per 10G",
    "COL Size": "50g"
  },
  {
    "Brand_Product_Size": "Air Wick Pure New Car Air Freshener 1 pack",
    "COL Price": 6,
    "COL ppu": "$24.00 per 10mL",
    "COL Size": "1 pack"
  },
  {
    "Brand_Product_Size": "Mainland Munchables Tasty Cheese & Crackers 4 pack 120g",
    "COL Price": 6,
    "COL ppu": "",
    "COL Size": "120g"
  },
  {
    "Brand_Product_Size": "Mojo Gut Shot Berrytown 55mL",
    "COL Price": 3.5,
    "COL ppu": "$6.36 per 100mL",
    "COL Size": "55mL"
  },
  {
    "Brand_Product_Size": "Sanitarium Weet-Bix Breakfast Cereal 800g",
    "COL Price": 4,
    "COL ppu": "$0.50 per 100G",
    "COL Size": "800g"
  },
  {
    "Brand_Product_Size": "Nudie Nothing But Pear Strawberry Beetroot Juice 1L",
    "COL Price": 5.5,
    "COL ppu": "$5.50 per 1L",
    "COL Size": "1L"
  },
  {
    "Brand_Product_Size": "Tradie Mens Brief Size Medium 4 pack",
    "COL Price": 16,
    "COL ppu": "",
    "COL Size": "4 pack"
  },
  {
    "Brand_Product_Size": "Mars M&M's Crispy Large 335g",
    "COL Price": 6,
    "COL ppu": "$1.79 per 100G",
    "COL Size": "335g"
  },
  {
    "Brand_Product_Size": "I&J The Finest Frozen Prawns Cooked & Peeled Tail Off 500g",
    "COL Price": 15,
    "COL ppu": "$30.00 per 1Kg",
    "COL Size": "500g"
  },
  {
    "Brand_Product_Size": "Rafferty's Garden Brown Rice Bean & Pumpkin 8+ Months 120g",
    "COL Price": 1.9,
    "COL ppu": "$1.58 per 100G",
    "COL Size": "120g"
  },
  {
    "Brand_Product_Size": "Heinz Smokey Barbeque Sauce 500mL",
    "COL Price": 2.5,
    "COL ppu": "$0.50 per 100mL",
    "COL Size": "500mL"
  },
  {
    "Brand_Product_Size": "Green Leaf Sliced Pickled Turnips 1kg",
    "COL Price": 4.3,
    "COL ppu": "$4.30 per 1Kg",
    "COL Size": "1kg"
  },
  {
    "Brand_Product_Size": "Coca-Cola Vanilla Flavour Coke Multipack Cans 375mL 10 pack",
    "COL Price": 13.02,
    "COL ppu": "$3.47 per 1L",
    "COL Size": "10 pack"
  },
  {
    "Brand_Product_Size": "Sukin Blemish Control Spot Banishing Gel 15mL",
    "COL Price": 16,
    "COL ppu": "$10.67 per 10mL",
    "COL Size": "15mL"
  },
  {
    "Brand_Product_Size": "Remedy Kombucha Ginger & Lemon 750mL",
    "COL Price": 7.5,
    "COL ppu": "$10.00 per 1L",
    "COL Size": "750mL"
  },
  {
    "Brand_Product_Size": "Leggo's Roasted Garlic with Chunky Tomato & Onion Pasta Sauce 500g",
    "COL Price": 3.3,
    "COL ppu": "$0.66 per 100G",
    "COL Size": "500g"
  },
  {
    "Brand_Product_Size": "S-26 Gold Alula Formula Toddler 900g",
    "COL Price": 20,
    "COL ppu": "$2.22 per 100G",
    "COL Size": "900g"
  },
  {
    "Brand_Product_Size": "Wellness Road Organic Black Rice Noodles With Chia 225g",
    "COL Price": 3.75,
    "COL ppu": "$1.67 per 100G",
    "COL Size": "225g"
  },
  {
    "Brand_Product_Size": "Tom Piper Savoury Mince & Vegetables 400g",
    "COL Price": 3,
    "COL ppu": "$0.75 per 100G",
    "COL Size": "400g"
  },
  {
    "Brand_Product_Size": "Tena Discreet Standard Length Ultra Thin 12 Pads 1 pack",
    "COL Price": 4,
    "COL ppu": "$4.00 per 1Ea",
    "COL Size": "1 pack"
  },
  {
    "Brand_Product_Size": "Grillman BBQ Reusable Hot Plate Liners 500mm X 400mm each",
    "COL Price": 10,
    "COL ppu": "$10.00 per 1Ea",
    "COL Size": "each"
  },
  {
    "Brand_Product_Size": "Palmolive Naturals Replenishing Milk & Honey Soap 4 pack",
    "COL Price": 2.85,
    "COL ppu": "$0.79 per 100G",
    "COL Size": "4 pack"
  },
  {
    "Brand_Product_Size": "Sensodyne Sensitive Teeth Pain Repair & Protect Extra Fresh Toothpaste 100g",
    "COL Price": 11,
    "COL ppu": "$11.00 per 100G",
    "COL Size": "100g"
  },
  {
    "Brand_Product_Size": "White King Lavender Bleach 2.5L",
    "COL Price": 4.25,
    "COL ppu": "$1.70 per 1L",
    "COL Size": "2.5L"
  },
  {
    "Brand_Product_Size": "Coles RSPCA Approved Chicken Breast Kiev With Tomato & Mozzarella 700g",
    "COL Price": 5.45,
    "COL ppu": "$7.79 per 1Kg",
    "COL Size": "700g"
  },
  {
    "Brand_Product_Size": "Udder Delights Truffle Brie approx. 100g",
    "COL Price": 4.5,
    "COL ppu": "$45.00 per 1Kg",
    "COL Size": "approx. 100g"
  },
  {
    "Brand_Product_Size": "Nongshim Shin Ramyun Noodle Soup 5 pack 600g",
    "COL Price": 6.5,
    "COL ppu": "$1.08 per 100G",
    "COL Size": "600g"
  },
  {
    "Brand_Product_Size": "Artisan Sour Red Cherries 90g",
    "COL Price": 7,
    "COL ppu": "$77.79 per 1Kg",
    "COL Size": "90g"
  },
  {
    "Brand_Product_Size": "Coles Natures Kitchen Plant Based Nuggets 350g",
    "COL Price": 6,
    "COL ppu": "$17.14 per 1Kg",
    "COL Size": "350g"
  },
  {
    "Brand_Product_Size": "Mainland Caramelised Onion Lunch Pack 110g",
    "COL Price": 5,
    "COL ppu": "$4.55 per 100G",
    "COL Size": "110g"
  },
  {
    "Brand_Product_Size": "Yoplait Yop Mango Passionfruit Yoghurt Drink 290g",
    "COL Price": 2,
    "COL ppu": "$0.69 per 100G",
    "COL Size": "290g"
  },
  {
    "Brand_Product_Size": "Coles Strawberry Fruit Spread 500g",
    "COL Price": 1.3,
    "COL ppu": "$0.28 per 100G",
    "COL Size": "500g"
  },
  {
    "Brand_Product_Size": "Dairy Farmers Thick & Creamy Apricot Vanilla Yoghurt 150g",
    "COL Price": 2.2,
    "COL ppu": "$1.47 per 100G",
    "COL Size": "150g"
  },
  {
    "Brand_Product_Size": "Vitasoy Chocolate Soy Milk 1L",
    "COL Price": 3,
    "COL ppu": "$3.00 per 1L",
    "COL Size": "1L"
  },
  {
    "Brand_Product_Size": "Oral-B Stages Disney Electric Toothbrush Heads 2 pack",
    "COL Price": 13.75,
    "COL ppu": "$6.88 per 1Ea",
    "COL Size": "2 pack"
  },
  {
    "Brand_Product_Size": "Olay Eyes Pro-Retinol Eye Treatment 15mL",
    "COL Price": 49,
    "COL ppu": "$326.69 per 100mL",
    "COL Size": "15mL"
  },
  {
    "Brand_Product_Size": "Freedom Foods Heritage Mill Fruit & Nut Natural Muesli 1kg",
    "COL Price": 7,
    "COL ppu": "$0.70 per 100G",
    "COL Size": "1kg"
  },
  {
    "Brand_Product_Size": "Fancy Feast Tuna Prawn Mackerel & Crab Dry Cat Food 450g",
    "COL Price": 5.3,
    "COL ppu": "$1.18 per 100G",
    "COL Size": "450g"
  },
  {
    "Brand_Product_Size": "Palmolive Naturals Intensive Moisture Conditioner 700mL",
    "COL Price": 5,
    "COL ppu": "$0.71 per 100mL",
    "COL Size": "700mL"
  },
  {
    "Brand_Product_Size": "Iddy Biddy Mixed Berry Flavoured Snacks 160g",
    "COL Price": 4,
    "COL ppu": "$2.50 per 100G",
    "COL Size": "160g"
  },
  {
    "Brand_Product_Size": "Real Foods Tasty Cheese Corn Thins 125g",
    "COL Price": 2,
    "COL ppu": "$1.60 per 100G",
    "COL Size": "125g"
  },
  {
    "Brand_Product_Size": "Coles Deli Primo Chilli Coated Salami approx. 125g",
    "COL Price": 4,
    "COL ppu": "$32.00 per 1Kg",
    "COL Size": "approx. 125g"
  },
  {
    "Brand_Product_Size": "Lurpak Slightly Salted Spreadable 500g",
    "COL Price": 8.2,
    "COL ppu": "$1.64 per 100G",
    "COL Size": "500g"
  },
  {
    "Brand_Product_Size": "Coles Finest Mirror Glaze Raspberry Mousse 2 pack 180g",
    "COL Price": 8,
    "COL ppu": "$4.44 per 100G",
    "COL Size": "180g"
  },
  {
    "Brand_Product_Size": "Birds Eye Frozen Chinese Vegetables Stir Fry 850g",
    "COL Price": 5,
    "COL ppu": "$5.88 per 1Kg",
    "COL Size": "850g"
  },
  {
    "Brand_Product_Size": "Treasure X each",
    "COL Price": 16,
    "COL ppu": "",
    "COL Size": "each"
  },
  {
    "Brand_Product_Size": "MasterFoods Sesame Seeds 37g",
    "COL Price": 2.7,
    "COL ppu": "$0.73 per 10G",
    "COL Size": "37g"
  },
  {
    "Brand_Product_Size": "Coles Organic Rainbow Chard each",
    "COL Price": 4.5,
    "COL ppu": "$4.50 per 1Ea",
    "COL Size": "each"
  },
  {
    "Brand_Product_Size": "Vitapet Puppy Pee Training Pads 7 pack",
    "COL Price": 9,
    "COL ppu": "$1.29 per 1Ea",
    "COL Size": "7 pack"
  },
  {
    "Brand_Product_Size": "Bushells Blue Label Leaf Tea Powder 250g",
    "COL Price": 3,
    "COL ppu": "$1.20 per 100G",
    "COL Size": "250g"
  },
  {
    "Brand_Product_Size": "Mayver's Peanut Butter Smooth 375g",
    "COL Price": 5,
    "COL ppu": "$1.33 per 100G",
    "COL Size": "375g"
  },
  {
    "Brand_Product_Size": "Coles Wrapped Butternut Pumpkin approx. 700g each",
    "COL Price": 2.45,
    "COL ppu": "$3.50 per 1Kg",
    "COL Size": "approx. 700g each"
  },
  {
    "Brand_Product_Size": "Wards Baking Powder Gluten Free 125g",
    "COL Price": 2.5,
    "COL ppu": "$2.00 per 100G",
    "COL Size": "125g"
  },
  {
    "Brand_Product_Size": "Garnier Pure Charcoal Tissue Mask 28g",
    "COL Price": 3,
    "COL ppu": "$1.07 per 10G",
    "COL Size": "28g"
  },
  {
    "Brand_Product_Size": "Air Wick VI Poo Lemon Idol 55mL",
    "COL Price": 10,
    "COL ppu": "$18.18 per 100mL",
    "COL Size": "55mL"
  },
  {
    "Brand_Product_Size": "Powerade Drink Powder Berry Ice 500g",
    "COL Price": 11.85,
    "COL ppu": "$2.37 per 100G",
    "COL Size": "500g"
  },
  {
    "Brand_Product_Size": "Coles Gluten Free Soy & Linseed Bread 500g",
    "COL Price": 4.5,
    "COL ppu": "$0.90 per 100G",
    "COL Size": "500g"
  },
  {
    "Brand_Product_Size": "Boost Juice Berry Happy 350mL",
    "COL Price": 4,
    "COL ppu": "$11.43 per 1L",
    "COL Size": "350mL"
  },
  {
    "Brand_Product_Size": "Bepanthen Scar Treatment 20g",
    "COL Price": 23.75,
    "COL ppu": "$118.75 per 100G",
    "COL Size": "20g"
  },
  {
    "Brand_Product_Size": "Helga's Traditional White Wraps 8 pack 560g",
    "COL Price": 4,
    "COL ppu": "$0.71 per 100G",
    "COL Size": "560g"
  },
  {
    "Brand_Product_Size": "Coles Kitchen & Bathroom Wipes 50 pack",
    "COL Price": 4,
    "COL ppu": "$0.08 per 1Ea",
    "COL Size": "50 pack"
  },
  {
    "Brand_Product_Size": "Clairol Nice 'N Easy 102 Natural Light Ash Blonde Hair Colour 1 pack",
    "COL Price": 9,
    "COL ppu": "$9.00 per 1Ea",
    "COL Size": "1 pack"
  },
  {
    "Brand_Product_Size": "Red Tractor Paleo Granola Almond Crunch 300g",
    "COL Price": 10,
    "COL ppu": "$3.33 per 100G",
    "COL Size": "300g"
  },
  {
    "Brand_Product_Size": "McKenzie's Chick Pea Flour 330g",
    "COL Price": 3.6,
    "COL ppu": "$10.91 per 1Kg",
    "COL Size": "330g"
  },
  {
    "Brand_Product_Size": "Normandie Mixed Pate Pods 4 pack 200g",
    "COL Price": 6.5,
    "COL ppu": "$3.25 per 100G",
    "COL Size": "200g"
  },
  {
    "Brand_Product_Size": "Natvia Sweetener Granular 300g",
    "COL Price": 6.95,
    "COL ppu": "$2.32 per 100G",
    "COL Size": "300g"
  },
  {
    "Brand_Product_Size": "Suimin Hot & Spicy Noodle Cup 70g",
    "COL Price": 1.2,
    "COL ppu": "$1.71 per 100G",
    "COL Size": "70g"
  },
  {
    "Brand_Product_Size": "Mainland Munchables Tasty Cheese & Crackers 4 pack 120g",
    "COL Price": 6,
    "COL ppu": "",
    "COL Size": "120g"
  },
  {
    "Brand_Product_Size": "Coles Nature's Kitchen Vegetable Lasagne 400g",
    "COL Price": 7,
    "COL ppu": "$1.75 per 100G",
    "COL Size": "400g"
  },
  {
    "Brand_Product_Size": "Twinings Earl Grey Tea Bags 100 pack 200g",
    "COL Price": 5.6,
    "COL ppu": "$0.06 per 1Ea",
    "COL Size": "200g"
  },
  {
    "Brand_Product_Size": "Sanpellegrino Aranciata Rossa Drink Cans 4 pack",
    "COL Price": 6,
    "COL ppu": "$1.50 per 1Ea",
    "COL Size": "4 pack"
  },
  {
    "Brand_Product_Size": "Weis Natives Lemon Myrtel 4 Pack 280mL",
    "COL Price": 7.5,
    "COL ppu": "$2.68 per 100mL",
    "COL Size": "280mL"
  },
  {
    "Brand_Product_Size": "Eastcoast Beverages Pineapple Juice Chilled 2L",
    "COL Price": 4.75,
    "COL ppu": "$2.38 per 1L",
    "COL Size": "2L"
  },
  {
    "Brand_Product_Size": "Dine Cat Food Kitten Tender Chicken 85g",
    "COL Price": 1.15,
    "COL ppu": "$1.35 per 100G",
    "COL Size": "85g"
  },
  {
    "Brand_Product_Size": "Coles Cloves Whole 28g",
    "COL Price": 3.7,
    "COL ppu": "$1.32 per 10G",
    "COL Size": "28g"
  },
  {
    "Brand_Product_Size": "Poppin Butter Microwave Popcorn 100g",
    "COL Price": 1.75,
    "COL ppu": "$1.75 per 100G",
    "COL Size": "100g"
  },
  {
    "Brand_Product_Size": "Mount Franklin Pure Spring Water 500mL 12 pack",
    "COL Price": 9.75,
    "COL ppu": "$1.63 per 1L",
    "COL Size": "12 pack"
  },
  {
    "Brand_Product_Size": "Coles Happy Birthday Candles 5 pack",
    "COL Price": 3,
    "COL ppu": "$0.60 per 1Ea",
    "COL Size": "5 pack"
  },
  {
    "Brand_Product_Size": "Coles Havarti Cheese Slices 200g",
    "COL Price": 3.7,
    "COL ppu": "$18.50 per 1Kg",
    "COL Size": "200g"
  },
  {
    "Brand_Product_Size": "Tassal Smoked Salmon 400g",
    "COL Price": 18,
    "COL ppu": "$45.00 per 1Kg",
    "COL Size": "400g"
  },
  {
    "Brand_Product_Size": "Coles Potatoes Brushed 2kg",
    "COL Price": 5.5,
    "COL ppu": "$2.75 per 1Kg",
    "COL Size": "2kg"
  },
  {
    "Brand_Product_Size": "Kirks Pasito Flavour Drink 1.25L",
    "COL Price": 1.15,
    "COL ppu": "$0.92 per 1L",
    "COL Size": "1.25L"
  },
  {
    "Brand_Product_Size": "Coles Crushed Chilli 230g",
    "COL Price": 2.8,
    "COL ppu": "$0.12 per 10G",
    "COL Size": "230g"
  },
  {
    "Brand_Product_Size": "Ho Mai Frozen Yum Cha Entertainer Pack 1kg",
    "COL Price": 14,
    "COL ppu": "$1.40 per 100G",
    "COL Size": "1kg"
  },
  {
    "Brand_Product_Size": "Old El Paso Regular Tortillas Burrito 10 pack 400g",
    "COL Price": 4.3,
    "COL ppu": "$1.08 per 100G",
    "COL Size": "400g"
  },
  {
    "Brand_Product_Size": "Nexba Mixed Berry Kombucha Drink 1L",
    "COL Price": 6.2,
    "COL ppu": "$6.20 per 1L",
    "COL Size": "1L"
  },
  {
    "Brand_Product_Size": "Continental Value Pack Oriental Fried Rice Serves 5 180g",
    "COL Price": 3,
    "COL ppu": "$1.67 per 100G",
    "COL Size": "180g"
  },
  {
    "Brand_Product_Size": "L'Oreal Magic Retouch Dark Brown 75mL",
    "COL Price": 12.8,
    "COL ppu": "$17.07 per 100mL",
    "COL Size": "75mL"
  },
  {
    "Brand_Product_Size": "Birds Eye Frozen Cauliflower Rice 500g",
    "COL Price": 4.2,
    "COL ppu": "$8.40 per 1Kg",
    "COL Size": "500g"
  },
  {
    "Brand_Product_Size": "Omo Laundry Liquid Triple Caps Active 17 pack",
    "COL Price": 12,
    "COL ppu": "$0.71 per 1Ea",
    "COL Size": "17 pack"
  },
  {
    "Brand_Product_Size": "West Country Farmhouse Cheddar approx.100g",
    "COL Price": 5,
    "COL ppu": "$50.00 per 1Kg",
    "COL Size": "approx.100g"
  },
  {
    "Brand_Product_Size": "Batiste Summer Fruits & Berries Cherry Dry Shampoo 200mL",
    "COL Price": 10,
    "COL ppu": "$5.00 per 100mL",
    "COL Size": "200mL"
  },
  {
    "Brand_Product_Size": "MasterFoods BBQ Sauce Reduced Salt & Sugar 500mL",
    "COL Price": 2.95,
    "COL ppu": "$0.59 per 100mL",
    "COL Size": "500mL"
  },
  {
    "Brand_Product_Size": "Coles Deli Salad Jumbo Tubs Potato Egg & Bacon Salad Salad each",
    "COL Price": 11,
    "COL ppu": "$11.00 per 1Ea",
    "COL Size": "each"
  },
  {
    "Brand_Product_Size": "Farmers Union Pot Set Natural Yoghurt 200g",
    "COL Price": 2.3,
    "COL ppu": "$1.15 per 100G",
    "COL Size": "200g"
  },
  {
    "Brand_Product_Size": "Mount Franklin Pure Spring Water 1.5L",
    "COL Price": 3,
    "COL ppu": "$2.00 per 1L",
    "COL Size": "1.5L"
  },
  {
    "Brand_Product_Size": "Sostanza Polenta 500g",
    "COL Price": 4,
    "COL ppu": "$8.00 per 1Kg",
    "COL Size": "500g"
  },
  {
    "Brand_Product_Size": "Vaseline Petroleum Jelly Original 50g",
    "COL Price": 3.3,
    "COL ppu": "$6.60 per 100G",
    "COL Size": "50g"
  },
  {
    "Brand_Product_Size": "Coles Avocados Prepacked 5 pack",
    "COL Price": 8.9,
    "COL ppu": "$1.78 per 1Ea",
    "COL Size": "5 pack"
  },
  {
    "Brand_Product_Size": "Green & Black's Salted Caramel Smooth Dark Chocolate 90g",
    "COL Price": 3,
    "COL ppu": "$3.33 per 100G",
    "COL Size": "90g"
  },
  {
    "Brand_Product_Size": "Flora ProActiv Margarine Spread Buttery 250g",
    "COL Price": 4.5,
    "COL ppu": "$1.80 per 100G",
    "COL Size": "250g"
  },
  {
    "Brand_Product_Size": "Woofin Good Chunks In Gravy Chicken Pasta & Veg Dog Food 400g",
    "COL Price": 1.65,
    "COL ppu": "$0.41 per 100G",
    "COL Size": "400g"
  },
  {
    "Brand_Product_Size": "Fyna Sherbert Wizz Fizz Original 8 pack",
    "COL Price": 2,
    "COL ppu": "$0.25 per 1Ea",
    "COL Size": "8 pack"
  },
  {
    "Brand_Product_Size": "Magazine Pocketbook Take 5 Series each",
    "COL Price": 4.5,
    "COL ppu": "$4.50 per 1Ea",
    "COL Size": "each"
  },
  {
    "Brand_Product_Size": "Coles Sandwich Tuna in Olive Oil Blend 95g",
    "COL Price": 0.9,
    "COL ppu": "$9.47 per 1Kg",
    "COL Size": "95g"
  },
  {
    "Brand_Product_Size": "Elevate Dry Cat Food Healthy Weight Chicken 800g",
    "COL Price": 14,
    "COL ppu": "$1.75 per 100G",
    "COL Size": "800g"
  },
  {
    "Brand_Product_Size": "Lotus Biscoff Spread 400g",
    "COL Price": 5.5,
    "COL ppu": "$1.38 per 100G",
    "COL Size": "400g"
  },
  {
    "Brand_Product_Size": "Coles Granny Smith Apples Prepacked 1kg",
    "COL Price": 4,
    "COL ppu": "$4.00 per 1Kg",
    "COL Size": "1kg"
  },
  {
    "Brand_Product_Size": "Coles Finest Spicy Salami Pizza 370g",
    "COL Price": 5,
    "COL ppu": "$1.35 per 100G",
    "COL Size": "370g"
  },
  {
    "Brand_Product_Size": "McKenzie's Pink Rock Salt Grinder 410g",
    "COL Price": 7.5,
    "COL ppu": "$0.18 per 10G",
    "COL Size": "410g"
  },
  {
    "Brand_Product_Size": "Preshafruit Cold Pressed Apple & Raspberry Juice Chilled 1L",
    "COL Price": 5,
    "COL ppu": "$5.00 per 1L",
    "COL Size": "1L"
  },
  {
    "Brand_Product_Size": "Ben & Jerry's Strawberry Cheesecake Ice Cream 458mL",
    "COL Price": 8,
    "COL ppu": "$1.75 per 100mL",
    "COL Size": "458mL"
  },
  {
    "Brand_Product_Size": "Nestle Smarties Chocolate 11 Piece Fun Pack 140g",
    "COL Price": 3,
    "COL ppu": "$2.14 per 100G",
    "COL Size": "140g"
  },
  {
    "Brand_Product_Size": "Poulings Sliced Pork 290g",
    "COL Price": 7.5,
    "COL ppu": "$2.59 per 100G",
    "COL Size": "290g"
  },
  {
    "Brand_Product_Size": "Vitapet Chicken Wrapped Rawhide Mini Bones 7 pack",
    "COL Price": 9.35,
    "COL ppu": "$1.34 per 1Ea",
    "COL Size": "7 pack"
  },
  {
    "Brand_Product_Size": "Coles Slivered Almond 150g",
    "COL Price": 3.85,
    "COL ppu": "$25.67 per 1Kg",
    "COL Size": "150g"
  },
  {
    "Brand_Product_Size": "Cook & Dine Food Containers 950mL 4 pack",
    "COL Price": 2,
    "COL ppu": "$0.50 per 1Ea",
    "COL Size": "4 pack"
  },
  {
    "Brand_Product_Size": "Coles Rainbow Mallows 100g",
    "COL Price": 2,
    "COL ppu": "$2.00 per 100G",
    "COL Size": "100g"
  },
  {
    "Brand_Product_Size": "Coles Four Bean Mix 420g",
    "COL Price": 0.8,
    "COL ppu": "$0.19 per 100G",
    "COL Size": "420g"
  },
  {
    "Brand_Product_Size": "Birds Eye Frozen Atlantic Salmon Fillets With Lemon 260g",
    "COL Price": 12.5,
    "COL ppu": "$48.08 per 1Kg",
    "COL Size": "260g"
  },
  {
    "Brand_Product_Size": "Coles Butter Croissants 4 pack 168g",
    "COL Price": 2.5,
    "COL ppu": "$1.49 per 100G",
    "COL Size": "168g"
  },
  {
    "Brand_Product_Size": "Duracell Coppertop AA Batteries 24 pack",
    "COL Price": 19.9,
    "COL ppu": "$0.83 per 1Ea",
    "COL Size": "24 pack"
  },
  {
    "Brand_Product_Size": "Coles Finest By Laurent Rye Sourdough Vienna each",
    "COL Price": 6,
    "COL ppu": "$6.00 per 1Ea",
    "COL Size": "each"
  },
  {
    "Brand_Product_Size": "Curash Anti Rash Baby Powder 100g",
    "COL Price": 5.8,
    "COL ppu": "$5.80 per 100G",
    "COL Size": "100g"
  },
  {
    "Brand_Product_Size": "Coles Red Velvet Cake 400g",
    "COL Price": 7,
    "COL ppu": "$1.75 per 100G",
    "COL Size": "400g"
  },
  {
    "Brand_Product_Size": "Coles Finest Dark Caramel Sea Salt Belgian Block 100g",
    "COL Price": 2.5,
    "COL ppu": "$2.50 per 100G",
    "COL Size": "100g"
  },
  {
    "Brand_Product_Size": "Coles Deli Fresh Squid approx. 250g each",
    "COL Price": 3.75,
    "COL ppu": "$15.00 per 1Kg",
    "COL Size": "approx. 250g each"
  },
  {
    "Brand_Product_Size": "Helga's Gluten Free 5 Seeds Bread 500g",
    "COL Price": 7,
    "COL ppu": "$1.40 per 100G",
    "COL Size": "500g"
  },
  {
    "Brand_Product_Size": "Cutex Nourishing Nail Polish Remover 100mL",
    "COL Price": 4.8,
    "COL ppu": "$0.48 per 10mL",
    "COL Size": "100mL"
  },
  {
    "Brand_Product_Size": "Robert Timms Premium Full Bodied Granulated Coffee 200g",
    "COL Price": 8,
    "COL ppu": "$4.00 per 100G",
    "COL Size": "200g"
  },
  {
    "Brand_Product_Size": "Legado Jamon Iberico De Cebo Block approx. 2kg",
    "COL Price": 198,
    "COL ppu": "$99.00 per 1Kg",
    "COL Size": "approx. 2kg"
  },
  {
    "Brand_Product_Size": "Coles Deli Express Chicken Pate With Black Pepper 120g",
    "COL Price": 5,
    "COL ppu": "$4.17 per 100G",
    "COL Size": "120g"
  },
  {
    "Brand_Product_Size": "Coles Irresistible Cookies & Cream Ice Cream Tub 1L",
    "COL Price": 5,
    "COL ppu": "$0.50 per 100mL",
    "COL Size": "1L"
  },
  {
    "Brand_Product_Size": "Jordans Crunchy Oat Granola Extremely Nutty 500g",
    "COL Price": 3.5,
    "COL ppu": "$0.70 per 100G",
    "COL Size": "500g"
  },
  {
    "Brand_Product_Size": "COYO Organic Probiotic Coconut Milk Yoghurt Mixed Berry 500g",
    "COL Price": 8,
    "COL ppu": "$1.60 per 100G",
    "COL Size": "500g"
  },
  {
    "Brand_Product_Size": "Mother's Day Can Cooler each",
    "COL Price": 4,
    "COL ppu": "$4.00 per 1Ea",
    "COL Size": "each"
  },
  {
    "Brand_Product_Size": "Coles Minestrone Soup Kit 500g",
    "COL Price": 5,
    "COL ppu": "$10.00 per 1Kg",
    "COL Size": "500g"
  },
  {
    "Brand_Product_Size": "Eskal Rice Noodles Sticks Medium 400g",
    "COL Price": 2.95,
    "COL ppu": "$0.74 per 100G",
    "COL Size": "400g"
  },
  {
    "Brand_Product_Size": "Carman's Original Fruit Free Muesli Bars 540g",
    "COL Price": 9,
    "COL ppu": "$1.67 per 100G",
    "COL Size": "540g"
  },
  {
    "Brand_Product_Size": "Coles Sweet Symphony Platter each",
    "COL Price": 35,
    "COL ppu": "$35.00 per 1Ea",
    "COL Size": "each"
  },
  {
    "Brand_Product_Size": "Nad's Hypoallergenic Facial Wax Strips 20 pack",
    "COL Price": 10.5,
    "COL ppu": "$0.53 per 1Ea",
    "COL Size": "20 pack"
  },
  {
    "Brand_Product_Size": "Coles Frozen Crumbed Lemon White Fish Fillets 6 pack 425g",
    "COL Price": 4.6,
    "COL ppu": "$10.82 per 1Kg",
    "COL Size": "425g"
  },
  {
    "Brand_Product_Size": "Coles Bakery Stone Baked By Laurent Mini White Sourdough Vienna each",
    "COL Price": 2.85,
    "COL ppu": "$2.85 per 1Ea",
    "COL Size": "each"
  },
  {
    "Brand_Product_Size": "Coles Green Capsicum Loose approx. 250g each",
    "COL Price": 1.725,
    "COL ppu": "$6.90 per 1Kg",
    "COL Size": "approx. 250g each"
  },
  {
    "Brand_Product_Size": "John West Tempters Natural Smoke Flavour Tuna 95g",
    "COL Price": 2.3,
    "COL ppu": "$24.21 per 1Kg",
    "COL Size": "95g"
  },
  {
    "Brand_Product_Size": "Madura Premium Blend Black Leaf Tea 200g",
    "COL Price": 5.35,
    "COL ppu": "$2.68 per 100G",
    "COL Size": "200g"
  },
  {
    "Brand_Product_Size": "Dilmah Infusions Rooibos Tea With Maringa Chilli Cocoa & Cardamom 20 pack",
    "COL Price": 2,
    "COL ppu": "$0.10 per 1Ea",
    "COL Size": "20 pack"
  },
  {
    "Brand_Product_Size": "Clairol Nice N Easy Repair 9B Light Beige Blonde Hair Colour 177mL",
    "COL Price": 11,
    "COL ppu": "$6.21 per 100mL",
    "COL Size": "177mL"
  },
  {
    "Brand_Product_Size": "Harris Coffee Filter Papers 10-12 Cup Size 4 1 pack",
    "COL Price": 2.2,
    "COL ppu": "$0.06 per 1Ea",
    "COL Size": "1 pack"
  },
  {
    "Brand_Product_Size": "Energizer Power Bank 2500MAH each",
    "COL Price": 20,
    "COL ppu": "$20.00 per 1Ea",
    "COL Size": "each"
  },
  {
    "Brand_Product_Size": "Bragg Nutritional Yeast Seasoning 127g",
    "COL Price": 13.2,
    "COL ppu": "$10.39 per 100G",
    "COL Size": "127g"
  },
  {
    "Brand_Product_Size": "Aptamil Gold 1 Formula Starter 900g",
    "COL Price": 24.8,
    "COL ppu": "$2.76 per 100G",
    "COL Size": "900g"
  },
  {
    "Brand_Product_Size": "Yum Yum Instant Noodles Spicy Seafood 350g",
    "COL Price": 3.5,
    "COL ppu": "$1.00 per 100G",
    "COL Size": "350g"
  },
  {
    "Brand_Product_Size": "Snider Egg Farfel No 1 Carmel Noodles 250g",
    "COL Price": 2.85,
    "COL ppu": "$1.14 per 100G",
    "COL Size": "250g"
  },
  {
    "Brand_Product_Size": "Huggies Dry Nites Pyjama Pants For Boys 2-4 Years 11 pack",
    "COL Price": 12,
    "COL ppu": "$1.09 per 1Ea",
    "COL Size": "11 pack"
  },
  {
    "Brand_Product_Size": "Continental French Onion Salt Reduced Soup Serves 4 35g",
    "COL Price": 0.95,
    "COL ppu": "$2.71 per 100G",
    "COL Size": "35g"
  },
  {
    "Brand_Product_Size": "Coles Pro Interdental Brushes Iso 2 Medium 10 pack",
    "COL Price": 3.75,
    "COL ppu": "",
    "COL Size": "10 pack"
  },
  {
    "Brand_Product_Size": "Red Tractor Paleo Granola Cashew Hemp 300g",
    "COL Price": 10,
    "COL ppu": "$3.33 per 100G",
    "COL Size": "300g"
  },
  {
    "Brand_Product_Size": "Cook & Dine Premium Induction Frypan 24 each",
    "COL Price": 18,
    "COL ppu": "$0.75 per 1Ea",
    "COL Size": "24 each"
  },
  {
    "Brand_Product_Size": "Bosisto's Antibacterial Solution 250mL",
    "COL Price": 9,
    "COL ppu": "$3.60 per 100mL",
    "COL Size": "250mL"
  },
  {
    "Brand_Product_Size": "Queen Ready To Roll Icing 5pk 625g",
    "COL Price": 8.5,
    "COL ppu": "$1.36 per 100G",
    "COL Size": "625g"
  },
  {
    "Brand_Product_Size": "Garlos Spinach & Feta Roll 180g",
    "COL Price": 4,
    "COL ppu": "$2.22 per 100G",
    "COL Size": "180g"
  },
  {
    "Brand_Product_Size": "Ice Break Bold Espresso Real Coffee 750mL",
    "COL Price": 4.15,
    "COL ppu": "$5.53 per 1L",
    "COL Size": "750mL"
  },
  {
    "Brand_Product_Size": "Gillette Skin Guard Sensitive 4 Blade Refills 1 pack",
    "COL Price": 27.9,
    "COL ppu": "$27.90 per 1Ea",
    "COL Size": "1 pack"
  },
  {
    "Brand_Product_Size": "The Spice Tailor Keralan Coconut Curry 225g",
    "COL Price": 5.5,
    "COL ppu": "$2.44 per 100G",
    "COL Size": "225g"
  },
  {
    "Brand_Product_Size": "Coles Organic Tapioca Flour 500g",
    "COL Price": 5,
    "COL ppu": "$1.00 per 100G",
    "COL Size": "500g"
  },
  {
    "Brand_Product_Size": "Always Fresh Roasted Pepper Strips 310g",
    "COL Price": 4.5,
    "COL ppu": "$14.52 per 1Kg",
    "COL Size": "310g"
  },
  {
    "Brand_Product_Size": "Arnott's Tim Tam Crafted Coffee & Chocolate Biscuits 160g",
    "COL Price": 4,
    "COL ppu": "$2.50 per 100G",
    "COL Size": "160g"
  },
  {
    "Brand_Product_Size": "Coles Belgian Chocolate Gateau 800g",
    "COL Price": 16,
    "COL ppu": "$2.00 per 100G",
    "COL Size": "800g"
  },
  {
    "Brand_Product_Size": "Durex Fetherlite Ultra Extra Lube Condoms 10 pack",
    "COL Price": 10,
    "COL ppu": "$1.00 per 1Ea",
    "COL Size": "10 pack"
  },
  {
    "Brand_Product_Size": "Harpic White & Shine Bleach Toilet Cistern Block 2 pack 100g",
    "COL Price": 3.7,
    "COL ppu": "$3.70 per 100G",
    "COL Size": "100g"
  },
  {
    "Brand_Product_Size": "Coles Finest By Laurent Charcoal Brioche Burger Buns 2 pack",
    "COL Price": 2.7,
    "COL ppu": "$1.35 per 1Ea",
    "COL Size": "2 pack"
  },
  {
    "Brand_Product_Size": "Cobs Sweet & Salty Gluten Free Popcorn 120g",
    "COL Price": 2.85,
    "COL ppu": "$2.38 per 100G",
    "COL Size": "120g"
  },
  {
    "Brand_Product_Size": "A2 Platinum Premium Stage 1 Infant Formula 900g",
    "COL Price": 38,
    "COL ppu": "$4.22 per 100G",
    "COL Size": "900g"
  },
  {
    "Brand_Product_Size": "Blue Ribbon Classic Neapolitan Ice Cream Tub 2L",
    "COL Price": 4.9,
    "COL ppu": "$0.25 per 100mL",
    "COL Size": "2L"
  },
  {
    "Brand_Product_Size": "Sard Wonder Stain Remover 1.8kg",
    "COL Price": 9.5,
    "COL ppu": "$5.28 per 1Kg",
    "COL Size": "1.8kg"
  },
  {
    "Brand_Product_Size": "Twinings English Breakfast Tea Bags 100 pack 200g",
    "COL Price": 5.6,
    "COL ppu": "$0.06 per 1Ea",
    "COL Size": "200g"
  },
  {
    "Brand_Product_Size": "Golden Swan Plain Halva 400g",
    "COL Price": 5,
    "COL ppu": "$1.25 per 100G",
    "COL Size": "400g"
  },
  {
    "Brand_Product_Size": "Arnott's Tiny Teddy Hundreds & Thousands Biscuits 8 pack 184g",
    "COL Price": 3,
    "COL ppu": "$1.63 per 100G",
    "COL Size": "184g"
  },
  {
    "Brand_Product_Size": "L'Oreal Infallible Matte Found Rose Beige 35mL",
    "COL Price": 21,
    "COL ppu": "$6.00 per 10mL",
    "COL Size": "35mL"
  },
  {
    "Brand_Product_Size": "Revlon Volumazing Blackest Black Mascara 9mL 1 pack",
    "COL Price": 20,
    "COL ppu": "$20.00 per 1Ea",
    "COL Size": "1 pack"
  },
  {
    "Brand_Product_Size": "Scunci Elastics Super Stretch 20 pack",
    "COL Price": 10,
    "COL ppu": "$0.50 per 1Ea",
    "COL Size": "20 pack"
  },
  {
    "Brand_Product_Size": "Toolworx 8 Inch Wrench 1 pack",
    "COL Price": 8.25,
    "COL ppu": "$8.25 per 1Ea",
    "COL Size": "1 pack"
  },
  {
    "Brand_Product_Size": "Kiddylicious Veggie Straws Sour Cream & Chive Flavour 15g",
    "COL Price": 1.8,
    "COL ppu": "$12.00 per 100G",
    "COL Size": "15g"
  },
  {
    "Brand_Product_Size": "Crayola Jumbo Crayons 12 pack",
    "COL Price": 9.5,
    "COL ppu": "$0.79 per 1Ea",
    "COL Size": "12 pack"
  },
  {
    "Brand_Product_Size": "Nature's Way Beauty Collagen Choc Balls 30 pack",
    "COL Price": 20,
    "COL ppu": "$0.67 per 1Ea",
    "COL Size": "30 pack"
  },
  {
    "Brand_Product_Size": "Primo Gluten Free Bacon Style Pieces 2 Pack 300g",
    "COL Price": 5,
    "COL ppu": "$16.67 per 1Kg",
    "COL Size": "300g"
  },
  {
    "Brand_Product_Size": "Neutrogena Hydro Boost Gel Cream 50g",
    "COL Price": 27,
    "COL ppu": "$5.40 per 10G",
    "COL Size": "50g"
  },
  {
    "Brand_Product_Size": "Calbee Harvest Snaps Baked Pea Crisps Salted 93g",
    "COL Price": 2.5,
    "COL ppu": "$2.69 per 100G",
    "COL Size": "93g"
  },
  {
    "Brand_Product_Size": "Coles No Added Hormone Beef Rib Eye Steak approx. 383g",
    "COL Price": 13.022,
    "COL ppu": "$34.00 per 1Kg",
    "COL Size": "approx. 383g"
  },
  {
    "Brand_Product_Size": "Carman's Ancient Grain & Cracked Pepper Super Seed & Grain Crackers 80g",
    "COL Price": 3,
    "COL ppu": "$3.75 per 100G",
    "COL Size": "80g"
  },
  {
    "Brand_Product_Size": "Toolworx Plunger 1 pack",
    "COL Price": 3.75,
    "COL ppu": "$3.75 per 1Ea",
    "COL Size": "1 pack"
  },
  {
    "Brand_Product_Size": "Hot Kids Want Want Rice Crackers Shelly Senbei 150g",
    "COL Price": 3.3,
    "COL ppu": "$2.20 per 100G",
    "COL Size": "150g"
  },
  {
    "Brand_Product_Size": "Roar Protein Mild Salami Cashews & Cheese 70g",
    "COL Price": 5,
    "COL ppu": "$7.14 per 100G",
    "COL Size": "70g"
  },
  {
    "Brand_Product_Size": "Blackwood Lane Marzipan Icing 250g",
    "COL Price": 4.85,
    "COL ppu": "$1.94 per 100G",
    "COL Size": "250g"
  },
  {
    "Brand_Product_Size": "Nice & Natural Raspberry & Blueberry Fruit Strings 136g",
    "COL Price": 4,
    "COL ppu": "$2.94 per 100G",
    "COL Size": "136g"
  },
  {
    "Brand_Product_Size": "Bonne Maman Blackberry Jam 370g",
    "COL Price": 5.2,
    "COL ppu": "$1.41 per 100G",
    "COL Size": "370g"
  },
  {
    "Brand_Product_Size": "Pureharvest Natural Rice Malt Syrup 500g",
    "COL Price": 3.8,
    "COL ppu": "$0.76 per 100G",
    "COL Size": "500g"
  },
  {
    "Brand_Product_Size": "Revlon Photoready Candid Foundation Sand Beige 220 22mL",
    "COL Price": 25,
    "COL ppu": "$113.64 per 100mL",
    "COL Size": "22mL"
  },
  {
    "Brand_Product_Size": "Streets Paddle Pop Chocolate 544mL",
    "COL Price": 7,
    "COL ppu": "$1.29 per 100mL",
    "COL Size": "544mL"
  },
  {
    "Brand_Product_Size": "Twinings Herbal Infusions Live Well Defence 18 pack",
    "COL Price": 6.5,
    "COL ppu": "$0.36 per 1Ea",
    "COL Size": "18 pack"
  },
  {
    "Brand_Product_Size": "Swisse Ultiboost Odorless Fish Oil 1000mg 200 pack",
    "COL Price": 11.5,
    "COL ppu": "$0.06 per 1Ea",
    "COL Size": "200 pack"
  },
  {
    "Brand_Product_Size": "Ratsak One Shot Bait Throw Packs 100g",
    "COL Price": 6.85,
    "COL ppu": "$6.85 per 100G",
    "COL Size": "100g"
  },
  {
    "Brand_Product_Size": "Coles Ultra Mould Killer 500mL",
    "COL Price": 2.95,
    "COL ppu": "$0.59 per 100mL",
    "COL Size": "500mL"
  },
  {
    "Brand_Product_Size": "Cenovis Co-Enzyme Q10 150mg Capsules 30 pack",
    "COL Price": 21,
    "COL ppu": "$0.70 per 1Ea",
    "COL Size": "30 pack"
  },
  {
    "Brand_Product_Size": "Coles Tasty Cheese Bites & Garlic Chilli Olives 45g",
    "COL Price": 2,
    "COL ppu": "",
    "COL Size": "45g"
  },
  {
    "Brand_Product_Size": "Nerada Cup Or Pot Tea Bags 200 pack 400g",
    "COL Price": 5.3,
    "COL ppu": "$1.33 per 100G",
    "COL Size": "400g"
  },
  {
    "Brand_Product_Size": "Only Organic Banana Berries & Yoghurt Brekkie Baby Food Pouch 8+ Months 120g",
    "COL Price": 2,
    "COL ppu": "$1.67 per 100G",
    "COL Size": "120g"
  },
  {
    "Brand_Product_Size": "Coles Coffee Whitener Regular 500g",
    "COL Price": 3.2,
    "COL ppu": "$0.64 per 100G",
    "COL Size": "500g"
  },
  {
    "Brand_Product_Size": "Robert Timms Decaffeinated Coffee Bags 18 pack 105g",
    "COL Price": 7.3,
    "COL ppu": "$6.95 per 100G",
    "COL Size": "105g"
  },
  {
    "Brand_Product_Size": "Hoyts Whole Coriander Seeds 25g",
    "COL Price": 1.3,
    "COL ppu": "$0.52 per 10G",
    "COL Size": "25g"
  },
  {
    "Brand_Product_Size": "Chicken Tonight Pub Favourites Chicken Kiev 500g",
    "COL Price": 2.5,
    "COL ppu": "$0.50 per 100G",
    "COL Size": "500g"
  },
  {
    "Brand_Product_Size": "Coles Kitchen Balanced Beef & Bean Burrito Bowl 350g",
    "COL Price": 7.5,
    "COL ppu": "$2.14 per 100G",
    "COL Size": "350g"
  },
  {
    "Brand_Product_Size": "Kirks Sugar Free Lemon Squash Multipack Cans 375 mL 10 pack",
    "COL Price": 6.2,
    "COL ppu": "$1.65 per 1L",
    "COL Size": "10 pack"
  },
  {
    "Brand_Product_Size": "Steggles Southwest Chicken Pops 350g",
    "COL Price": 7.5,
    "COL ppu": "$21.43 per 1Kg",
    "COL Size": "350g"
  },
  {
    "Brand_Product_Size": "Patties Frozen Party Sausage Rolls 12 pack 450g",
    "COL Price": 8.5,
    "COL ppu": "$1.89 per 100G",
    "COL Size": "450g"
  },
  {
    "Brand_Product_Size": "Tresemme Violet Blonde Shine Shampoo 675mL",
    "COL Price": 9,
    "COL ppu": "$1.33 per 100mL",
    "COL Size": "675mL"
  },
  {
    "Brand_Product_Size": "Centrum Multivitamin Chewable Tablets Kids 60 pack",
    "COL Price": 10,
    "COL ppu": "$16.67 per 100Ea",
    "COL Size": "60 pack"
  },
  {
    "Brand_Product_Size": "Only Organic Yoghurt Rice Cakes 30g",
    "COL Price": 3.3,
    "COL ppu": "$11.00 per 100G",
    "COL Size": "30g"
  },
  {
    "Brand_Product_Size": "Sakata Wholegrain Original Rice Crackers 90g",
    "COL Price": 2,
    "COL ppu": "$2.22 per 100G",
    "COL Size": "90g"
  },
  {
    "Brand_Product_Size": "Gourmet Garden Lightly Dried Chives 4g",
    "COL Price": 3.5,
    "COL ppu": "$8.75 per 10G",
    "COL Size": "4g"
  },
  {
    "Brand_Product_Size": "Air Wick Air Freshener Spray Sparkling Citrus 237g",
    "COL Price": 2.8,
    "COL ppu": "$1.18 per 100G",
    "COL Size": "237g"
  },
  {
    "Brand_Product_Size": "Continental Devilled Sausages Recipe Base Serves 4 40g",
    "COL Price": 1.6,
    "COL ppu": "$4.00 per 100G",
    "COL Size": "40g"
  },
  {
    "Brand_Product_Size": "CC's Original Corn Chips 175g",
    "COL Price": 3.5,
    "COL ppu": "$2.00 per 100G",
    "COL Size": "175g"
  },
  {
    "Brand_Product_Size": "Primo Saveloys 750g",
    "COL Price": 6.5,
    "COL ppu": "$8.67 per 1Kg",
    "COL Size": "750g"
  },
  {
    "Brand_Product_Size": "Coles Red Oak Lettuce each",
    "COL Price": 2,
    "COL ppu": "$2.00 per 1Ea",
    "COL Size": "each"
  },
  {
    "Brand_Product_Size": "Crisco Vegetable Oil Blended 750mL",
    "COL Price": 3.8,
    "COL ppu": "$0.51 per 100mL",
    "COL Size": "750mL"
  },
  {
    "Brand_Product_Size": "L'Oreal Age Perfect Intense Nutrition Night Cream 50mL",
    "COL Price": 24.5,
    "COL ppu": "$49.00 per 100mL",
    "COL Size": "50mL"
  },
  {
    "Brand_Product_Size": "Coles Finest Spanish 12 Month Aged Manchego approx. 100g",
    "COL Price": 5,
    "COL ppu": "$50.00 per 1Kg",
    "COL Size": "approx. 100g"
  },
  {
    "Brand_Product_Size": "Coles Kitchen Rich Beef Pie 700g",
    "COL Price": 13.5,
    "COL ppu": "$1.93 per 100G",
    "COL Size": "700g"
  },
  {
    "Brand_Product_Size": "Cadbury Caramels 160g",
    "COL Price": 4,
    "COL ppu": "$2.50 per 100G",
    "COL Size": "160g"
  },
  {
    "Brand_Product_Size": "Steggles Frozen Salt & Pepper Chicken Breast Fingers 400g",
    "COL Price": 8.5,
    "COL ppu": "$21.25 per 1Kg",
    "COL Size": "400g"
  },
  {
    "Brand_Product_Size": "Pattu Coriander Powder 200g",
    "COL Price": 2.2,
    "COL ppu": "$1.10 per 100G",
    "COL Size": "200g"
  },
  {
    "Brand_Product_Size": "Provedore Garlic & Fennel Salami 100g",
    "COL Price": 6,
    "COL ppu": "$60.00 per 1Kg",
    "COL Size": "100g"
  },
  {
    "Brand_Product_Size": "Coles Choc Sprinkles 250g",
    "COL Price": 4.5,
    "COL ppu": "$0.18 per 10G",
    "COL Size": "250g"
  },
  {
    "Brand_Product_Size": "CC's Original Corn Chips 175g",
    "COL Price": 3.5,
    "COL ppu": "$2.00 per 100G",
    "COL Size": "175g"
  },
  {
    "Brand_Product_Size": "Coles Party Candles Spot 16 pack",
    "COL Price": 3,
    "COL ppu": "$0.19 per 1Ea",
    "COL Size": "16 pack"
  },
  {
    "Brand_Product_Size": "Kantong Honey Soy And Garlic Cooking Sauce 175g",
    "COL Price": 2.9,
    "COL ppu": "$1.66 per 100G",
    "COL Size": "175g"
  },
  {
    "Brand_Product_Size": "Huggies Infant Size 2 Unisex 48 Nappies Bulk Pack 1 pack",
    "COL Price": 13,
    "COL ppu": "$13.00 per 1Ea",
    "COL Size": "1 pack"
  },
  {
    "Brand_Product_Size": "Coles Parsley Flakes 8g",
    "COL Price": 1.6,
    "COL ppu": "$2.00 per 10G",
    "COL Size": "8g"
  },
  {
    "Brand_Product_Size": "Farmers Union Greek Style Natural Yoghurt 500g",
    "COL Price": 3.5,
    "COL ppu": "$0.70 per 100G",
    "COL Size": "500g"
  },
  {
    "Brand_Product_Size": "Ogx Turmeric Golden Milk Shampoo 385mL",
    "COL Price": 20,
    "COL ppu": "$5.19 per 100mL",
    "COL Size": "385mL"
  },
  {
    "Brand_Product_Size": "Olympian Vanilla Twists Koulourakia Greek Biscuits 250g",
    "COL Price": 3.5,
    "COL ppu": "$1.40 per 100G",
    "COL Size": "250g"
  },
  {
    "Brand_Product_Size": "Balconi Mix Milk Cakes 350g",
    "COL Price": 5.5,
    "COL ppu": "$1.57 per 100G",
    "COL Size": "350g"
  },
  {
    "Brand_Product_Size": "Primo DX Thin Frankfurt 1 kg",
    "COL Price": 6.5,
    "COL ppu": "$6.50 per 1Kg",
    "COL Size": "1 kg"
  },
  {
    "Brand_Product_Size": "Cadbury Caramel Cake Bars 105g",
    "COL Price": 3.75,
    "COL ppu": "$3.57 per 100G",
    "COL Size": "105g"
  },
  {
    "Brand_Product_Size": "Fancy Feast Classic Chicken Feast with Gravy Canned Cat Food 85g",
    "COL Price": 1.45,
    "COL ppu": "$1.71 per 100G",
    "COL Size": "85g"
  },
  {
    "Brand_Product_Size": "Coles Chicken Stock Cubes 21 pack 105g",
    "COL Price": 2,
    "COL ppu": "$0.19 per 10G",
    "COL Size": "105g"
  },
  {
    "Brand_Product_Size": "Hask Tea Tree Oil & Rosemary Invigorating Conditioner 355mL",
    "COL Price": 15,
    "COL ppu": "$4.23 per 100mL",
    "COL Size": "355mL"
  },
  {
    "Brand_Product_Size": "Fix & Go Supa Glue Brush 5mL",
    "COL Price": 6.9,
    "COL ppu": "$1.38 per 1G",
    "COL Size": "5mL"
  },
  {
    "Brand_Product_Size": "BIC Cristal Easy Glide Assorted Pens 10 Pieces 1 pack",
    "COL Price": 4,
    "COL ppu": "$4.00 per 1Ea",
    "COL Size": "1 pack"
  },
  {
    "Brand_Product_Size": "Lavazza Tierra Planet Coffee Beans 500g",
    "COL Price": 18,
    "COL ppu": "$3.60 per 100G",
    "COL Size": "500g"
  },
  {
    "Brand_Product_Size": "Colgate Total Charcoal Deep Clean Multi Benefit Toothpaste 115g",
    "COL Price": 5.5,
    "COL ppu": "$4.78 per 100G",
    "COL Size": "115g"
  },
  {
    "Brand_Product_Size": "Bega Original Cream Cheese Spread 250g",
    "COL Price": 3.8,
    "COL ppu": "$15.20 per 1Kg",
    "COL Size": "250g"
  },
  {
    "Brand_Product_Size": "OBAP Sweet Potato Noodles 100g",
    "COL Price": 1.55,
    "COL ppu": "$1.55 per 100G",
    "COL Size": "100g"
  },
  {
    "Brand_Product_Size": "Oral-B Power Vitality Kids Starwars Toothbrush 1 pack",
    "COL Price": 22.5,
    "COL ppu": "$22.50 per 1Ea",
    "COL Size": "1 pack"
  },
  {
    "Brand_Product_Size": "Green's Traditional Golden Butter Cake Mix 440g",
    "COL Price": 2.75,
    "COL ppu": "$0.63 per 100G",
    "COL Size": "440g"
  },
  {
    "Brand_Product_Size": "Mr Kipling Unicorn Fancies 8 Pack 205g",
    "COL Price": 3,
    "COL ppu": "$1.46 per 100G",
    "COL Size": "205g"
  },
  {
    "Brand_Product_Size": "Annabel Karmel Meals Spaghetti And Meatballs 200g",
    "COL Price": 4,
    "COL ppu": "$2.00 per 100G",
    "COL Size": "200g"
  },
  {
    "Brand_Product_Size": "Bundaberg Diet Ginger Beer Multipack Bottles 375mL 4 pack",
    "COL Price": 6.35,
    "COL ppu": "$4.23 per 1L",
    "COL Size": "4 pack"
  },
  {
    "Brand_Product_Size": "Coles Chai Latte 10 Sachets 250g",
    "COL Price": 3.25,
    "COL ppu": "$1.30 per 100G",
    "COL Size": "250g"
  },
  {
    "Brand_Product_Size": "Coles Pizza Base Tomato 2 pack 560g",
    "COL Price": 4.5,
    "COL ppu": "$0.80 per 100G",
    "COL Size": "560g"
  },
  {
    "Brand_Product_Size": "Poppin Triple Butter Microwave Popcorn 400g",
    "COL Price": 4,
    "COL ppu": "$1.00 per 100G",
    "COL Size": "400g"
  },
  {
    "Brand_Product_Size": "Coles Chestnuts approx. 200g",
    "COL Price": 1.98,
    "COL ppu": "$9.90 per 1Kg",
    "COL Size": "approx. 200g"
  },
  {
    "Brand_Product_Size": "Amoy Dark Soy Sauce 500mL",
    "COL Price": 5.9,
    "COL ppu": "$1.18 per 100mL",
    "COL Size": "500mL"
  },
  {
    "Brand_Product_Size": "Coles Garlic Bread Twin Pack 450g",
    "COL Price": 1.9,
    "COL ppu": "$0.42 per 100G",
    "COL Size": "450g"
  },
  {
    "Brand_Product_Size": "Coca-Cola Classic No Sugar Coke Multipack Mini Cans 250mL 20 pack",
    "COL Price": 21.6,
    "COL ppu": "$4.32 per 1L",
    "COL Size": "20 pack"
  },
  {
    "Brand_Product_Size": "Sabco Latex Gloves 100 pack",
    "COL Price": 16,
    "COL ppu": "$0.16 per 1Ea",
    "COL Size": "100 pack"
  },
  {
    "Brand_Product_Size": "Loacker Gardena Hazelnut Wafer 200g",
    "COL Price": 2.5,
    "COL ppu": "$1.25 per 100G",
    "COL Size": "200g"
  },
  {
    "Brand_Product_Size": "Coles Meat Servery Free Range Chicken Shaslick each",
    "COL Price": 3,
    "COL ppu": "$3.00 per 1Ea",
    "COL Size": "each"
  },
  {
    "Brand_Product_Size": "Angas Park Dried Soft & Juicy Apricots 225g",
    "COL Price": 7,
    "COL ppu": "$31.11 per 1Kg",
    "COL Size": "225g"
  },
  {
    "Brand_Product_Size": "Huggies Fragrance Free 80 Baby Wipes 1 pack",
    "COL Price": 3.5,
    "COL ppu": "$4.38 per 100Ea",
    "COL Size": "1 pack"
  },
  {
    "Brand_Product_Size": "Wd-40 Low Odor 255g",
    "COL Price": 6.5,
    "COL ppu": "$2.55 per 100G",
    "COL Size": "255g"
  },
  {
    "Brand_Product_Size": "Continental Kosher Butchers Garlic Wurst 200g",
    "COL Price": 8.75,
    "COL ppu": "$43.75 per 1Kg",
    "COL Size": "200g"
  },
  {
    "Brand_Product_Size": "Smiths Crinkle Sausage Sizzle Potato Chips 150g",
    "COL Price": 3.5,
    "COL ppu": "$2.33 per 100G",
    "COL Size": "150g"
  },
  {
    "Brand_Product_Size": "Elastoplast Hypoallergenic Transparent Spots 24 pack",
    "COL Price": 3.8,
    "COL ppu": "$0.16 per 1Ea",
    "COL Size": "24 pack"
  },
  {
    "Brand_Product_Size": "Scunci Prepare Vent Brush 1 pack",
    "COL Price": 10,
    "COL ppu": "",
    "COL Size": "1 pack"
  },
  {
    "Brand_Product_Size": "Urban Colour Eyeliner Pencil Black 1g",
    "COL Price": 4.5,
    "COL ppu": "$45.00 per 10G",
    "COL Size": "1g"
  },
  {
    "Brand_Product_Size": "Swisse Calcium & Vitamin D Tablets 150 pack",
    "COL Price": 15,
    "COL ppu": "$0.10 per 1Ea",
    "COL Size": "150 pack"
  },
  {
    "Brand_Product_Size": "Sirena Tuna in Springwater 95g",
    "COL Price": 2.7,
    "COL ppu": "$28.42 per 1Kg",
    "COL Size": "95g"
  },
  {
    "Brand_Product_Size": "Nilodor Concentrate Deodorizer 7.5mL",
    "COL Price": 7.5,
    "COL ppu": "$10.00 per 10mL",
    "COL Size": "7.5mL"
  },
  {
    "Brand_Product_Size": "Brunnings Fast Action Weed Kill Ready To Use 1L",
    "COL Price": 11,
    "COL ppu": "$11.00 per 1L",
    "COL Size": "1L"
  },
  {
    "Brand_Product_Size": "Obela Roasted Pine Nut Hommus Dip 220g",
    "COL Price": 4.5,
    "COL ppu": "$2.05 per 100G",
    "COL Size": "220g"
  },
  {
    "Brand_Product_Size": "McCormick Grill Mates Tennessee Smokehouse BBQ Rub 40g",
    "COL Price": 2,
    "COL ppu": "$0.50 per 10G",
    "COL Size": "40g"
  },
  {
    "Brand_Product_Size": "Coles Deli Meredith Dairy Ash Chevre 150g",
    "COL Price": 9,
    "COL ppu": "$60.00 per 1Kg",
    "COL Size": "150g"
  },
  {
    "Brand_Product_Size": "Jif Cream Cleanser Lemon 500mL",
    "COL Price": 4,
    "COL ppu": "$0.80 per 100mL",
    "COL Size": "500mL"
  },
  {
    "Brand_Product_Size": "Palmolive Lime & Mint Foaming Liquid Hand Wash Refill 1L",
    "COL Price": 8.5,
    "COL ppu": "$0.85 per 100mL",
    "COL Size": "1L"
  },
  {
    "Brand_Product_Size": "Australian Botanical Soap Lemongrass & Lemon Myrtle 200g",
    "COL Price": 4,
    "COL ppu": "$2.00 per 100G",
    "COL Size": "200g"
  },
  {
    "Brand_Product_Size": "Natures Goodness Grainfree Nutrition Chicken With Lamb & Garden Vegetables For Adult Dogs 7kg",
    "COL Price": 24,
    "COL ppu": "$0.34 per 100G",
    "COL Size": "7kg"
  },
  {
    "Brand_Product_Size": "Mission Chunky Medium Salsa 300g",
    "COL Price": 4,
    "COL ppu": "$1.33 per 100G",
    "COL Size": "300g"
  },
  {
    "Brand_Product_Size": "Yumi's Gluten Free Classic Sweet Potato & Roasted Cashews Dip 200g",
    "COL Price": 3,
    "COL ppu": "$1.50 per 100G",
    "COL Size": "200g"
  },
  {
    "Brand_Product_Size": "Schwarzkopf Live Brilliance Smouldering Red Hair Colour 1 pack",
    "COL Price": 14.4,
    "COL ppu": "$14.40 per 1Ea",
    "COL Size": "1 pack"
  },
  {
    "Brand_Product_Size": "Coles Durum Wheat Pasta Large Spirals 500g",
    "COL Price": 1,
    "COL ppu": "$0.20 per 100G",
    "COL Size": "500g"
  },
  {
    "Brand_Product_Size": "The Bar Counter Chocolate Cranberry Fudge Bar 40g",
    "COL Price": 2.5,
    "COL ppu": "$6.25 per 100G",
    "COL Size": "40g"
  },
  {
    "Brand_Product_Size": "Bushman Insect Repellent 130g",
    "COL Price": 15.6,
    "COL ppu": "$12.00 per 100G",
    "COL Size": "130g"
  },
  {
    "Brand_Product_Size": "Haagen-Dazs Salted Caramel Ice Cream Tub 457mL",
    "COL Price": 7,
    "COL ppu": "$1.53 per 100mL",
    "COL Size": "457mL"
  },
  {
    "Brand_Product_Size": "Pureharvest Natural Rice Malt Syrup 500g",
    "COL Price": 3.8,
    "COL ppu": "$0.76 per 100G",
    "COL Size": "500g"
  },
  {
    "Brand_Product_Size": "Masterfoods Cauliflower Mac & Cheese Cooking Sauce 490g",
    "COL Price": 3.7,
    "COL ppu": "$0.76 per 100G",
    "COL Size": "490g"
  },
  {
    "Brand_Product_Size": "Sistema Plus Rectangle Containers 1.15 Litre 2 pack",
    "COL Price": 4.75,
    "COL ppu": "$2.38 per 1Ea",
    "COL Size": "2 pack"
  },
  {
    "Brand_Product_Size": "Cook & Dine Vegetable Spiral Slicer each",
    "COL Price": 8,
    "COL ppu": "$8.00 per 1Ea",
    "COL Size": "each"
  },
  {
    "Brand_Product_Size": "Mission Deli Style Tortilla Rounds 500g",
    "COL Price": 5.5,
    "COL ppu": "$1.10 per 100G",
    "COL Size": "500g"
  },
  {
    "Brand_Product_Size": "Lo Bros Kombucha Soda Cola 750mL",
    "COL Price": 5,
    "COL ppu": "$6.67 per 1L",
    "COL Size": "750mL"
  },
  {
    "Brand_Product_Size": "Coles Dill Punnet 10g",
    "COL Price": 3,
    "COL ppu": "$3.00 per 10G",
    "COL Size": "10g"
  },
  {
    "Brand_Product_Size": "Nature's Way Beauty Rosehip + Collagen Tablets 60 pack",
    "COL Price": 30,
    "COL ppu": "$0.50 per 1Ea",
    "COL Size": "60 pack"
  },
  {
    "Brand_Product_Size": "Queen Victoria Earl Grey Tea 100 pack",
    "COL Price": 10,
    "COL ppu": "$0.10 per 1Ea",
    "COL Size": "100 pack"
  },
  {
    "Brand_Product_Size": "Coles Spicy Chorizo Salami 200g",
    "COL Price": 6.2,
    "COL ppu": "$31.00 per 1Kg",
    "COL Size": "200g"
  },
  {
    "Brand_Product_Size": "Schweppes Mexican Lime Signature Soft Drink Bottle 300mL 4 pack",
    "COL Price": 6.65,
    "COL ppu": "$5.54 per 1L",
    "COL Size": "4 pack"
  },
  {
    "Brand_Product_Size": "Keep It Cleaner Chocolate Cherry Protein Bar 40g",
    "COL Price": 3,
    "COL ppu": "$7.50 per 100G",
    "COL Size": "40g"
  },
  {
    "Brand_Product_Size": "Optimum Adult With Beef Vegetables & Rice Dry Dog Food 7kg",
    "COL Price": 24.5,
    "COL ppu": "$0.35 per 100G",
    "COL Size": "7kg"
  },
  {
    "Brand_Product_Size": "Cleaver's Beef Meatballs Free Range Organic 400g",
    "COL Price": 9,
    "COL ppu": "$22.50 per 1Kg",
    "COL Size": "400g"
  },
  {
    "Brand_Product_Size": "Nature's Way Kids Smart Vita Gummies Vitamin C 60 pack",
    "COL Price": 14.5,
    "COL ppu": "$0.24 per 1Ea",
    "COL Size": "60 pack"
  },
  {
    "Brand_Product_Size": "Tasti Berry Cashew & Cacao Smooshed Wholefood Balls 6 pack 69g",
    "COL Price": 3.3,
    "COL ppu": "$0.48 per 10G",
    "COL Size": "69g"
  },
  {
    "Brand_Product_Size": "Bow Wow Pork Bones Twin Pack Dog Treats 2 pack",
    "COL Price": 4,
    "COL ppu": "$2.00 per 1Ea",
    "COL Size": "2 pack"
  },
  {
    "Brand_Product_Size": "Rexona Clinical Protection Gentle Dry Antiperspirant Deodorant 180mL",
    "COL Price": 10,
    "COL ppu": "$5.56 per 100mL",
    "COL Size": "180mL"
  },
  {
    "Brand_Product_Size": "San Pellegrino Mineral Water 1L 6 pack",
    "COL Price": 14.85,
    "COL ppu": "$2.48 per 1L",
    "COL Size": "6 pack"
  },
  {
    "Brand_Product_Size": "Sacla Free From Basil Pesto 190g",
    "COL Price": 3.8,
    "COL ppu": "$2.00 per 100G",
    "COL Size": "190g"
  },
  {
    "Brand_Product_Size": "Essano Blonde Conditioner 300mL",
    "COL Price": 16,
    "COL ppu": "$5.33 per 100mL",
    "COL Size": "300mL"
  },
  {
    "Brand_Product_Size": "Colgate Zig Zag Flex Soft Toothbrush 3 pack",
    "COL Price": 5.46,
    "COL ppu": "$1.82 per 1Ea",
    "COL Size": "3 pack"
  },
  {
    "Brand_Product_Size": "Culinare Easican Can Opener each",
    "COL Price": 7,
    "COL ppu": "$7.00 per 1ea",
    "COL Size": "each"
  },
  {
    "Brand_Product_Size": "Coles Mineral Water Lemon 1.25L",
    "COL Price": 1,
    "COL ppu": "$0.80 per 1L",
    "COL Size": "1.25L"
  },
  {
    "Brand_Product_Size": "Coles Aussie Ocean Barramundi Portions Skin On approx. 215g",
    "COL Price": 6.88,
    "COL ppu": "$32.00 per 1Kg",
    "COL Size": "approx. 215g"
  },
  {
    "Brand_Product_Size": "Twinings English Breakfast Tea Bags 50 pack 100g",
    "COL Price": 7,
    "COL ppu": "$7.00 per 100G",
    "COL Size": "100g"
  },
  {
    "Brand_Product_Size": "Nivea Rich Nourishing Body Lotion Moisturiser + Caring Almond Oil 400mL",
    "COL Price": 8,
    "COL ppu": "$2.00 per 100mL",
    "COL Size": "400mL"
  },
  {
    "Brand_Product_Size": "Red Rock Deli Nuts Sweet Honey & Sea Salt 130g",
    "COL Price": 4,
    "COL ppu": "$30.77 per 1Kg",
    "COL Size": "130g"
  },
  {
    "Brand_Product_Size": "Streets Magnum Honeycomb Crunch Ice Cream Sticks 4 pack 428mL",
    "COL Price": 4.5,
    "COL ppu": "$1.05 per 100mL",
    "COL Size": "428mL"
  },
  {
    "Brand_Product_Size": "KB Flaming Crumbed Prawns 300g",
    "COL Price": 9.5,
    "COL ppu": "$31.67 per 1Kg",
    "COL Size": "300g"
  },
  {
    "Brand_Product_Size": "Coles Natural Spring Water 600mL",
    "COL Price": 1.1,
    "COL ppu": "$1.83 per 1L",
    "COL Size": "600mL"
  },
  {
    "Brand_Product_Size": "Sunsilk Soft & Smooth Conditioner 700mL",
    "COL Price": 10,
    "COL ppu": "$1.43 per 100mL",
    "COL Size": "700mL"
  },
  {
    "Brand_Product_Size": "Cub Unisex Infant Nappies Size 2 56 pack",
    "COL Price": 10,
    "COL ppu": "$0.18 per 1Ea",
    "COL Size": "56 pack"
  },
  {
    "Brand_Product_Size": "Kez's Kitchen Gluten Free Princetons Chocolate Cream 125g",
    "COL Price": 7,
    "COL ppu": "$5.60 per 100G",
    "COL Size": "125g"
  },
  {
    "Brand_Product_Size": "Cook & Dine Food Containers 300mL 4 pack",
    "COL Price": 2,
    "COL ppu": "$0.50 per 1Ea",
    "COL Size": "4 pack"
  },
  {
    "Brand_Product_Size": "Toni & Guy Cleanse Shampoo for Damaged Hair 250mL",
    "COL Price": 16,
    "COL ppu": "$6.40 per 100mL",
    "COL Size": "250mL"
  },
  {
    "Brand_Product_Size": "Garnier Nutrisse 8.13 Medium Ash Blonde Permanent Hair Colour 1 pack",
    "COL Price": 7.5,
    "COL ppu": "$7.50 per 1Ea",
    "COL Size": "1 pack"
  },
  {
    "Brand_Product_Size": "Nuby No Spill Flip It Sipper Cup 420mL each",
    "COL Price": 10,
    "COL ppu": "$10.00 per 1Ea",
    "COL Size": "each"
  },
  {
    "Brand_Product_Size": "Coles Bran Flakes With Sultanas 500g",
    "COL Price": 3.3,
    "COL ppu": "$0.66 per 100G",
    "COL Size": "500g"
  },
  {
    "Brand_Product_Size": "Coles Soda Water 1.25L",
    "COL Price": 1,
    "COL ppu": "$0.80 per 1L",
    "COL Size": "1.25L"
  },
  {
    "Brand_Product_Size": "Applaws Grain Free Chicken Dry Cat Food 450g",
    "COL Price": 5,
    "COL ppu": "$1.11 per 100G",
    "COL Size": "450g"
  },
  {
    "Brand_Product_Size": "Sanitarium Marmite Yeast Extract Spread 250g",
    "COL Price": 4.3,
    "COL ppu": "$1.72 per 100G",
    "COL Size": "250g"
  },
  {
    "Brand_Product_Size": "Coles Deli Bulk Slicing Danish Salami approx. 125g",
    "COL Price": 3.5,
    "COL ppu": "$28.00 per 1Kg",
    "COL Size": "approx. 125g"
  },
  {
    "Brand_Product_Size": "Organic Choice Black Orchid & Smoked Sandalwood Reed Diffuser 50mL",
    "COL Price": 15,
    "COL ppu": "$30.00 per 100mL",
    "COL Size": "50mL"
  },
  {
    "Brand_Product_Size": "Drovers Choice Beef Corned Silverside Bulk approx. 2.8kg pack",
    "COL Price": 24.64,
    "COL ppu": "$8.80 per 1Kg",
    "COL Size": "approx. 2.8kg pack"
  },
  {
    "Brand_Product_Size": "Mirabella LED Globe GLS Bayonet Cap 5.5 watt Warm White each",
    "COL Price": 7,
    "COL ppu": "$7.00 per 1Ea",
    "COL Size": "each"
  },
  {
    "Brand_Product_Size": "Cook & Dine Large Bowls 4 pack",
    "COL Price": 4,
    "COL ppu": "$1.00 per 1Ea",
    "COL Size": "4 pack"
  },
  {
    "Brand_Product_Size": "Capilano Delicate & Smooth Yellow Box Honey Upside Down 340g",
    "COL Price": 6.9,
    "COL ppu": "$2.03 per 100G",
    "COL Size": "340g"
  },
  {
    "Brand_Product_Size": "Betty Crocker Devil's Food Cake Mix 540g",
    "COL Price": 5.2,
    "COL ppu": "$0.96 per 100G",
    "COL Size": "540g"
  },
  {
    "Brand_Product_Size": "Tetley Natural Green Tea Bags 50 pack 60g",
    "COL Price": 4.1,
    "COL ppu": "$6.83 per 100G",
    "COL Size": "60g"
  },
  {
    "Brand_Product_Size": "Pattu Fine Rice Flour 1kg",
    "COL Price": 3.4,
    "COL ppu": "$3.40 per 1Kg",
    "COL Size": "1kg"
  },
  {
    "Brand_Product_Size": "Bonds Mens Active Fit Trunk MXQ6G Size L/XL 1 pack",
    "COL Price": 24,
    "COL ppu": "$24.00 per 1Ea",
    "COL Size": "1 pack"
  },
  {
    "Brand_Product_Size": "Nescafe Blend 43 Instant Coffee 150g",
    "COL Price": 9.4,
    "COL ppu": "$6.27 per 100G",
    "COL Size": "150g"
  },
  {
    "Brand_Product_Size": "Scholl Party Feet Ball Of Foot Gel Cushions 1 pair",
    "COL Price": 9.8,
    "COL ppu": "$9.80 per 1Ea",
    "COL Size": "1 pair"
  },
  {
    "Brand_Product_Size": "Coles Thawed Seafood Cooked Jumbo Black Tiger Prawns 3kg",
    "COL Price": 111,
    "COL ppu": "$37.00 per 1kg",
    "COL Size": "3kg"
  },
  {
    "Brand_Product_Size": "Mr Muscle Drain Crystals Cleaner 500g",
    "COL Price": 12,
    "COL ppu": "$2.40 per 100G",
    "COL Size": "500g"
  },
  {
    "Brand_Product_Size": "Listerine Gum Care Mouthwash 500mL",
    "COL Price": 8.7,
    "COL ppu": "$1.74 per 100mL",
    "COL Size": "500mL"
  },
  {
    "Brand_Product_Size": "Magazine Australian Country Style each",
    "COL Price": 8.8,
    "COL ppu": "",
    "COL Size": "each"
  },
  {
    "Brand_Product_Size": "Perfect Italiano Mozzarella Cheese 450g",
    "COL Price": 6,
    "COL ppu": "$13.33 per 1Kg",
    "COL Size": "450g"
  },
  {
    "Brand_Product_Size": "Restaurant Collection Grilled Spanish Style Meatballs With Aioli 770g",
    "COL Price": 17.5,
    "COL ppu": "$2.27 per 100G",
    "COL Size": "770g"
  },
  {
    "Brand_Product_Size": "Coles Kitchen Braised Beef & Mash 350g",
    "COL Price": 7.5,
    "COL ppu": "$2.14 per 100G",
    "COL Size": "350g"
  },
  {
    "Brand_Product_Size": "L'Oreal Revitalift Laser Renew Serum 30mL",
    "COL Price": 35,
    "COL ppu": "$116.67 per 100mL",
    "COL Size": "30mL"
  },
  {
    "Brand_Product_Size": "Arnott's Chicken Crimpy Shapes 175g",
    "COL Price": 3.2,
    "COL ppu": "$1.83 per 100G",
    "COL Size": "175g"
  },
  {
    "Brand_Product_Size": "Healtheries Kidscare Potato Stix Roast 120g",
    "COL Price": 4.75,
    "COL ppu": "$3.96 per 100G",
    "COL Size": "120g"
  },
  {
    "Brand_Product_Size": "MasterFoods All Purpose Seasoning 200g",
    "COL Price": 5.7,
    "COL ppu": "$0.29 per 10G",
    "COL Size": "200g"
  },
  {
    "Brand_Product_Size": "Morning Fresh Super Strength Original Dishwashing Liquid 900mL",
    "COL Price": 7.5,
    "COL ppu": "$0.83 per 100mL",
    "COL Size": "900mL"
  },
  {
    "Brand_Product_Size": "Liddells Lactose Free Cheese Block 250g",
    "COL Price": 6,
    "COL ppu": "$24.00 per 1Kg",
    "COL Size": "250g"
  },
  {
    "Brand_Product_Size": "Kan Tong Hokkien Wok Ready Noodles 440g",
    "COL Price": 2.99,
    "COL ppu": "$0.68 per 100G",
    "COL Size": "440g"
  },
  {
    "Brand_Product_Size": "Atkins Low Carb Vanilla Flavoured Protein Shake Mix 310g",
    "COL Price": 22,
    "COL ppu": "$7.10 per 100G",
    "COL Size": "310g"
  },
  {
    "Brand_Product_Size": "Happy Snack Company Chocolate Roasted Chickpeas 5 Pack 100g",
    "COL Price": 4.2,
    "COL ppu": "$4.20 per 100G",
    "COL Size": "100g"
  },
  {
    "Brand_Product_Size": "Primo Double Smoked Hickory Ham approx. 125g",
    "COL Price": 2.875,
    "COL ppu": "$23.00 per 1Kg",
    "COL Size": "approx. 125g"
  },
  {
    "Brand_Product_Size": "Tigi Bed Head Spray Headrush Shine 200mL",
    "COL Price": 20,
    "COL ppu": "$10.00 per 100mL",
    "COL Size": "200mL"
  },
  {
    "Brand_Product_Size": "Golden Wok Frozen Diana Chan's Vegetable Dumplings 230g",
    "COL Price": 7.5,
    "COL ppu": "$3.26 per 100G",
    "COL Size": "230g"
  },
  {
    "Brand_Product_Size": "Coles Green Nashi Pears Loose approx. 300g ea",
    "COL Price": 1.95,
    "COL ppu": "$6.50 per 1Kg",
    "COL Size": "approx. 300g ea"
  },
  {
    "Brand_Product_Size": "Schweppes Lime Drink 1.1L",
    "COL Price": 2.15,
    "COL ppu": "$1.95 per 1L",
    "COL Size": "1.1L"
  },
  {
    "Brand_Product_Size": "McKenzie's Shredded Coconut Pouches 215g",
    "COL Price": 3.3,
    "COL ppu": "$15.35 per 1Kg",
    "COL Size": "215g"
  },
  {
    "Brand_Product_Size": "Natural Chip Co Chips Lentil Craves Sea Salt 100g",
    "COL Price": 1.75,
    "COL ppu": "$1.75 per 100G",
    "COL Size": "100g"
  },
  {
    "Brand_Product_Size": "La Molisana Farina 00 Di Grano Tenero Flour 1kg",
    "COL Price": 3,
    "COL ppu": "$3.00 per 1Kg",
    "COL Size": "1kg"
  },
  {
    "Brand_Product_Size": "Coles Red Seedless Grapes approx. 800g",
    "COL Price": 2.72,
    "COL ppu": "$3.40 per 1Kg",
    "COL Size": "approx. 800g"
  },
  {
    "Brand_Product_Size": "MasterFoods French Mustard 175g",
    "COL Price": 2.5,
    "COL ppu": "$1.43 per 100G",
    "COL Size": "175g"
  },
  {
    "Brand_Product_Size": "Saxa Pink Himalayan Salt Flakes 95g",
    "COL Price": 6,
    "COL ppu": "$0.63 per 10G",
    "COL Size": "95g"
  },
  {
    "Brand_Product_Size": "Oob Organic Frozen Raspberries 300g",
    "COL Price": 5,
    "COL ppu": "$1.67 per 100G",
    "COL Size": "300g"
  },
  {
    "Brand_Product_Size": "Coles Fruity Bites Platter each",
    "COL Price": 35,
    "COL ppu": "$35.00 per 1Ea",
    "COL Size": "each"
  },
  {
    "Brand_Product_Size": "Fountain Soy Sauce 250mL",
    "COL Price": 2.7,
    "COL ppu": "$1.08 per 100mL",
    "COL Size": "250mL"
  },
  {
    "Brand_Product_Size": "Lavazza Qualita Rossa Coffee Beans 1kg",
    "COL Price": 22,
    "COL ppu": "$2.20 per 100G",
    "COL Size": "1kg"
  },
  {
    "Brand_Product_Size": "Schweppes Dry Ginger Ale 1.1L",
    "COL Price": 2.15,
    "COL ppu": "$1.95 per 1L",
    "COL Size": "1.1L"
  },
  {
    "Brand_Product_Size": "Ferrero Collection 24 Pack Boxed Chocolate Gift 269g 269g",
    "COL Price": 20,
    "COL ppu": "$7.43 per 100G",
    "COL Size": "269g"
  },
  {
    "Brand_Product_Size": "Coles Pacific Tuna In Olive Oil 185g",
    "COL Price": 2,
    "COL ppu": "$1.08 per 100G",
    "COL Size": "185g"
  },
  {
    "Brand_Product_Size": "Coles French Onion Dip 200g",
    "COL Price": 1.9,
    "COL ppu": "$0.95 per 100G",
    "COL Size": "200g"
  },
  {
    "Brand_Product_Size": "Wicked White Chocolate Dipping Sauce 130g",
    "COL Price": 2,
    "COL ppu": "$1.54 per 100G",
    "COL Size": "130g"
  },
  {
    "Brand_Product_Size": "Latina Fresh Italian Tomato & Garlic Pasta Sauce 425g",
    "COL Price": 6,
    "COL ppu": "$1.41 per 100G",
    "COL Size": "425g"
  },
  {
    "Brand_Product_Size": "Coles Sandwich Thins White 8pack 320g",
    "COL Price": 3.5,
    "COL ppu": "$1.09 per 100G",
    "COL Size": "320g"
  },
  {
    "Brand_Product_Size": "Garnier Hydrabomb Tissue Sakura Mask 28g",
    "COL Price": 3,
    "COL ppu": "$10.71 per 100G",
    "COL Size": "28g"
  },
  {
    "Brand_Product_Size": "Coles Kitchen Chicken Laksa Soup 300g",
    "COL Price": 3,
    "COL ppu": "$1.00 per 100G",
    "COL Size": "300g"
  },
  {
    "Brand_Product_Size": "Dare Double Espresso Flavoured Milk 500mL",
    "COL Price": 2.6,
    "COL ppu": "$5.20 per 1L",
    "COL Size": "500mL"
  },
  {
    "Brand_Product_Size": "Cadbury Twirl Bites Chocolate Pieces 300g",
    "COL Price": 12,
    "COL ppu": "$4.00 per 100G",
    "COL Size": "300g"
  },
  {
    "Brand_Product_Size": "Coles I'M Free From Branflakes With Raisins 250g",
    "COL Price": 3,
    "COL ppu": "$1.20 per 100G",
    "COL Size": "250g"
  },
  {
    "Brand_Product_Size": "Temptation Frozen Premium Tasty Cheese & Bacon Quiches 2 pack 280g",
    "COL Price": 4.5,
    "COL ppu": "$1.61 per 100G",
    "COL Size": "280g"
  },
  {
    "Brand_Product_Size": "L'Oreal Men Expert Vita Lift Total Anti-Ageing Hydrating Moisturiser Cream 50mL",
    "COL Price": 15,
    "COL ppu": "$30.00 per 100mL",
    "COL Size": "50mL"
  },
  {
    "Brand_Product_Size": "Smith's Poppables Cheddar Cheese 90g",
    "COL Price": 3.5,
    "COL ppu": "$3.89 per 100G",
    "COL Size": "90g"
  },
  {
    "Brand_Product_Size": "Fodmapped Gluten Free Butter Chicken Simmer Sauce 200g",
    "COL Price": 4,
    "COL ppu": "$2.00 per 100G",
    "COL Size": "200g"
  },
  {
    "Brand_Product_Size": "Dairy Farmers Thick & Creamy Yoghurt Vanilla 600g",
    "COL Price": 4.5,
    "COL ppu": "$0.75 per 100G",
    "COL Size": "600g"
  },
  {
    "Brand_Product_Size": "Cook & Dine White Plastic Bowls 50 pack",
    "COL Price": 5,
    "COL ppu": "$10.00 per 100Ea",
    "COL Size": "50 pack"
  },
  {
    "Brand_Product_Size": "Coles Pineapple Tops On each",
    "COL Price": 4.5,
    "COL ppu": "$4.50 per 1Ea",
    "COL Size": "each"
  },
  {
    "Brand_Product_Size": "Devondale Tasty Shredded Cheese 750g",
    "COL Price": 10,
    "COL ppu": "$1.33 per 100G",
    "COL Size": "750g"
  },
  {
    "Brand_Product_Size": "Garnier Nutrisse1  Liquorice Permanent Hair Colour 1 pack",
    "COL Price": 7.5,
    "COL ppu": "$7.50 per 1Ea",
    "COL Size": "1 pack"
  },
  {
    "Brand_Product_Size": "Coles Bread Crumbs Gluten Free 300g",
    "COL Price": 3.4,
    "COL ppu": "$1.13 per 100G",
    "COL Size": "300g"
  },
  {
    "Brand_Product_Size": "Bega Simply Nuts Smooth Dark Roast Peanut Butter 315g",
    "COL Price": 4,
    "COL ppu": "$1.27 per 100G",
    "COL Size": "315g"
  },
  {
    "Brand_Product_Size": "Just Juice Apple Juice Multipack 200mL 6 pack",
    "COL Price": 5.3,
    "COL ppu": "$0.88 per 1Ea",
    "COL Size": "6 pack"
  },
  {
    "Brand_Product_Size": "Mars Celebrations Chocolate Gift Box 320g",
    "COL Price": 12,
    "COL ppu": "$3.75 per 100G",
    "COL Size": "320g"
  },
  {
    "Brand_Product_Size": "Pace Farm Liberty Cage Free Eggs 15 Pack 885g",
    "COL Price": 6.5,
    "COL ppu": "$0.73 per 100G",
    "COL Size": "885g"
  },
  {
    "Brand_Product_Size": "Lucky Smart Snax Protein 150g",
    "COL Price": 4,
    "COL ppu": "$26.67 per 1Kg",
    "COL Size": "150g"
  },
  {
    "Brand_Product_Size": "Coles Deli Express Silverside 150g",
    "COL Price": 3.5,
    "COL ppu": "$2.33 per 100G",
    "COL Size": "150g"
  },
  {
    "Brand_Product_Size": "Schwobs Dark Rye Half Loaf 450g",
    "COL Price": 2.9,
    "COL ppu": "$0.64 per 100G",
    "COL Size": "450g"
  },
  {
    "Brand_Product_Size": "Coles Asia Egg Noodles Thick 340g",
    "COL Price": 2,
    "COL ppu": "$0.59 per 100G",
    "COL Size": "340g"
  },
  {
    "Brand_Product_Size": "Tidbit Foods Di San Daniele Sliced Prosciutto 85g",
    "COL Price": 7,
    "COL ppu": "$82.35 per 1Kg",
    "COL Size": "85g"
  },
  {
    "Brand_Product_Size": "Grinders Organic Mellow & Smooth Coffee Beans 1kg",
    "COL Price": 32,
    "COL ppu": "$32.00 per 1Kg",
    "COL Size": "1kg"
  },
  {
    "Brand_Product_Size": "Hanabi Lotus Root Slices 400g",
    "COL Price": 3,
    "COL ppu": "$0.75 per 100G",
    "COL Size": "400g"
  },
  {
    "Brand_Product_Size": "Wonder Active Bread 680g",
    "COL Price": 3.4,
    "COL ppu": "$0.50 per 100G",
    "COL Size": "680g"
  },
  {
    "Brand_Product_Size": "Nature's Gift Casserole Gravy Style Beef Vegetable and Barley Dog Food 100g",
    "COL Price": 1.2,
    "COL ppu": "$1.20 per 100G",
    "COL Size": "100g"
  },
  {
    "Brand_Product_Size": "South Cape Gluten Free Brie Cheese approx. 100g",
    "COL Price": 5,
    "COL ppu": "$50.00 per 1Kg",
    "COL Size": "approx. 100g"
  },
  {
    "Brand_Product_Size": "Purina Total Care Medicated Shampoo For Dogs 350mL",
    "COL Price": 14,
    "COL ppu": "$40.00 per 1L",
    "COL Size": "350mL"
  },
  {
    "Brand_Product_Size": "Uncle Tobys Yoghurt Muesli Bars Variety Value 12 Pack 375g",
    "COL Price": 5,
    "COL ppu": "$1.33 per 100G",
    "COL Size": "375g"
  },
  {
    "Brand_Product_Size": "Cadbury Dairy Milk Bubbly Mint Milk Chocolate Block 160g",
    "COL Price": 5,
    "COL ppu": "$3.13 per 100G",
    "COL Size": "160g"
  },
  {
    "Brand_Product_Size": "Skittles Smoothies 190g",
    "COL Price": 3,
    "COL ppu": "$1.58 per 100G",
    "COL Size": "190g"
  },
  {
    "Brand_Product_Size": "Coles Apricot Halves In Syrup 825g",
    "COL Price": 2,
    "COL ppu": "$2.42 per 1Kg",
    "COL Size": "825g"
  },
  {
    "Brand_Product_Size": "Boss Vanilla Latte Coffee 237mL",
    "COL Price": 3.65,
    "COL ppu": "$15.40 per 1L",
    "COL Size": "237mL"
  },
  {
    "Brand_Product_Size": "Lilydale Free Range Chicken Thigh Fillets Small Pack approx. 545g each",
    "COL Price": 9.81,
    "COL ppu": "$18.00 per 1Kg",
    "COL Size": "approx. 545g each"
  },
  {
    "Brand_Product_Size": "Deb Instant Mashed Plain Potato 350g",
    "COL Price": 5.45,
    "COL ppu": "$15.57 per 1Kg",
    "COL Size": "350g"
  },
  {
    "Brand_Product_Size": "Castello Danish Blue Cheese 100g",
    "COL Price": 4.5,
    "COL ppu": "$45.00 per 1Kg",
    "COL Size": "100g"
  },
  {
    "Brand_Product_Size": "Leda Arrowroot Biscuits 205g",
    "COL Price": 2.9,
    "COL ppu": "$1.41 per 100G",
    "COL Size": "205g"
  },
  {
    "Brand_Product_Size": "Always Fresh Pasticcini Chocolate Biscuits 110g",
    "COL Price": 3.5,
    "COL ppu": "$3.18 per 100G",
    "COL Size": "110g"
  },
  {
    "Brand_Product_Size": "SKYN Extra Lubricated Condoms 10 pack",
    "COL Price": 10,
    "COL ppu": "$1.00 per 1Ea",
    "COL Size": "10 pack"
  },
  {
    "Brand_Product_Size": "Coles Lamb Leg Steak 270g",
    "COL Price": 7.5,
    "COL ppu": "$2.78 per 100G",
    "COL Size": "270g"
  },
  {
    "Brand_Product_Size": "Meredith Dairy Marinated Goats Cheese approx. 925g",
    "COL Price": 37,
    "COL ppu": "$40.00 per 1Kg",
    "COL Size": "approx. 925g"
  },
  {
    "Brand_Product_Size": "Stabilo Boss Highlighter Assorted 6 pack",
    "COL Price": 10,
    "COL ppu": "$1.67 per 1Ea",
    "COL Size": "6 pack"
  },
  {
    "Brand_Product_Size": "Crave Adult Dry Dog Food With Beef & Lamb 2.8kg",
    "COL Price": 20,
    "COL ppu": "$0.71 per 100G",
    "COL Size": "2.8kg"
  },
  {
    "Brand_Product_Size": "Bertocchi Sliced Triple Smoked Leg Ham approx.125g",
    "COL Price": 3.25,
    "COL ppu": "$26.00 per 1Kg",
    "COL Size": "approx.125g"
  },
  {
    "Brand_Product_Size": "Coles Garland Figs 375g",
    "COL Price": 4.4,
    "COL ppu": "$11.73 per 1Kg",
    "COL Size": "375g"
  },
  {
    "Brand_Product_Size": "Bickfords Raspberry Cordial 750mL",
    "COL Price": 3.2,
    "COL ppu": "$4.27 per 1L",
    "COL Size": "750mL"
  },
  {
    "Brand_Product_Size": "Hoyts Whole Black Pepper 100g",
    "COL Price": 4.25,
    "COL ppu": "$0.43 per 10G",
    "COL Size": "100g"
  },
  {
    "Brand_Product_Size": "Sellotape Sticky Tape 18mmx66mm 1 pack",
    "COL Price": 1.6,
    "COL ppu": "",
    "COL Size": "1 pack"
  },
  {
    "Brand_Product_Size": "Coles Natural Almonds 80g",
    "COL Price": 2.3,
    "COL ppu": "$28.75 per 1Kg",
    "COL Size": "80g"
  },
  {
    "Brand_Product_Size": "Huggies Dry Nites Pyjama Pants For Boys 4-7 Years 10 pack",
    "COL Price": 12,
    "COL ppu": "$1.20 per 1Ea",
    "COL Size": "10 pack"
  },
  {
    "Brand_Product_Size": "Gourmet Garden Lightly Dried Chilli 10g",
    "COL Price": 3.5,
    "COL ppu": "$3.50 per 10G",
    "COL Size": "10g"
  },
  {
    "Brand_Product_Size": "Sensodyne Sensitive Rapid Relief Extra Fresh Toothpaste 100g",
    "COL Price": 11,
    "COL ppu": "$11.00 per 100G",
    "COL Size": "100g"
  },
  {
    "Brand_Product_Size": "Elastoplast Assorted Sensitive Strips 40 pack",
    "COL Price": 5,
    "COL ppu": "$0.13 per 1Ea",
    "COL Size": "40 pack"
  },
  {
    "Brand_Product_Size": "Hudson's Jackfruit BBQ 250g",
    "COL Price": 6,
    "COL ppu": "$2.40 per 100G",
    "COL Size": "250g"
  },
  {
    "Brand_Product_Size": "Dishmatic Micro Soft Refill 3 pack",
    "COL Price": 6,
    "COL ppu": "$2.00 per 1Ea",
    "COL Size": "3 pack"
  },
  {
    "Brand_Product_Size": "Babylove Unisex Cosifit Crawler Jumbo Nappy 6-11 Kg Size 3 81 pack",
    "COL Price": 25,
    "COL ppu": "$0.31 per 1Ea",
    "COL Size": "81 pack"
  },
  {
    "Brand_Product_Size": "Pilpel Gluten Free Hummous Dip 350g",
    "COL Price": 5.5,
    "COL ppu": "$1.57 per 100G",
    "COL Size": "350g"
  },
  {
    "Brand_Product_Size": "Coles Durum Wheat Spaghetti 500g",
    "COL Price": 1,
    "COL ppu": "$0.20 per 100G",
    "COL Size": "500g"
  },
  {
    "Brand_Product_Size": "Onix Home Starter Hand Mixer each",
    "COL Price": 20,
    "COL ppu": "$20.00 per 1Ea",
    "COL Size": "each"
  },
  {
    "Brand_Product_Size": "Coles Banana Pops 10 pack 700mL",
    "COL Price": 3.75,
    "COL ppu": "$0.54 per 100mL",
    "COL Size": "700mL"
  },
  {
    "Brand_Product_Size": "Coles Cloudy Apple Juice 500mL",
    "COL Price": 2.1,
    "COL ppu": "$0.42 per 100mL",
    "COL Size": "500mL"
  },
  {
    "Brand_Product_Size": "Queen Sugar Free Maple Flavoured Syrup 355mL",
    "COL Price": 4.2,
    "COL ppu": "$1.18 per 100mL",
    "COL Size": "355mL"
  },
  {
    "Brand_Product_Size": "Cook & Dine Plastic Oval Plates 10 pack",
    "COL Price": 3,
    "COL ppu": "$0.30 per 1Ea",
    "COL Size": "10 pack"
  },
  {
    "Brand_Product_Size": "Farmer Jo Cacao & Hemp Granola 350g",
    "COL Price": 6.8,
    "COL ppu": "$1.94 per 100G",
    "COL Size": "350g"
  },
  {
    "Brand_Product_Size": "Rosken Intensive Moisture Body Lotion For Very Dry Skin 400mL",
    "COL Price": 4.5,
    "COL ppu": "$1.13 per 100mL",
    "COL Size": "400mL"
  },
  {
    "Brand_Product_Size": "Bionaturals Edlerberry Immune Boost Capsules 60 pack",
    "COL Price": 25,
    "COL ppu": "$0.42 per 1Ea",
    "COL Size": "60 pack"
  },
  {
    "Brand_Product_Size": "San Remo Plain Fettuccine Pasta 500g",
    "COL Price": 1.95,
    "COL ppu": "$0.39 per 100G",
    "COL Size": "500g"
  },
  {
    "Brand_Product_Size": "Ritz Snackz Original Mini Crackers 6 Multipack 150g",
    "COL Price": 3.2,
    "COL ppu": "$2.13 per 100G",
    "COL Size": "150g"
  },
  {
    "Brand_Product_Size": "3M Command Picture Hanging Strips 4 pack",
    "COL Price": 7,
    "COL ppu": "$7.00 per 1Ea",
    "COL Size": "4 pack"
  },
  {
    "Brand_Product_Size": "Coles Tasty Light Shredded Cheddar Cheese 700g",
    "COL Price": 6.6,
    "COL ppu": "$9.43 per 1Kg",
    "COL Size": "700g"
  },
  {
    "Brand_Product_Size": "Herron Gold Paracetamol Tabsules Bottle 20 pack",
    "COL Price": 3.6,
    "COL ppu": "$3.60 per 1Ea",
    "COL Size": "20 pack"
  },
  {
    "Brand_Product_Size": "Pantene Pro V Nourishing Mask Treatment 50mL",
    "COL Price": 5,
    "COL ppu": "$10.00 per 100mL",
    "COL Size": "50mL"
  },
  {
    "Brand_Product_Size": "Coles Good Yums Kids Tropical Yoghurt Pouch 100g",
    "COL Price": 1.2,
    "COL ppu": "$1.20 per 100G",
    "COL Size": "100g"
  },
  {
    "Brand_Product_Size": "Cook & Dine Large Plastic Red Cups 20 pack",
    "COL Price": 4.4,
    "COL ppu": "$0.22 per 1Ea",
    "COL Size": "20 pack"
  },
  {
    "Brand_Product_Size": "Neutrogena Deep Clean Invigorating Foam Scrub 125mL",
    "COL Price": 14,
    "COL ppu": "$11.20 per 100mL",
    "COL Size": "125mL"
  },
  {
    "Brand_Product_Size": "Angas Park Dried Peaches 200g",
    "COL Price": 6,
    "COL ppu": "$30.00 per 1Kg",
    "COL Size": "200g"
  },
  {
    "Brand_Product_Size": "Sara Lee Joy Vegan Coconut Chocolate Bavarian 450g",
    "COL Price": 7,
    "COL ppu": "$1.56 per 100G",
    "COL Size": "450g"
  },
  {
    "Brand_Product_Size": "Pauls Farmhouse Gold Cream On Top Milk 1.5L",
    "COL Price": 3.45,
    "COL ppu": "$2.30 per 1L",
    "COL Size": "1.5L"
  },
  {
    "Brand_Product_Size": "Helga's Low Carb 5 Seeds Bread Loaf 700g",
    "COL Price": 4.2,
    "COL ppu": "$0.60 per 100G",
    "COL Size": "700g"
  },
  {
    "Brand_Product_Size": "Coles Fruit & Nut Bars 210g",
    "COL Price": 2.7,
    "COL ppu": "$1.29 per 100G",
    "COL Size": "210g"
  },
  {
    "Brand_Product_Size": "Flora Pro Activ Margarine Spread Original 500g",
    "COL Price": 8,
    "COL ppu": "$1.60 per 100G",
    "COL Size": "500g"
  },
  {
    "Brand_Product_Size": "Bulla Frozen Multi Flavoured Yoghurt Sticks 8 pack 472g",
    "COL Price": 7,
    "COL ppu": "$1.48 per 100G",
    "COL Size": "472g"
  },
  {
    "Brand_Product_Size": "Lipton Chai Latte Sachets 370g 16 pack",
    "COL Price": 9.5,
    "COL ppu": "$0.59 per 1Ea",
    "COL Size": "16 pack"
  },
  {
    "Brand_Product_Size": "Baby Mum-mum Apple & Pumpkin Rice Rusks 36g",
    "COL Price": 3,
    "COL ppu": "$8.33 per 100G",
    "COL Size": "36g"
  },
  {
    "Brand_Product_Size": "MasterFoods All Purpose Garlic Seasoning 50g",
    "COL Price": 3,
    "COL ppu": "$0.60 per 10G",
    "COL Size": "50g"
  },
  {
    "Brand_Product_Size": "Duracell Recharge Ultra Precharged Rechargeable AA Batteries 4 pack",
    "COL Price": 24.9,
    "COL ppu": "$6.23 per 1Ea",
    "COL Size": "4 pack"
  },
  {
    "Brand_Product_Size": "Coles Purple Eggplant each",
    "COL Price": 2.95,
    "COL ppu": "$5.90 per 1Kg",
    "COL Size": "each"
  },
  {
    "Brand_Product_Size": "Osem BBQ Flavour Bissli Snacks 70g",
    "COL Price": 1.3,
    "COL ppu": "$1.86 per 100G",
    "COL Size": "70g"
  },
  {
    "Brand_Product_Size": "Voost Multivitamin Orange 40 Effervescent Tablets 2 pack",
    "COL Price": 13,
    "COL ppu": "$6.50 per 1Ea",
    "COL Size": "2 pack"
  },
  {
    "Brand_Product_Size": "WLC Berry & Coconut Slice 175g",
    "COL Price": 5.5,
    "COL ppu": "$3.14 per 100G",
    "COL Size": "175g"
  },
  {
    "Brand_Product_Size": "Beechworth Bee Cause Australian Bush Honey 400g",
    "COL Price": 8.5,
    "COL ppu": "$2.13 per 100G",
    "COL Size": "400g"
  },
  {
    "Brand_Product_Size": "Always Fresh Kalamata Olives Sliced 220g",
    "COL Price": 5.4,
    "COL ppu": "$24.55 per 1Kg",
    "COL Size": "220g"
  },
  {
    "Brand_Product_Size": "Nescafe Gold Smooth Mild Ground Coffee 90g",
    "COL Price": 9,
    "COL ppu": "$10.00 per 100G",
    "COL Size": "90g"
  },
  {
    "Brand_Product_Size": "Coles Strong Cappuccino Coffee Sachets 10 pack",
    "COL Price": 3.25,
    "COL ppu": "$0.33 per 1Ea",
    "COL Size": "10 pack"
  },
  {
    "Brand_Product_Size": "Cook & Dine Spin Wash Cereal Bowls 4 pack",
    "COL Price": 14,
    "COL ppu": "$3.50 per 1Ea",
    "COL Size": "4 pack"
  },
  {
    "Brand_Product_Size": "Coles Wellness Road Nut & Seed Spread Power Mix 280g",
    "COL Price": 4,
    "COL ppu": "$1.43 per 100G",
    "COL Size": "280g"
  },
  {
    "Brand_Product_Size": "100 Plus Isotonic Drink Can 325mL",
    "COL Price": 1.3,
    "COL ppu": "$4.00 per 1L",
    "COL Size": "325mL"
  },
  {
    "Brand_Product_Size": "Connoisseur Cafe Grande Gourmet Ice Cream Tub 1L",
    "COL Price": 7.5,
    "COL ppu": "$0.75 per 100mL",
    "COL Size": "1L"
  },
  {
    "Brand_Product_Size": "D'Orsogna Cacciatora Mild 225g",
    "COL Price": 6.6,
    "COL ppu": "$29.33 per 1Kg",
    "COL Size": "225g"
  },
  {
    "Brand_Product_Size": "Lighthouse Yeast 70g",
    "COL Price": 5,
    "COL ppu": "$7.14 per 100G",
    "COL Size": "70g"
  },
  {
    "Brand_Product_Size": "La Costena Chipotle In Adobo Sauce 230g",
    "COL Price": 3.5,
    "COL ppu": "$1.52 per 100G",
    "COL Size": "230g"
  },
  {
    "Brand_Product_Size": "Always Fresh Dolmades Greek Style 280g",
    "COL Price": 4.35,
    "COL ppu": "$15.54 per 1Kg",
    "COL Size": "280g"
  },
  {
    "Brand_Product_Size": "South Cape White Wine Matched Cheese Platter 320g",
    "COL Price": 13,
    "COL ppu": "$40.63 per 1Kg",
    "COL Size": "320g"
  },
  {
    "Brand_Product_Size": "Coles Tasmanian Diced Salmon Boneless & Skin Off 300g",
    "COL Price": 8,
    "COL ppu": "$26.67 per 1Kg",
    "COL Size": "300g"
  },
  {
    "Brand_Product_Size": "Coles Toe Nail Clipper 1 pack",
    "COL Price": 5,
    "COL ppu": "$5.00 per 1Ea",
    "COL Size": "1 pack"
  },
  {
    "Brand_Product_Size": "Birds Eye Frozen Country Harvest Carrot Peas & Corn 1kg",
    "COL Price": 4,
    "COL ppu": "$4.00 per 1Kg",
    "COL Size": "1kg"
  },
  {
    "Brand_Product_Size": "Schwarzkopf Extra Care Bio-Tech Colour Shampoo 500mL",
    "COL Price": 17,
    "COL ppu": "$3.40 per 100mL",
    "COL Size": "500mL"
  },
  {
    "Brand_Product_Size": "L'Oreal Elvive Fibralogy Conditioner 700mL",
    "COL Price": 10,
    "COL ppu": "$1.43 per 100mL",
    "COL Size": "700mL"
  },
  {
    "Brand_Product_Size": "Coles Pacific Yellowfin Tuna With Dill Pickles 95g",
    "COL Price": 1.3,
    "COL ppu": "$0.14 per 10G",
    "COL Size": "95g"
  },
  {
    "Brand_Product_Size": "Schwarzkopf Extra Care Volume Styling Hair Spray 250g",
    "COL Price": 6.95,
    "COL ppu": "$2.78 per 100G",
    "COL Size": "250g"
  },
  {
    "Brand_Product_Size": "Wonder White Bread + Vitamins & Mineral 700g",
    "COL Price": 3.4,
    "COL ppu": "$0.49 per 100G",
    "COL Size": "700g"
  },
  {
    "Brand_Product_Size": "The Culture Co. Kefir Yoghurt Passionfruit 150g",
    "COL Price": 1.15,
    "COL ppu": "$0.77 per 100G",
    "COL Size": "150g"
  },
  {
    "Brand_Product_Size": "Olay Provital Revitalizing Night Cream 50g",
    "COL Price": 17.5,
    "COL ppu": "$35.00 per 100G",
    "COL Size": "50g"
  },
  {
    "Brand_Product_Size": "Schwarzkopf Extra Care Ultimate Hair Repair Conditioner 400mL",
    "COL Price": 6.9,
    "COL ppu": "$1.73 per 100mL",
    "COL Size": "400mL"
  },
  {
    "Brand_Product_Size": "Aussie Bodies FX Lo Carb Honey Almond Crunch Protein Bar 40g",
    "COL Price": 2.8,
    "COL ppu": "$7.00 per 100G",
    "COL Size": "40g"
  },
  {
    "Brand_Product_Size": "Sukin Facial Cleanser For Men 225mL",
    "COL Price": 16,
    "COL ppu": "$7.11 per 100mL",
    "COL Size": "225mL"
  },
  {
    "Brand_Product_Size": "Huggies Unisex Ultimate Nappy 13-18 Kg Size 5 52 pack",
    "COL Price": 32,
    "COL ppu": "$0.62 per 1Ea",
    "COL Size": "52 pack"
  },
  {
    "Brand_Product_Size": "Coles Simply Cat Heat Transfer Small Collar 1 pack",
    "COL Price": 8,
    "COL ppu": "$8.00 per 1Ea",
    "COL Size": "1 pack"
  },
  {
    "Brand_Product_Size": "Sabco Cleanline Dustpan Set each",
    "COL Price": 8,
    "COL ppu": "$8.00 per 1Ea",
    "COL Size": "each"
  },
  {
    "Brand_Product_Size": "Dylon Velvet Black Fabric Machine Dye 100g",
    "COL Price": 12.4,
    "COL ppu": "$12.40 per 100G",
    "COL Size": "100g"
  },
  {
    "Brand_Product_Size": "Nestle Koko Krunch 330g",
    "COL Price": 2.65,
    "COL ppu": "$0.80 per 100G",
    "COL Size": "330g"
  },
  {
    "Brand_Product_Size": "Rafferty's Garden Pumpkin Pear & Peach 4M+ 120g",
    "COL Price": 1.5,
    "COL ppu": "$1.25 per 100G",
    "COL Size": "120g"
  },
  {
    "Brand_Product_Size": "Arnott's Granita Biscuits 250g",
    "COL Price": 3,
    "COL ppu": "$1.20 per 100G",
    "COL Size": "250g"
  },
  {
    "Brand_Product_Size": "Coles Medium Salad Tub Curried Pumpkin Cous Cous Salad each",
    "COL Price": 6,
    "COL ppu": "$6.00 per 1Ea",
    "COL Size": "each"
  },
  {
    "Brand_Product_Size": "Simple Daily Skin Detox Purifying Facial Cleanser 150mL",
    "COL Price": 11,
    "COL ppu": "$7.33 per 100mL",
    "COL Size": "150mL"
  },
  {
    "Brand_Product_Size": "Super Nature Wellness Bowl Cacciatore Style Plant Protein With Farro Ancient Grain Mix 350g",
    "COL Price": 6.3,
    "COL ppu": "$1.80 per 100G",
    "COL Size": "350g"
  },
  {
    "Brand_Product_Size": "Deeko Entertainers Plastic Bowls 20 pack",
    "COL Price": 4.8,
    "COL ppu": "$0.24 per 1Ea",
    "COL Size": "20 pack"
  },
  {
    "Brand_Product_Size": "Gillette Fusion ProGlide Manual Shaving Blades Refill 8 pack",
    "COL Price": 39,
    "COL ppu": "$4.88 per 1Ea",
    "COL Size": "8 pack"
  },
  {
    "Brand_Product_Size": "Cadbury Twirl Chocolate Bar 39g",
    "COL Price": 1,
    "COL ppu": "$2.56 per 100G",
    "COL Size": "39g"
  },
  {
    "Brand_Product_Size": "Kinder Bueno Dark Chocolate Bar 43g",
    "COL Price": 1,
    "COL ppu": "$2.33 per 100G",
    "COL Size": "43g"
  },
  {
    "Brand_Product_Size": "L'Oreal Color Lipstick Riche Satin Rose Tendre 3.3g",
    "COL Price": 15.4,
    "COL ppu": "$466.67 per 100G",
    "COL Size": "3.3g"
  },
  {
    "Brand_Product_Size": "Yoplait Berry Punnet Yoghurt 100g 12 pack",
    "COL Price": 7,
    "COL ppu": "$0.58 per 100G",
    "COL Size": "12 pack"
  },
  {
    "Brand_Product_Size": "Vittoria Latte Blend Capsules 10 pack",
    "COL Price": 6,
    "COL ppu": "$0.60 per 1Ea",
    "COL Size": "10 pack"
  },
  {
    "Brand_Product_Size": "Coles Bakery Rock Cakes 6 pack",
    "COL Price": 3.95,
    "COL ppu": "$0.66 per 1Ea",
    "COL Size": "6 pack"
  },
  {
    "Brand_Product_Size": "Heinz Big Eat Chicken & Bacon Casserole 410g",
    "COL Price": 2.5,
    "COL ppu": "$0.61 per 100G",
    "COL Size": "410g"
  },
  {
    "Brand_Product_Size": "Shneiders Danish Style Biscuit 200g",
    "COL Price": 4.2,
    "COL ppu": "$2.10 per 100G",
    "COL Size": "200g"
  },
  {
    "Brand_Product_Size": "Coles Kitchen Mash Potato 350g",
    "COL Price": 6,
    "COL ppu": "$1.71 per 100G",
    "COL Size": "350g"
  },
  {
    "Brand_Product_Size": "Mother Earth Golden Oats Baked Oaty Slices 240g",
    "COL Price": 3,
    "COL ppu": "$1.25 per 100G",
    "COL Size": "240g"
  },
  {
    "Brand_Product_Size": "McCain Frozen Garlic Pizza 2 Pack 320g",
    "COL Price": 4,
    "COL ppu": "$1.25 per 100G",
    "COL Size": "320g"
  },
  {
    "Brand_Product_Size": "Starbucks Nescafe Dolce Gusto Capsules Espresso Roast 12 pack",
    "COL Price": 5,
    "COL ppu": "$0.42 per 1Ea",
    "COL Size": "12 pack"
  },
  {
    "Brand_Product_Size": "Westmont Beer Pickles 500g",
    "COL Price": 6.5,
    "COL ppu": "$13.00 per 1Kg",
    "COL Size": "500g"
  },
  {
    "Brand_Product_Size": "Vital Strength Pro Muscle Advanced Mass Chocolate Protein Powder 720g",
    "COL Price": 35,
    "COL ppu": "$4.86 per 100G",
    "COL Size": "720g"
  },
  {
    "Brand_Product_Size": "Ya-coya Aloe Crush Flavour Drink 1.5L",
    "COL Price": 4.8,
    "COL ppu": "$3.20 per 1L",
    "COL Size": "1.5L"
  },
  {
    "Brand_Product_Size": "Purr Seafood Selection Cat Food 85g 12 pack",
    "COL Price": 8.5,
    "COL ppu": "$8.33 per 1Kg",
    "COL Size": "12 pack"
  },
  {
    "Brand_Product_Size": "Birds Eye Hoki Murray River Salt 225g",
    "COL Price": 7.5,
    "COL ppu": "$33.33 per 1Kg",
    "COL Size": "225g"
  },
  {
    "Brand_Product_Size": "Peters Gluten Free Original Neapolitan Multi Flavoured Ice Cream Tub 2L",
    "COL Price": 4.75,
    "COL ppu": "$2.38 per 1L",
    "COL Size": "2L"
  },
  {
    "Brand_Product_Size": "Smith's Crinkle Cut Variety Multipack 20 pack",
    "COL Price": 5.5,
    "COL ppu": "$1.45 per 100G",
    "COL Size": "20 pack"
  },
  {
    "Brand_Product_Size": "Cook With Curtis Italian Recipe Beef And Pork Mince 500g",
    "COL Price": 9,
    "COL ppu": "$18.00 per 1Kg",
    "COL Size": "500g"
  },
  {
    "Brand_Product_Size": "Dr. Oetker Frozen Ristorante Mozzarella Pizza 335g",
    "COL Price": 7.9,
    "COL ppu": "$2.36 per 100G",
    "COL Size": "335g"
  },
  {
    "Brand_Product_Size": "Schwarzkopf Taft Mega Styling Gel 300g",
    "COL Price": 5.5,
    "COL ppu": "$1.83 per 100G",
    "COL Size": "300g"
  },
  {
    "Brand_Product_Size": "Cadbury Caramello Koala Chocolate Multipack 12 Treats 180g",
    "COL Price": 2.5,
    "COL ppu": "$1.39 per 100G",
    "COL Size": "180g"
  },
  {
    "Brand_Product_Size": "Bulla Creamy Classics Vanilla Sandwich 4 pack 560mL",
    "COL Price": 8.5,
    "COL ppu": "$1.52 per 100mL",
    "COL Size": "560mL"
  },
  {
    "Brand_Product_Size": "Heinz Tomato Ketchup Sauce 1L",
    "COL Price": 5,
    "COL ppu": "$0.50 per 100mL",
    "COL Size": "1L"
  },
  {
    "Brand_Product_Size": "Pine O Cleen Simply Disinfectant Apple Trigger 500mL",
    "COL Price": 3.5,
    "COL ppu": "$0.70 per 100mL",
    "COL Size": "500mL"
  },
  {
    "Brand_Product_Size": "Garnier Micellar Cleansing Water 700mL",
    "COL Price": 10,
    "COL ppu": "$1.43 per 100mL",
    "COL Size": "700mL"
  },
  {
    "Brand_Product_Size": "McCain Man Size Bangers Mash 500g",
    "COL Price": 6,
    "COL ppu": "$1.20 per 100G",
    "COL Size": "500g"
  },
  {
    "Brand_Product_Size": "Viva Rinse And Reuse Box Paper Towel 20 pack",
    "COL Price": 3.5,
    "COL ppu": "$0.18 per 1Ea",
    "COL Size": "20 pack"
  },
  {
    "Brand_Product_Size": "Cook & Dine Metal Skewers 6 pack",
    "COL Price": 3,
    "COL ppu": "$0.50 per 1Ea",
    "COL Size": "6 pack"
  },
  {
    "Brand_Product_Size": "Cook & Dine Navy Stripe Double Oven Glove each",
    "COL Price": 6.5,
    "COL ppu": "$6.50 per 1Ea",
    "COL Size": "each"
  },
  {
    "Brand_Product_Size": "Toshiba USB 2.0 SM02 16GB each",
    "COL Price": 11.2,
    "COL ppu": "$11.20 per 1Ea",
    "COL Size": "each"
  },
  {
    "Brand_Product_Size": "Red Tractor Fruit Filled Bars Value Pack 360g",
    "COL Price": 9,
    "COL ppu": "$2.50 per 100G",
    "COL Size": "360g"
  },
  {
    "Brand_Product_Size": "Head & Shoulders Conditioner Smooth & Silky 200mL",
    "COL Price": 7,
    "COL ppu": "$3.50 per 100mL",
    "COL Size": "200mL"
  },
  {
    "Brand_Product_Size": "Coles Garden Bowl 180g",
    "COL Price": 5,
    "COL ppu": "$27.78 per 1Kg",
    "COL Size": "180g"
  },
  {
    "Brand_Product_Size": "Total Care Disney Mickey Mouse Squeaky Disc Dog Toy 1 pack",
    "COL Price": 16,
    "COL ppu": "$16.00 per 1Ea",
    "COL Size": "1 pack"
  },
  {
    "Brand_Product_Size": "Abbott's Village Bakery Light Rye Bread 680g",
    "COL Price": 3.8,
    "COL ppu": "$0.56 per 100G",
    "COL Size": "680g"
  },
  {
    "Brand_Product_Size": "Que Cola No Sugar Cola 1.25L",
    "COL Price": 1,
    "COL ppu": "$0.80 per 1L",
    "COL Size": "1.25L"
  },
  {
    "Brand_Product_Size": "Coles Kitchen Arancini Pumpkin 240g",
    "COL Price": 6,
    "COL ppu": "$2.50 per 100G",
    "COL Size": "240g"
  },
  {
    "Brand_Product_Size": "Pandaroo Fruit Jelly Mini Cups 20 pack 380g",
    "COL Price": 1.6,
    "COL ppu": "$0.42 per 100G",
    "COL Size": "380g"
  },
  {
    "Brand_Product_Size": "Bellamy's Organic Apple & Fig Oatmeal Puree 4+ Months 120g",
    "COL Price": 2,
    "COL ppu": "$1.67 per 100G",
    "COL Size": "120g"
  },
  {
    "Brand_Product_Size": "Lucky Natural Almonds 500g",
    "COL Price": 8.8,
    "COL ppu": "$17.60 per 1Kg",
    "COL Size": "500g"
  },
  {
    "Brand_Product_Size": "Farmers Union Greek Style Mango Yoghurt Pouch 130g",
    "COL Price": 1,
    "COL ppu": "$0.77 per 100G",
    "COL Size": "130g"
  },
  {
    "Brand_Product_Size": "Arnott's Tim Tam White Chocolate Biscuits 165g",
    "COL Price": 4,
    "COL ppu": "$2.42 per 100G",
    "COL Size": "165g"
  },
  {
    "Brand_Product_Size": "Grinders Rich Espresso Coffee Beans 1kg",
    "COL Price": 20,
    "COL ppu": "$2.00 per 100G",
    "COL Size": "1kg"
  },
  {
    "Brand_Product_Size": "Paesanella Ricotta Cheese approx. 100g",
    "COL Price": 1.17,
    "COL ppu": "$11.70 per 1Kg",
    "COL Size": "approx. 100g"
  },
  {
    "Brand_Product_Size": "Coles Deli Salads Tub Large Classic Pasta Large",
    "COL Price": 6,
    "COL ppu": "$6.00 per 1Ea",
    "COL Size": "Large"
  },
  {
    "Brand_Product_Size": "Lilydale Free Range Chicken Breast Strips Marinated with Finger Lime, Bush Spice & Chilli 400g",
    "COL Price": 10,
    "COL ppu": "$25.00 per 1Kg",
    "COL Size": "400g"
  },
  {
    "Brand_Product_Size": "Coles Cocoa Hazelnut & Almond Clusters 750g",
    "COL Price": 4,
    "COL ppu": "$0.53 per 100G",
    "COL Size": "750g"
  },
  {
    "Brand_Product_Size": "Mother's Day Licensed Cup And Saucer each",
    "COL Price": 10,
    "COL ppu": "$10.00 per 1Ea",
    "COL Size": "each"
  },
  {
    "Brand_Product_Size": "Leggo's Passata Italian Herbs 700g",
    "COL Price": 2.8,
    "COL ppu": "$0.40 per 100G",
    "COL Size": "700g"
  },
  {
    "Brand_Product_Size": "Dove Nutritive Solutions Daily Moisture Shampoo 640mL",
    "COL Price": 11.9,
    "COL ppu": "$1.86 per 100mL",
    "COL Size": "640mL"
  },
  {
    "Brand_Product_Size": "Red Rock Deli Potato Chips Sweet Chilli 5 Pack 140g",
    "COL Price": 4.65,
    "COL ppu": "$3.32 per 100G",
    "COL Size": "140g"
  },
  {
    "Brand_Product_Size": "Babylove Unisex Stretchy Toddler Nappy Pants 9-14 Kg Size 4 56 pack",
    "COL Price": 27,
    "COL ppu": "$0.48 per 1Ea",
    "COL Size": "56 pack"
  },
  {
    "Brand_Product_Size": "Coles Ready to Roll Black Icing 250g",
    "COL Price": 3.5,
    "COL ppu": "$1.40 per 100G",
    "COL Size": "250g"
  },
  {
    "Brand_Product_Size": "Cook & Dine Baking Tray each",
    "COL Price": 4,
    "COL ppu": "$4.00 per 1Ea",
    "COL Size": "each"
  },
  {
    "Brand_Product_Size": "Dairylea Original Cheese Slices 12 pack 216g",
    "COL Price": 3.6,
    "COL ppu": "$16.67 per 1Kg",
    "COL Size": "216g"
  },
  {
    "Brand_Product_Size": "Gourmet Garden Lightly Dried Parsley Prepacked 8g",
    "COL Price": 3.5,
    "COL ppu": "$4.38 per 10G",
    "COL Size": "8g"
  },
  {
    "Brand_Product_Size": "L'Oreal Age Re-Perfect Eye & Lip Cream 15mL",
    "COL Price": 33.99,
    "COL ppu": "$226.62 per 100mL",
    "COL Size": "15mL"
  },
  {
    "Brand_Product_Size": "White Wings Plain Flour 5kg",
    "COL Price": 9,
    "COL ppu": "$1.80 per 1Kg",
    "COL Size": "5kg"
  },
  {
    "Brand_Product_Size": "Coles Deli Thawed Raw Imported Peeled Prawn Meat approx. 250g",
    "COL Price": 6.75,
    "COL ppu": "$27.00 per 1Kg",
    "COL Size": "approx. 250g"
  },
  {
    "Brand_Product_Size": "Vitapet Fish Food Weekend Block each",
    "COL Price": 4.35,
    "COL ppu": "$4.35 per 1Ea",
    "COL Size": "each"
  },
  {
    "Brand_Product_Size": "Farmers Market Grainfree Real Chicken & Pumpkin In Broth Adult Cat Food 80g",
    "COL Price": 1.9,
    "COL ppu": "$2.38 per 100G",
    "COL Size": "80g"
  },
  {
    "Brand_Product_Size": "Arnott's Shapes Crackers Triple Cheese Toastie 165g",
    "COL Price": 3.2,
    "COL ppu": "$1.94 per 100G",
    "COL Size": "165g"
  },
  {
    "Brand_Product_Size": "Coles Bake & Create Pink Flower Icing Decorations 16 piece",
    "COL Price": 3,
    "COL ppu": "$0.19 per 1Ea",
    "COL Size": "16 piece"
  },
  {
    "Brand_Product_Size": "Blackmores Vitamin C + Elderberry Gummies 120 pack",
    "COL Price": 12.5,
    "COL ppu": "$10.42 per 100Ea",
    "COL Size": "120 pack"
  },
  {
    "Brand_Product_Size": "Continental Kosher Butchers Beef Mince Premium 1kg",
    "COL Price": 24.5,
    "COL ppu": "$24.50 per 1Kg",
    "COL Size": "1kg"
  },
  {
    "Brand_Product_Size": "Coca-Cola No Sugar Coke Multipack Cans 375mL 10 pack",
    "COL Price": 13.75,
    "COL ppu": "$3.67 per 1L",
    "COL Size": "10 pack"
  },
  {
    "Brand_Product_Size": "Maybelline Mineral Power Powder Classic Ivory 20 each",
    "COL Price": 17.15,
    "COL ppu": "$21.44 per 10G",
    "COL Size": "each"
  },
  {
    "Brand_Product_Size": "Dishmatic General Purpose Refill 3 pack",
    "COL Price": 5,
    "COL ppu": "$1.67 per 1Ea",
    "COL Size": "3 pack"
  },
  {
    "Brand_Product_Size": "Pledge Grab It Duster Heads Refill 5 pack",
    "COL Price": 6.2,
    "COL ppu": "$6.20 per 1Ea",
    "COL Size": "5 pack"
  },
  {
    "Brand_Product_Size": "Coles Frozen Fruit Mixed Berries 500g",
    "COL Price": 4,
    "COL ppu": "$8.00 per 1Kg",
    "COL Size": "500g"
  },
  {
    "Brand_Product_Size": "Rafferty's Garden Beef Sweet Potato & Parsnip 6+ Months 120g",
    "COL Price": 1.9,
    "COL ppu": "$1.58 per 100G",
    "COL Size": "120g"
  },
  {
    "Brand_Product_Size": "Bickford's Ginger Beer Cordial 750mL",
    "COL Price": 3.2,
    "COL ppu": "$4.27 per 1L",
    "COL Size": "750mL"
  },
  {
    "Brand_Product_Size": "Sanitarium UP&GO Protein Energize Choc 250mL 12 pack",
    "COL Price": 14,
    "COL ppu": "$4.67 per 1L",
    "COL Size": "12 pack"
  },
  {
    "Brand_Product_Size": "Coles Finest Almond Coconut Cranberry Chocolate Thins 110g",
    "COL Price": 3.5,
    "COL ppu": "$3.18 per 100G",
    "COL Size": "110g"
  },
  {
    "Brand_Product_Size": "Illy Classico Ground Coffee 250g",
    "COL Price": 15,
    "COL ppu": "$6.00 per 100G",
    "COL Size": "250g"
  },
  {
    "Brand_Product_Size": "Keep It Cleaner Nut Butter Filled Balls Salted Caramel & Peanut Butter Filling 40g",
    "COL Price": 3.5,
    "COL ppu": "$8.75 per 100G",
    "COL Size": "40g"
  },
  {
    "Brand_Product_Size": "Coles Kitchens Butter Chicken Curry Bowl 460g",
    "COL Price": 9,
    "COL ppu": "$19.57 per 1Kg",
    "COL Size": "460g"
  },
  {
    "Brand_Product_Size": "Kellogg's LCMs Choc Chip Puffed Rice Snack Bars 6 pack 132g",
    "COL Price": 4,
    "COL ppu": "$3.03 per 100G",
    "COL Size": "132g"
  },
  {
    "Brand_Product_Size": "Coles Kitchen BBQ Pasta Salad 250g",
    "COL Price": 3.5,
    "COL ppu": "$1.40 per 100G",
    "COL Size": "250g"
  },
  {
    "Brand_Product_Size": "Listerine Fresh Burst Mouthwash 250mL",
    "COL Price": 4.7,
    "COL ppu": "$1.88 per 100mL",
    "COL Size": "250mL"
  },
  {
    "Brand_Product_Size": "Pepsi Max Mango Soft Drink 1.25L",
    "COL Price": 1.3,
    "COL ppu": "$1.04 per 1L",
    "COL Size": "1.25L"
  },
  {
    "Brand_Product_Size": "Botanica Vanilla & Himalayan Magnolia Fragrance Refills 38mL",
    "COL Price": 12.5,
    "COL ppu": "$32.89 per 100mL",
    "COL Size": "38mL"
  },
  {
    "Brand_Product_Size": "Hansells Chef's Kitchen Chocolate Flavoured Mousse 70g",
    "COL Price": 2,
    "COL ppu": "$2.86 per 100G",
    "COL Size": "70g"
  },
  {
    "Brand_Product_Size": "Leggo's Roasted Vegetables Stir Through Sauce 350g",
    "COL Price": 3,
    "COL ppu": "$0.86 per 100G",
    "COL Size": "350g"
  },
  {
    "Brand_Product_Size": "Coles Deli Fromager D'Affinois approx. 100g",
    "COL Price": 7.5,
    "COL ppu": "$75.00 per 1Kg",
    "COL Size": "approx. 100g"
  },
  {
    "Brand_Product_Size": "Primo Gourmet Pork And Caramelised Pear 450g",
    "COL Price": 7.5,
    "COL ppu": "$1.67 per 100G",
    "COL Size": "450g"
  },
  {
    "Brand_Product_Size": "John West Protein + Calcium Tuna:Tomato Onion 90g",
    "COL Price": 2,
    "COL ppu": "$22.22 per 1Kg",
    "COL Size": "90g"
  },
  {
    "Brand_Product_Size": "On The Menu Beef & Bacon Pasta 400g",
    "COL Price": 4.5,
    "COL ppu": "$1.13 per 100G",
    "COL Size": "400g"
  },
  {
    "Brand_Product_Size": "John Frieda Brilliant Brunette Chestnut Espresso Moisturising Shampoo 250mL",
    "COL Price": 16,
    "COL ppu": "$6.40 per 100mL",
    "COL Size": "250mL"
  },
  {
    "Brand_Product_Size": "Vitasoy Soy Milky Lite Long Life Milk 1L 1L",
    "COL Price": 2.45,
    "COL ppu": "$2.45 per 1L",
    "COL Size": "1L"
  },
  {
    "Brand_Product_Size": "Rana Porcini Mushroom Ravioli 325g",
    "COL Price": 7,
    "COL ppu": "$2.15 per 100G",
    "COL Size": "325g"
  },
  {
    "Brand_Product_Size": "Mix Sheer Knee Highs 15 Denier Natural One Size 4 pack",
    "COL Price": 5,
    "COL ppu": "$1.25 per 1Ea",
    "COL Size": "4 pack"
  },
  {
    "Brand_Product_Size": "Stubb's Hickory Bourbon BBQ Sauce 510g",
    "COL Price": 6,
    "COL ppu": "$1.18 per 100G",
    "COL Size": "510g"
  },
  {
    "Brand_Product_Size": "Toni & Guy Purple Conditioner 50mL",
    "COL Price": 5,
    "COL ppu": "$10.00 per 100mL",
    "COL Size": "50mL"
  },
  {
    "Brand_Product_Size": "Ubu Smokey Eye Brush Set 3 pack",
    "COL Price": 15,
    "COL ppu": "$5.00 per 1Ea",
    "COL Size": "3 pack"
  },
  {
    "Brand_Product_Size": "John West Wild Alaskan Red Salmon 210g",
    "COL Price": 7.2,
    "COL ppu": "$34.29 per 1Kg",
    "COL Size": "210g"
  },
  {
    "Brand_Product_Size": "Wrigley's Eclipse Peppermint Chewy Mints Tin 27g",
    "COL Price": 1.25,
    "COL ppu": "$4.63 per 100G",
    "COL Size": "27g"
  },
  {
    "Brand_Product_Size": "Banana Boat Sensitive Sunscreen SPF 50+ 200g",
    "COL Price": 16.5,
    "COL ppu": "$8.25 per 100G",
    "COL Size": "200g"
  },
  {
    "Brand_Product_Size": "Bow Wow Knot Rope Tug With Tennis Ball Toy 1 pack",
    "COL Price": 4,
    "COL ppu": "$4.00 per 1Ea",
    "COL Size": "1 pack"
  },
  {
    "Brand_Product_Size": "Yoplait Mango Yoghurt 1kg",
    "COL Price": 4,
    "COL ppu": "$0.40 per 100G",
    "COL Size": "1kg"
  },
  {
    "Brand_Product_Size": "Fluffy Fragrance Temptations Aqua Desire Concentrated Fabric Softener 1L",
    "COL Price": 7,
    "COL ppu": "$7.00 per 1L",
    "COL Size": "1L"
  },
  {
    "Brand_Product_Size": "Cook & Dine Glazed Large Bowl each",
    "COL Price": 5,
    "COL ppu": "$5.00 per 1Ea",
    "COL Size": "each"
  },
  {
    "Brand_Product_Size": "Heinz Springwater & Sea Salt Shredded Chicken 85g",
    "COL Price": 1.5,
    "COL ppu": "$17.65 per 1Kg",
    "COL Size": "85g"
  },
  {
    "Brand_Product_Size": "Manicare Gold Tip Flat Tweezer 1 pack",
    "COL Price": 11,
    "COL ppu": "$11.00 per 1Ea",
    "COL Size": "1 pack"
  },
  {
    "Brand_Product_Size": "Tooshies By Tom Organic Bamboo Nappies Size 4 Toddler 36 pack",
    "COL Price": 20,
    "COL ppu": "$0.56 per 1Ea",
    "COL Size": "36 pack"
  },
  {
    "Brand_Product_Size": "Primo Raw Cocktail Frankfurts approx. 50g each",
    "COL Price": 0.325,
    "COL ppu": "$6.50 per 1kg",
    "COL Size": "approx. 50g each"
  },
  {
    "Brand_Product_Size": "Wrigley's Eclipse Sugar Free Peppermint Mints Large Tin 40g",
    "COL Price": 3,
    "COL ppu": "$7.50 per 100G",
    "COL Size": "40g"
  },
  {
    "Brand_Product_Size": "Pilot Frixion Blue Erasable Ballpoint Pen 1 pack",
    "COL Price": 3.25,
    "COL ppu": "",
    "COL Size": "1 pack"
  },
  {
    "Brand_Product_Size": "Coca-Cola Soft Drink Diet Coke 375mL 24 pack",
    "COL Price": 19.05,
    "COL ppu": "$0.79 per 1Ea",
    "COL Size": "24 pack"
  },
  {
    "Brand_Product_Size": "Arnott's Crackers Crimpy Chicken Shapes 8 Pack 200g",
    "COL Price": 3,
    "COL ppu": "$1.50 per 100G",
    "COL Size": "200g"
  },
  {
    "Brand_Product_Size": "Dove Men+Care Shampoo Anti Dandruff 300mL",
    "COL Price": 6.5,
    "COL ppu": "$2.17 per 100mL",
    "COL Size": "300mL"
  },
  {
    "Brand_Product_Size": "Coles Bristle Bath Brush 1 pack",
    "COL Price": 10,
    "COL ppu": "$10.00 per 1Ea",
    "COL Size": "1 pack"
  },
  {
    "Brand_Product_Size": "Coles Deli Express Chicken Pate With Black Pepper 120g",
    "COL Price": 5,
    "COL ppu": "$4.17 per 100G",
    "COL Size": "120g"
  },
  {
    "Brand_Product_Size": "Rhodes South African Peaches In Syrup 825g",
    "COL Price": 2,
    "COL ppu": "$2.42 per 1Kg",
    "COL Size": "825g"
  },
  {
    "Brand_Product_Size": "Danone Yopro Mango Yoghurt 160g",
    "COL Price": 2.4,
    "COL ppu": "$1.50 per 100G",
    "COL Size": "160g"
  },
  {
    "Brand_Product_Size": "Thomson's Deli Mild Hungarian Salami 320g",
    "COL Price": 6.6,
    "COL ppu": "$20.63 per 1Kg",
    "COL Size": "320g"
  },
  {
    "Brand_Product_Size": "Coles Pitted Prunes 200g",
    "COL Price": 3,
    "COL ppu": "$15.00 per 1Kg",
    "COL Size": "200g"
  },
  {
    "Brand_Product_Size": "Coles GU10 240V 500 Lumens 6 watt Warm White LED Globe 2 pack",
    "COL Price": 10,
    "COL ppu": "$5.00 per 1Ea",
    "COL Size": "2 pack"
  },
  {
    "Brand_Product_Size": "Huggies Ultra-Dry Nappy Pants For Boys 15 Kg & Over Size 6 46 pack",
    "COL Price": 25,
    "COL ppu": "$0.54 per 1Ea",
    "COL Size": "46 pack"
  },
  {
    "Brand_Product_Size": "Wonder Active Bread 680g",
    "COL Price": 3.4,
    "COL ppu": "$0.50 per 100G",
    "COL Size": "680g"
  },
  {
    "Brand_Product_Size": "M&M's Milk Chocolate Small Bag 49g",
    "COL Price": 2,
    "COL ppu": "$4.08 per 100G",
    "COL Size": "49g"
  },
  {
    "Brand_Product_Size": "Coles Organic Snow Peas 150g",
    "COL Price": 8,
    "COL ppu": "$53.34 per 1Kg",
    "COL Size": "150g"
  },
  {
    "Brand_Product_Size": "Optus X Lite 4G each",
    "COL Price": 34,
    "COL ppu": "$34.00 per 1Ea",
    "COL Size": "each"
  },
  {
    "Brand_Product_Size": "Palmolive Hydrating Shower Gel 1L",
    "COL Price": 8.5,
    "COL ppu": "$0.85 per 100mL",
    "COL Size": "1L"
  },
  {
    "Brand_Product_Size": "Rexona Women's Classic Antiperspirant Aerosol Deodorant 250mL",
    "COL Price": 5,
    "COL ppu": "$2.00 per 100mL",
    "COL Size": "250mL"
  },
  {
    "Brand_Product_Size": "MTR Instant Rava Idli Mix 500g",
    "COL Price": 3.25,
    "COL ppu": "$0.65 per 100G",
    "COL Size": "500g"
  },
  {
    "Brand_Product_Size": "Grillman BBQ Small Aluminium Trays 5 pack",
    "COL Price": 4,
    "COL ppu": "$0.80 per 1Ea",
    "COL Size": "5 pack"
  },
  {
    "Brand_Product_Size": "Lipton Peach Ice Tea 500mL",
    "COL Price": 1.9,
    "COL ppu": "$3.80 per 1L",
    "COL Size": "500mL"
  },
  {
    "Brand_Product_Size": "Curash Medicated Nappy Rash Spray 50mL",
    "COL Price": 10,
    "COL ppu": "$20.00 per 100mL",
    "COL Size": "50mL"
  },
  {
    "Brand_Product_Size": "Lipton Peach Light Ice Tea Drink 500mL",
    "COL Price": 1.9,
    "COL ppu": "$3.80 per 1L",
    "COL Size": "500mL"
  },
  {
    "Brand_Product_Size": "Golden Circle Sunshine Punch Fruit Drink 1L",
    "COL Price": 2.25,
    "COL ppu": "$2.25 per 1L",
    "COL Size": "1L"
  },
  {
    "Brand_Product_Size": "Philadelphia Original Cream Cheese Block 250g",
    "COL Price": 4.7,
    "COL ppu": "$1.88 per 100G",
    "COL Size": "250g"
  },
  {
    "Brand_Product_Size": "Mainland Vintage Cheese Block 400g",
    "COL Price": 9,
    "COL ppu": "$22.50 per 1Kg",
    "COL Size": "400g"
  },
  {
    "Brand_Product_Size": "Cucina Matese Passata 700g",
    "COL Price": 3,
    "COL ppu": "$0.43 per 100G",
    "COL Size": "700g"
  },
  {
    "Brand_Product_Size": "Aunt Betty's Whipped Cream Vanilla 250mL",
    "COL Price": 4,
    "COL ppu": "$1.60 per 100mL",
    "COL Size": "250mL"
  },
  {
    "Brand_Product_Size": "Cadbury Chocolate Marble Bars 54g",
    "COL Price": 1,
    "COL ppu": "$1.85 per 100G",
    "COL Size": "54g"
  },
  {
    "Brand_Product_Size": "Kellogg's Nutri-Grain Protein Breakfast Cereal Value Pack 805g",
    "COL Price": 4.25,
    "COL ppu": "$0.53 per 100G",
    "COL Size": "805g"
  },
  {
    "Brand_Product_Size": "Airwick Essential Oil Air Freshener Electric Refill Vanilla & Soft Cashmere Triple 21mL 3 pack",
    "COL Price": 11,
    "COL ppu": "$3.67 per 1Ea",
    "COL Size": "3 pack"
  },
  {
    "Brand_Product_Size": "Cedel Family Anti Dandruff Foam Shampoo 250mL",
    "COL Price": 5,
    "COL ppu": "$2.00 per 100mL",
    "COL Size": "250mL"
  },
  {
    "Brand_Product_Size": "Coles Deli Fresh Salmon Portion Skin On approx. 250g each",
    "COL Price": 7.375,
    "COL ppu": "$29.50 per 1Kg",
    "COL Size": "approx. 250g each"
  },
  {
    "Brand_Product_Size": "Organic White Mushrooms 180g",
    "COL Price": 5,
    "COL ppu": "$27.78 per 1Kg",
    "COL Size": "180g"
  },
  {
    "Brand_Product_Size": "Always Fresh Green Peppercorns 100g",
    "COL Price": 3.5,
    "COL ppu": "$0.35 per 10G",
    "COL Size": "100g"
  },
  {
    "Brand_Product_Size": "Coles Bakery Hot Dog Rolls 12 pack",
    "COL Price": 3.5,
    "COL ppu": "$0.29 per 1Ea",
    "COL Size": "12 pack"
  },
  {
    "Brand_Product_Size": "Bega Tasty Natural Cheese Slices 15 pack 250g",
    "COL Price": 4.5,
    "COL ppu": "$18.00 per 1Kg",
    "COL Size": "250g"
  },
  {
    "Brand_Product_Size": "Rexona Men Antiperspirant Aerosol Advanced Sports On 100mL",
    "COL Price": 3.5,
    "COL ppu": "$3.50 per 100mL",
    "COL Size": "100mL"
  },
  {
    "Brand_Product_Size": "Cook & Dine Porcelain Square Serving Platter each",
    "COL Price": 10,
    "COL ppu": "$10.00 per 1Ea",
    "COL Size": "each"
  },
  {
    "Brand_Product_Size": "Coles Vanilla Yoghurt Pouch 70g",
    "COL Price": 0.75,
    "COL ppu": "$1.07 per 100G",
    "COL Size": "70g"
  },
  {
    "Brand_Product_Size": "Emma & Tom's Greenpower Juice Chilled 350mL",
    "COL Price": 3.9,
    "COL ppu": "$11.14 per 1L",
    "COL Size": "350mL"
  },
  {
    "Brand_Product_Size": "Nestle Coffee Mate French Vanilla Flavoured Liquid Coffee Whitener 150mL",
    "COL Price": 4,
    "COL ppu": "$2.67 per 100mL",
    "COL Size": "150mL"
  },
  {
    "Brand_Product_Size": "McCain Frozen Steak Cut Beer Batter Chips 750g",
    "COL Price": 4.3,
    "COL ppu": "$0.57 per 100G",
    "COL Size": "750g"
  },
  {
    "Brand_Product_Size": "Coles Spring Onion & Chive Cheese 190g",
    "COL Price": 3,
    "COL ppu": "$15.79 per 1Kg",
    "COL Size": "190g"
  },
  {
    "Brand_Product_Size": "Nature Valley Crunchy Peanut Butter 6 Twin Bars 252g",
    "COL Price": 5.5,
    "COL ppu": "$2.18 per 100G",
    "COL Size": "252g"
  },
  {
    "Brand_Product_Size": "Coles Kitchen Cauliflower Cheese 350g",
    "COL Price": 6,
    "COL ppu": "$1.71 per 100G",
    "COL Size": "350g"
  },
  {
    "Brand_Product_Size": "Freedom Foods Messy Monkeys Gluten Free Banana Flavour Cereal 220g",
    "COL Price": 4,
    "COL ppu": "$1.82 per 100G",
    "COL Size": "220g"
  },
  {
    "Brand_Product_Size": "Obento Ponzu Sauce 250mL",
    "COL Price": 3,
    "COL ppu": "$1.20 per 100mL",
    "COL Size": "250mL"
  },
  {
    "Brand_Product_Size": "Sistema Plus Rectangle Containers 2.2 Litre 3 pack",
    "COL Price": 8,
    "COL ppu": "$2.67 per 1Ea",
    "COL Size": "3 pack"
  },
  {
    "Brand_Product_Size": "Berocca Variety Pack 45 pack",
    "COL Price": 22.8,
    "COL ppu": "$0.51 per 1Ea",
    "COL Size": "45 pack"
  },
  {
    "Brand_Product_Size": "A2 Platinum Premium Follow On Stage 2 Formula 900g",
    "COL Price": 38,
    "COL ppu": "$4.22 per 100G",
    "COL Size": "900g"
  },
  {
    "Brand_Product_Size": "Only Good Deodorant Bliss 50mL",
    "COL Price": 10,
    "COL ppu": "$20.00 per 100mL",
    "COL Size": "50mL"
  },
  {
    "Brand_Product_Size": "Coles Frozen Chicken Breast Nuggets 400g",
    "COL Price": 3.6,
    "COL ppu": "$0.90 per 100G",
    "COL Size": "400g"
  },
  {
    "Brand_Product_Size": "Tasmanian Heritage White Pearl Camembert approx. 100g",
    "COL Price": 4.5,
    "COL ppu": "$45.00 per 1Kg",
    "COL Size": "approx. 100g"
  },
  {
    "Brand_Product_Size": "Jarrah French Vanilla Latte 250g",
    "COL Price": 3.5,
    "COL ppu": "$1.40 per 100G",
    "COL Size": "250g"
  },
  {
    "Brand_Product_Size": "Pandaroo Chinese Cooking Wine 375mL",
    "COL Price": 3.5,
    "COL ppu": "$0.93 per 100mL",
    "COL Size": "375mL"
  },
  {
    "Brand_Product_Size": "Maybelline Superstay Liquid Foundation True Ivory 30mL",
    "COL Price": 13.5,
    "COL ppu": "$4.50 per 10mL",
    "COL Size": "30mL"
  },
  {
    "Brand_Product_Size": "Lindt Lindor Dark Assorted Cornet 327g",
    "COL Price": 20,
    "COL ppu": "$6.12 per 100G",
    "COL Size": "327g"
  },
  {
    "Brand_Product_Size": "Hanabi Frozen Korean Kimchi Gyoza 675g",
    "COL Price": 10,
    "COL ppu": "$1.48 per 100G",
    "COL Size": "675g"
  },
  {
    "Brand_Product_Size": "Sanitarium Natural Smooth Peanut Butter Spread 375g",
    "COL Price": 3.5,
    "COL ppu": "$0.93 per 100G",
    "COL Size": "375g"
  },
  {
    "Brand_Product_Size": "Carman's Oat Slice Belgian Chocolate Brownie 210g",
    "COL Price": 6,
    "COL ppu": "$2.86 per 100G",
    "COL Size": "210g"
  },
  {
    "Brand_Product_Size": "Strauss SP Mayonnaise & Red Cabbage Dip 500g",
    "COL Price": 15.5,
    "COL ppu": "$3.10 per 100G",
    "COL Size": "500g"
  },
  {
    "Brand_Product_Size": "Vegie Delights Frozen Gluten Free Lentil Patties 4 pack 300g",
    "COL Price": 6,
    "COL ppu": "$2.00 per 100G",
    "COL Size": "300g"
  },
  {
    "Brand_Product_Size": "Ogx Argan Oil of Morocco Renew Treatment 237mL",
    "COL Price": 20,
    "COL ppu": "$8.44 per 100mL",
    "COL Size": "237mL"
  },
  {
    "Brand_Product_Size": "Barilla Spaghetti No 5 500g",
    "COL Price": 2,
    "COL ppu": "$0.40 per 100G",
    "COL Size": "500g"
  },
  {
    "Brand_Product_Size": "Helgas Cafe Style Raisin Toast 600g",
    "COL Price": 6.5,
    "COL ppu": "$1.08 per 100G",
    "COL Size": "600g"
  },
  {
    "Brand_Product_Size": "Coles Microgreens Chervil each",
    "COL Price": 3,
    "COL ppu": "$3.00 per 1Ea",
    "COL Size": "each"
  },
  {
    "Brand_Product_Size": "Whiskas So Meaty 1+ Years Wet Cat Food Meat Cuts In Gravy 85g Pouch 12 pack",
    "COL Price": 7.35,
    "COL ppu": "$0.72 per 100G",
    "COL Size": "12 pack"
  },
  {
    "Brand_Product_Size": "Royal Fields Zaatar 500g",
    "COL Price": 9,
    "COL ppu": "$1.80 per 100G",
    "COL Size": "500g"
  },
  {
    "Brand_Product_Size": "Coles I'm Free From Banana Bread Slice 5 pack 400g",
    "COL Price": 6.25,
    "COL ppu": "$1.56 per 100G",
    "COL Size": "400g"
  },
  {
    "Brand_Product_Size": "Pureharvest Organic Aussie Dream Rice Milk 1L",
    "COL Price": 2.2,
    "COL ppu": "$2.20 per 1L",
    "COL Size": "1L"
  },
  {
    "Brand_Product_Size": "Coles Complete Balance Chicken Flavour Adult Dog Food 3kg",
    "COL Price": 6,
    "COL ppu": "$0.20 per 100G",
    "COL Size": "3kg"
  },
  {
    "Brand_Product_Size": "Colgate Total Advanced Whitening Toothpaste 115g",
    "COL Price": 5.5,
    "COL ppu": "$4.78 per 100G",
    "COL Size": "115g"
  },
  {
    "Brand_Product_Size": "Duracell Lithium 2016 Battery 4 pack",
    "COL Price": 9.9,
    "COL ppu": "$2.48 per 1Ea",
    "COL Size": "4 pack"
  },
  {
    "Brand_Product_Size": "Coles Kale & Baby Spinach 300g",
    "COL Price": 5,
    "COL ppu": "$1.67 per 100G",
    "COL Size": "300g"
  },
  {
    "Brand_Product_Size": "Maggie Beer Red Wine Vinegar 375mL",
    "COL Price": 8.8,
    "COL ppu": "$2.35 per 100mL",
    "COL Size": "375mL"
  },
  {
    "Brand_Product_Size": "Freedom Foods Messy Monkeys Vanilla Rice Puff Bars 6 pack 96g",
    "COL Price": 5.5,
    "COL ppu": "$5.73 per 100G",
    "COL Size": "96g"
  },
  {
    "Brand_Product_Size": "Lynx Aerosol Ice Chill Antiperspirant 165mL",
    "COL Price": 7,
    "COL ppu": "$4.24 per 100mL",
    "COL Size": "165mL"
  },
  {
    "Brand_Product_Size": "Onix USB Mini Desk Fan 10cm each",
    "COL Price": 12.5,
    "COL ppu": "",
    "COL Size": "each"
  },
  {
    "Brand_Product_Size": "KanTong Chinese Barbeque Cooking Sauce 520g",
    "COL Price": 3.3,
    "COL ppu": "$0.63 per 100G",
    "COL Size": "520g"
  },
  {
    "Brand_Product_Size": "West Country Farmhouse Cheddar approx. 100g",
    "COL Price": 5,
    "COL ppu": "$50.00 per 1Kg",
    "COL Size": "approx. 100g"
  },
  {
    "Brand_Product_Size": "Garnier Fructis Style Manga Head Explosive Extreme Putty 150mL",
    "COL Price": 4.97,
    "COL ppu": "$3.31 per 100mL",
    "COL Size": "150mL"
  },
  {
    "Brand_Product_Size": "Aphrodite Haloumi By Will Studd approx. 100g",
    "COL Price": 4.8,
    "COL ppu": "$48.00 per 1Kg",
    "COL Size": "approx. 100g"
  },
  {
    "Brand_Product_Size": "Head & Shoulders Shampoo Itchy Scalp 660mL",
    "COL Price": 17,
    "COL ppu": "$2.58 per 100mL",
    "COL Size": "660mL"
  },
  {
    "Brand_Product_Size": "Jordans Crispy Oat Clusters Wild About Berries Cereal 500g",
    "COL Price": 3.5,
    "COL ppu": "$0.70 per 100G",
    "COL Size": "500g"
  },
  {
    "Brand_Product_Size": "Maxibon Caramel Rough Nut Ice Cream Bars 4 pack 620mL",
    "COL Price": 8.4,
    "COL ppu": "$1.35 per 100mL",
    "COL Size": "620mL"
  },
  {
    "Brand_Product_Size": "Coles Mild American Mustard 250g",
    "COL Price": 2,
    "COL ppu": "$0.80 per 100G",
    "COL Size": "250g"
  },
  {
    "Brand_Product_Size": "Coles Frozen Hash Browns Potatoes 1kg",
    "COL Price": 2.95,
    "COL ppu": "$2.95 per 1Kg",
    "COL Size": "1kg"
  },
  {
    "Brand_Product_Size": "Bounce Gluten Free Cashew Caramel Protein Energy Ball 40g",
    "COL Price": 2,
    "COL ppu": "$0.50 per 10G",
    "COL Size": "40g"
  },
  {
    "Brand_Product_Size": "Bulla Splits Raspberry Ice Cream Sticks 10 pack 750mL",
    "COL Price": 7,
    "COL ppu": "$0.93 per 100mL",
    "COL Size": "750mL"
  },
  {
    "Brand_Product_Size": "Nestle Milo Energy Dairy Snack 150g",
    "COL Price": 2.1,
    "COL ppu": "$1.40 per 100G",
    "COL Size": "150g"
  },
  {
    "Brand_Product_Size": "Moose Head Grubby Putty 100g",
    "COL Price": 9,
    "COL ppu": "$9.00 per 100G",
    "COL Size": "100g"
  },
  {
    "Brand_Product_Size": "Sanpellegrino Chinotto Drink Cans 4 pack",
    "COL Price": 6,
    "COL ppu": "$1.50 per 1Ea",
    "COL Size": "4 pack"
  },
  {
    "Brand_Product_Size": "Gaia Natural Baby Hair & Body Wash 500mL",
    "COL Price": 17,
    "COL ppu": "$3.40 per 100mL",
    "COL Size": "500mL"
  },
  {
    "Brand_Product_Size": "Coles RSPCA Approved Chicken Kebabs Honey & Soy 750g",
    "COL Price": 9.5,
    "COL ppu": "$12.67 per 1Kg",
    "COL Size": "750g"
  },
  {
    "Brand_Product_Size": "Cook & Dine Bistro Speckle Cereal Bowl each",
    "COL Price": 5,
    "COL ppu": "$5.00 per 1Ea",
    "COL Size": "each"
  },
  {
    "Brand_Product_Size": "Coles Nail Polish Remove Acetone 125mL",
    "COL Price": 2.8,
    "COL ppu": "$0.22 per 10mL",
    "COL Size": "125mL"
  },
  {
    "Brand_Product_Size": "Coles Beef Rissoles 440g",
    "COL Price": 5.5,
    "COL ppu": "$1.25 per 100G",
    "COL Size": "440g"
  },
  {
    "Brand_Product_Size": "Nivea Pearl & Beauty Roll On Antiperspirant Deodorant 50mL",
    "COL Price": 3.5,
    "COL ppu": "$7.00 per 100mL",
    "COL Size": "50mL"
  },
  {
    "Brand_Product_Size": "Pantene Micellar Water Aloevera Conditioner 300mL",
    "COL Price": 13,
    "COL ppu": "$4.33 per 100mL",
    "COL Size": "300mL"
  },
  {
    "Brand_Product_Size": "Red Seal Herbal Mint Toothpaste 110g",
    "COL Price": 4.5,
    "COL ppu": "$4.09 per 100G",
    "COL Size": "110g"
  },
  {
    "Brand_Product_Size": "Paramount Pink Salmon Wild Alaskan 415g",
    "COL Price": 6.3,
    "COL ppu": "$15.18 per 1Kg",
    "COL Size": "415g"
  },
  {
    "Brand_Product_Size": "The Spice Tailor Thai Red Curry 275g",
    "COL Price": 4.5,
    "COL ppu": "$1.64 per 100G",
    "COL Size": "275g"
  },
  {
    "Brand_Product_Size": "Cenovis Sugarless Vitamin C 500mg 160 pack",
    "COL Price": 12,
    "COL ppu": "$0.08 per 1Ea",
    "COL Size": "160 pack"
  },
  {
    "Brand_Product_Size": "Onix Onix Home Starter Stick Blender each",
    "COL Price": 25,
    "COL ppu": "$25.00 per 1Ea",
    "COL Size": "each"
  },
  {
    "Brand_Product_Size": "Dilmah Pure Ceylon Extra Strength Tea Bags 100 pack 240g",
    "COL Price": 7,
    "COL ppu": "$0.07 per 1Ea",
    "COL Size": "240g"
  },
  {
    "Brand_Product_Size": "Schweppes Mixers Tonic Water Multipack Bottles 300mL 4 pack",
    "COL Price": 5.9,
    "COL ppu": "$4.92 per 1L",
    "COL Size": "4 pack"
  },
  {
    "Brand_Product_Size": "Nexba Sugar Free Creaming Soda Sparkling Infusion 1L",
    "COL Price": 2.65,
    "COL ppu": "$2.65 per 1L",
    "COL Size": "1L"
  },
  {
    "Brand_Product_Size": "Coles Brown Onions 5 kg",
    "COL Price": 4.5,
    "COL ppu": "$0.90 per 1Kg",
    "COL Size": "5 kg"
  },
  {
    "Brand_Product_Size": "Bic Flex 3 Men's Disposable Razor 4 pack",
    "COL Price": 5.5,
    "COL ppu": "$1.38 per 1Ea",
    "COL Size": "4 pack"
  },
  {
    "Brand_Product_Size": "Mr Kipling Unicorn Fancies 8 Pack 205g",
    "COL Price": 3,
    "COL ppu": "$1.46 per 100G",
    "COL Size": "205g"
  },
  {
    "Brand_Product_Size": "Coles Bakery White Finger Buns 4 pack",
    "COL Price": 3.5,
    "COL ppu": "$0.88 per 1Ea",
    "COL Size": "4 pack"
  },
  {
    "Brand_Product_Size": "Valley Produce Co. Original Bagel Toast 120g",
    "COL Price": 5,
    "COL ppu": "$4.17 per 100G",
    "COL Size": "120g"
  },
  {
    "Brand_Product_Size": "Leggo's Thick & Chunky Rustic Passata Sauce 700g",
    "COL Price": 2.8,
    "COL ppu": "$0.40 per 100G",
    "COL Size": "700g"
  },
  {
    "Brand_Product_Size": "Queen's Diamond Pitted Dates 250g",
    "COL Price": 2.2,
    "COL ppu": "$0.88 per 100G",
    "COL Size": "250g"
  },
  {
    "Brand_Product_Size": "Violet Crumble Dark Choc Honeycomb Bag 180g",
    "COL Price": 4.4,
    "COL ppu": "$2.44 per 100G",
    "COL Size": "180g"
  },
  {
    "Brand_Product_Size": "Old El Paso Fajita Kit Mild 485g",
    "COL Price": 5,
    "COL ppu": "$1.03 per 100G",
    "COL Size": "485g"
  },
  {
    "Brand_Product_Size": "Nature's Way Vita Gummies Omega 3 110 pack",
    "COL Price": 20,
    "COL ppu": "$0.18 per 1Ea",
    "COL Size": "110 pack"
  },
  {
    "Brand_Product_Size": "Coles Extra Virgin Olive Oil 500mL",
    "COL Price": 5.5,
    "COL ppu": "$1.10 per 100mL",
    "COL Size": "500mL"
  },
  {
    "Brand_Product_Size": "Campbell's V8 Vegetable Juice 300mL",
    "COL Price": 1.65,
    "COL ppu": "$5.50 per 1L",
    "COL Size": "300mL"
  },
  {
    "Brand_Product_Size": "Coles Orange & Passionfruit Soda Syrup 500mL",
    "COL Price": 3.5,
    "COL ppu": "$7.00 per 1L",
    "COL Size": "500mL"
  },
  {
    "Brand_Product_Size": "San Remo Penne Pulse Pasta 250g",
    "COL Price": 4.2,
    "COL ppu": "$1.68 per 100G",
    "COL Size": "250g"
  },
  {
    "Brand_Product_Size": "Imodium Capsules 8 pack",
    "COL Price": 11,
    "COL ppu": "$1.38 per 1Ea",
    "COL Size": "8 pack"
  },
  {
    "Brand_Product_Size": "Hoyts Ground Nutmeg 25g",
    "COL Price": 2,
    "COL ppu": "$0.80 per 10G",
    "COL Size": "25g"
  },
  {
    "Brand_Product_Size": "Stayfree Ultra Thin Super Pads With Wings 24 pack",
    "COL Price": 7.25,
    "COL ppu": "$0.30 per 1Ea",
    "COL Size": "24 pack"
  },
  {
    "Brand_Product_Size": "Ocean Blue Premium Blue Swimmer Crab Meat 140g",
    "COL Price": 10.5,
    "COL ppu": "$75.00 per 1Kg",
    "COL Size": "140g"
  },
  {
    "Brand_Product_Size": "Coles Deli Thawed Cooked Peeled Prawns Cutlets approx. 250g",
    "COL Price": 7.25,
    "COL ppu": "$29.00 per 1Kg",
    "COL Size": "approx. 250g"
  },
  {
    "Brand_Product_Size": "Udder Delights Adelaide Hills Double Cream Brie Cheese 200g",
    "COL Price": 9,
    "COL ppu": "$4.50 per 100G",
    "COL Size": "200g"
  },
  {
    "Brand_Product_Size": "Australian Botanical Soap Manuka Honey With Jojoba Oil 200g",
    "COL Price": 4,
    "COL ppu": "$2.00 per 100G",
    "COL Size": "200g"
  },
  {
    "Brand_Product_Size": "La Famiglia Stone Baked Garlic Ciabatta 330g",
    "COL Price": 6.7,
    "COL ppu": "$2.03 per 100G",
    "COL Size": "330g"
  },
  {
    "Brand_Product_Size": "Herbert Adams Vegetable Korma Pie 2 Pack 400g",
    "COL Price": 7.8,
    "COL ppu": "$1.95 per 100G",
    "COL Size": "400g"
  },
  {
    "Brand_Product_Size": "Whiskas Favourites 1+ Years Tuna In Jelly Wet Cat Food Pouches 85g 15 pack",
    "COL Price": 10,
    "COL ppu": "$0.67 per 1Ea",
    "COL Size": "15 pack"
  },
  {
    "Brand_Product_Size": "Little Live Omg Pets 1 pack",
    "COL Price": 17,
    "COL ppu": "",
    "COL Size": "1 pack"
  },
  {
    "Brand_Product_Size": "Strephen Intensive Orange Lozenges Sugar Free 16 pack",
    "COL Price": 10,
    "COL ppu": "$0.63 per 1Ea",
    "COL Size": "16 pack"
  },
  {
    "Brand_Product_Size": "Mars Maltesers Box 400g",
    "COL Price": 12,
    "COL ppu": "$3.00 per 100G",
    "COL Size": "400g"
  },
  {
    "Brand_Product_Size": "Mainland Extra Tasty Cheddar Cheese Block 500g",
    "COL Price": 9,
    "COL ppu": "$1.80 per 100G",
    "COL Size": "500g"
  },
  {
    "Brand_Product_Size": "Simple Cleansing Facial Wipes 25 pack",
    "COL Price": 7.5,
    "COL ppu": "$0.30 per 1Ea",
    "COL Size": "25 pack"
  },
  {
    "Brand_Product_Size": "King Of Shaves Super Cooling Shave Gel 150mL",
    "COL Price": 9,
    "COL ppu": "$6.00 per 100mL",
    "COL Size": "150mL"
  },
  {
    "Brand_Product_Size": "Stayfree Ultra Thin with Wings Light Pads 16 pack",
    "COL Price": 4.5,
    "COL ppu": "$0.28 per 1Ea",
    "COL Size": "16 pack"
  },
  {
    "Brand_Product_Size": "Carman's Cranberry & Blueberry Oat Slice 70g",
    "COL Price": 3.5,
    "COL ppu": "$5.00 per 100G",
    "COL Size": "70g"
  },
  {
    "Brand_Product_Size": "Patak's Plain Mini Pappadums 75g",
    "COL Price": 4.1,
    "COL ppu": "$5.47 per 100G",
    "COL Size": "75g"
  },
  {
    "Brand_Product_Size": "Dreem Strawberry Jelly 85g",
    "COL Price": 1.05,
    "COL ppu": "$1.24 per 100G",
    "COL Size": "85g"
  },
  {
    "Brand_Product_Size": "Goulburn Valley Two Fruits In Juice 170g 2 pack",
    "COL Price": 4,
    "COL ppu": "$1.18 per 100G",
    "COL Size": "2 pack"
  },
  {
    "Brand_Product_Size": "Cleaver's Beef Lasagne Organic & Free Range 600g",
    "COL Price": 12.75,
    "COL ppu": "$21.25 per 1Kg",
    "COL Size": "600g"
  },
  {
    "Brand_Product_Size": "Clio Curvy Slim Tights 15D Black - 2 each",
    "COL Price": 8,
    "COL ppu": "$8.00 per 1Ea",
    "COL Size": "each"
  },
  {
    "Brand_Product_Size": "Nivea Men Sensitive Aftershave Balm + Chamomile & Witch Hazel 100mL",
    "COL Price": 11.5,
    "COL ppu": "$11.50 per 100mL",
    "COL Size": "100mL"
  },
  {
    "Brand_Product_Size": "Coles Finest Swiss 12 Month Aged Gruyere approx 100g each",
    "COL Price": 6,
    "COL ppu": "$60.00 per 1Kg",
    "COL Size": "approx 100g each"
  },
  {
    "Brand_Product_Size": "Pilot Bottle To Grip Begreen Gel Blue And Black 0.5mm 2 pack",
    "COL Price": 7.5,
    "COL ppu": "$3.75 per 1Ea",
    "COL Size": "2 pack"
  },
  {
    "Brand_Product_Size": "Carefree Original Super Tampons 16 pack",
    "COL Price": 4.25,
    "COL ppu": "$0.27 per 1Ea",
    "COL Size": "16 pack"
  },
  {
    "Brand_Product_Size": "Sukin Lime & Coconut Hand & Nail Cream 125mL",
    "COL Price": 11,
    "COL ppu": "$8.80 per 100mL",
    "COL Size": "125mL"
  },
  {
    "Brand_Product_Size": "Coles Pacific Tuna In Spring Water 95g",
    "COL Price": 1.3,
    "COL ppu": "$1.37 per 100G",
    "COL Size": "95g"
  },
  {
    "Brand_Product_Size": "Elite Mini Pesek Zman Multipack 400g",
    "COL Price": 10.65,
    "COL ppu": "$2.66 per 100G",
    "COL Size": "400g"
  },
  {
    "Brand_Product_Size": "Bondi Sands Pure Self Tanning Face Mist 70mL",
    "COL Price": 23,
    "COL ppu": "$32.86 per 100mL",
    "COL Size": "70mL"
  },
  {
    "Brand_Product_Size": "Coles Finest Garlic & Parmigiano Reggiano Pizza 300g",
    "COL Price": 4,
    "COL ppu": "$1.33 per 100G",
    "COL Size": "300g"
  },
  {
    "Brand_Product_Size": "Cottee's Orange No Added Sugar Cordial 1L",
    "COL Price": 4.2,
    "COL ppu": "$4.20 per 1L",
    "COL Size": "1L"
  },
  {
    "Brand_Product_Size": "Coles Frozen Party Sausage Rolls 12 pack 500g",
    "COL Price": 4.9,
    "COL ppu": "$0.98 per 100G",
    "COL Size": "500g"
  },
  {
    "Brand_Product_Size": "Gillette Fusion Proshield 1-up Razor 1 pack",
    "COL Price": 17,
    "COL ppu": "$17.00 per 1Ea",
    "COL Size": "1 pack"
  },
  {
    "Brand_Product_Size": "Coles Pine Nuts 150g",
    "COL Price": 7,
    "COL ppu": "$46.67 per 1Kg",
    "COL Size": "150g"
  },
  {
    "Brand_Product_Size": "B Honey Glass 450g",
    "COL Price": 8.5,
    "COL ppu": "$1.89 per 100G",
    "COL Size": "450g"
  },
  {
    "Brand_Product_Size": "Extra White Spearmint Chewing Gum 4 Pack 56g",
    "COL Price": 2.8,
    "COL ppu": "$5.00 per 100G",
    "COL Size": "56g"
  },
  {
    "Brand_Product_Size": "Nice & Natural Peanut Butter With Real Milk Chocolate 5 Bars 175g",
    "COL Price": 5,
    "COL ppu": "$2.86 per 100G",
    "COL Size": "175g"
  },
  {
    "Brand_Product_Size": "Coles Kitchen Chicken Breast Mushroom Sauce 360g",
    "COL Price": 10,
    "COL ppu": "$2.78 per 100G",
    "COL Size": "360g"
  },
  {
    "Brand_Product_Size": "Supercoat Real Chicken Dry Dog Food 3kg",
    "COL Price": 12,
    "COL ppu": "$0.40 per 100G",
    "COL Size": "3kg"
  },
  {
    "Brand_Product_Size": "Coles Multi Angle Medium Toothbrush 2 pack",
    "COL Price": 2,
    "COL ppu": "$1.00 per 1Ea",
    "COL Size": "2 pack"
  },
  {
    "Brand_Product_Size": "Latina Fresh Spinach & Ricotta Tortellini 625g",
    "COL Price": 8,
    "COL ppu": "$1.28 per 100G",
    "COL Size": "625g"
  },
  {
    "Brand_Product_Size": "Queen Gel Red Food Colour 15g",
    "COL Price": 2.5,
    "COL ppu": "$16.67 per 100G",
    "COL Size": "15g"
  },
  {
    "Brand_Product_Size": "Coles Large Resealable Storage Bags 20 pack",
    "COL Price": 2.4,
    "COL ppu": "$0.12 per 1Ea",
    "COL Size": "20 pack"
  },
  {
    "Brand_Product_Size": "Hoyts Turmeric Powder Ground 140g",
    "COL Price": 4.05,
    "COL ppu": "$0.29 per 10G",
    "COL Size": "140g"
  },
  {
    "Brand_Product_Size": "Arnott's Scotch Finger Biscuits 250g",
    "COL Price": 3,
    "COL ppu": "$1.20 per 100G",
    "COL Size": "250g"
  },
  {
    "Brand_Product_Size": "Beit Yitzchok Natural Strawberry Jam 284g",
    "COL Price": 6.85,
    "COL ppu": "$2.41 per 100G",
    "COL Size": "284g"
  },
  {
    "Brand_Product_Size": "McCain Garlic Herb & Lemon Delish Fries 600g",
    "COL Price": 4.3,
    "COL ppu": "$7.17 per 1Kg",
    "COL Size": "600g"
  },
  {
    "Brand_Product_Size": "Twinings Pure Green Tea Bags 50 pack 100g",
    "COL Price": 7,
    "COL ppu": "$7.00 per 100G",
    "COL Size": "100g"
  },
  {
    "Brand_Product_Size": "Hoyts Cardamom Pods 10g",
    "COL Price": 2.6,
    "COL ppu": "$2.60 per 10G",
    "COL Size": "10g"
  },
  {
    "Brand_Product_Size": "Lux Soap Powder Flakes 700g",
    "COL Price": 7.5,
    "COL ppu": "$10.71 per 1Kg",
    "COL Size": "700g"
  },
  {
    "Brand_Product_Size": "Sukin Hand & Nail Cream Tube 125mL",
    "COL Price": 11,
    "COL ppu": "$8.80 per 100mL",
    "COL Size": "125mL"
  },
  {
    "Brand_Product_Size": "L'OR Espresso Onyx Intensity 12 Coffee Capsules 10 Pack 52g",
    "COL Price": 4.5,
    "COL ppu": "$0.09 per 1G",
    "COL Size": "52g"
  },
  {
    "Brand_Product_Size": "Lynx Men Antiperspirant Roll On Deodorant Africa 50mL",
    "COL Price": 4,
    "COL ppu": "$8.00 per 100mL",
    "COL Size": "50mL"
  },
  {
    "Brand_Product_Size": "Nando's Perinaise Mild Peri-Peri Mayonnaise 265g",
    "COL Price": 3.9,
    "COL ppu": "$1.47 per 100G",
    "COL Size": "265g"
  },
  {
    "Brand_Product_Size": "Mars Ice Cream Tub 460mL",
    "COL Price": 10,
    "COL ppu": "$2.17 per 100mL",
    "COL Size": "460mL"
  },
  {
    "Brand_Product_Size": "Whiskas 1+ Years Wet Cat Food Chicken Mince Can 400g",
    "COL Price": 1.75,
    "COL ppu": "$0.44 per 100G",
    "COL Size": "400g"
  },
  {
    "Brand_Product_Size": "Organic Choice Melaleuca & Native Blossom Air Freshener 200mL",
    "COL Price": 5,
    "COL ppu": "$2.50 per 100mL",
    "COL Size": "200mL"
  },
  {
    "Brand_Product_Size": "Radiant Laundry Powder Mixed Colours 2kg",
    "COL Price": 9,
    "COL ppu": "$4.50 per 1Kg",
    "COL Size": "2kg"
  },
  {
    "Brand_Product_Size": "Mission Multigrain 8 Tortillas 384g",
    "COL Price": 3.8,
    "COL ppu": "$0.99 per 100G",
    "COL Size": "384g"
  },
  {
    "Brand_Product_Size": "Fuze Tea Mango Green Iced Tea 500mL",
    "COL Price": 1.95,
    "COL ppu": "$3.90 per 1L",
    "COL Size": "500mL"
  },
  {
    "Brand_Product_Size": "Coles Jumbo Unsalted Cashews 200g",
    "COL Price": 5.5,
    "COL ppu": "$27.50 per 1Kg",
    "COL Size": "200g"
  },
  {
    "Brand_Product_Size": "Mission Burrito 8 Tortillas Low Fat 384g",
    "COL Price": 3.8,
    "COL ppu": "$0.99 per 100G",
    "COL Size": "384g"
  },
  {
    "Brand_Product_Size": "Trill Toppers Bird Treat 112g",
    "COL Price": 5,
    "COL ppu": "$4.46 per 100G",
    "COL Size": "112g"
  },
  {
    "Brand_Product_Size": "Schwarzkopf Extra Care Marrakesh Oil And Coconut Shampoo 400mL",
    "COL Price": 6.9,
    "COL ppu": "$1.73 per 100mL",
    "COL Size": "400mL"
  },
  {
    "Brand_Product_Size": "Nivea Refreshing Cleansing Face Wipes + Vitamin E 25 pack",
    "COL Price": 7.5,
    "COL ppu": "$0.30 per 1Ea",
    "COL Size": "25 pack"
  },
  {
    "Brand_Product_Size": "McCain Frozen Healthy Choice Apricot Chicken With Steamed Rice 350g",
    "COL Price": 4,
    "COL ppu": "$1.14 per 100G",
    "COL Size": "350g"
  },
  {
    "Brand_Product_Size": "Moose Head Hard Core Wax 100g",
    "COL Price": 9,
    "COL ppu": "$9.00 per 100G",
    "COL Size": "100g"
  },
  {
    "Brand_Product_Size": "Rafferty's Garden Mixed Berry Yoghurt Buttons 12+ Months 28g",
    "COL Price": 4,
    "COL ppu": "$14.29 per 100G",
    "COL Size": "28g"
  },
  {
    "Brand_Product_Size": "Coles Corned Beef 340g",
    "COL Price": 2.5,
    "COL ppu": "$7.35 per 1Kg",
    "COL Size": "340g"
  },
  {
    "Brand_Product_Size": "Aeroplane Ready To Eat Blackcurrant Jelly 120g",
    "COL Price": 1.4,
    "COL ppu": "$1.17 per 100G",
    "COL Size": "120g"
  },
  {
    "Brand_Product_Size": "Coles Kitchen Sandwich Beef Brisket 180g",
    "COL Price": 7,
    "COL ppu": "$3.89 per 100G",
    "COL Size": "180g"
  },
  {
    "Brand_Product_Size": "Be Natural Low Sugar Granola Breakfast Cereal With Whole Grains and Honey Blossom Flavour 400g",
    "COL Price": 4.87,
    "COL ppu": "$1.22 per 100G",
    "COL Size": "400g"
  },
  {
    "Brand_Product_Size": "L'Oreal Paris Elnett Satin Supreme Hold Hairspray 400mL",
    "COL Price": 5.5,
    "COL ppu": "$1.38 per 100mL",
    "COL Size": "400mL"
  },
  {
    "Brand_Product_Size": "Kirks Pasito Multipack Cans 375 mL 10 pack",
    "COL Price": 6.2,
    "COL ppu": "$1.65 per 1L",
    "COL Size": "10 pack"
  },
  {
    "Brand_Product_Size": "Coles Frozen Macaroni Cheese 375g",
    "COL Price": 3,
    "COL ppu": "$0.80 per 100G",
    "COL Size": "375g"
  },
  {
    "Brand_Product_Size": "Loacker Gran Pasticceria Creme Noisette Chocolate Wafer Biscuit 100g",
    "COL Price": 4,
    "COL ppu": "$4.00 per 100G",
    "COL Size": "100g"
  },
  {
    "Brand_Product_Size": "Mrs Mac's Frozen Microwave Traditional Beef Pastie 165g",
    "COL Price": 2.5,
    "COL ppu": "$1.52 per 100G",
    "COL Size": "165g"
  },
  {
    "Brand_Product_Size": "Coles Organic Stir Fry 300g",
    "COL Price": 4.5,
    "COL ppu": "$15.00 per 1Kg",
    "COL Size": "300g"
  },
  {
    "Brand_Product_Size": "Coles Perform Satay Chicken 340g",
    "COL Price": 8,
    "COL ppu": "$2.35 per 100G",
    "COL Size": "340g"
  },
  {
    "Brand_Product_Size": "MasterFoods Hot Chilli Sauce 250mL",
    "COL Price": 2,
    "COL ppu": "$0.80 per 100mL",
    "COL Size": "250mL"
  },
  {
    "Brand_Product_Size": "Sanitarium UP&GO Protein Energize Choc 250mL 6 pack",
    "COL Price": 9.7,
    "COL ppu": "$6.47 per 1L",
    "COL Size": "6 pack"
  },
  {
    "Brand_Product_Size": "Garofalo Gnocchi Di Patate 500g",
    "COL Price": 2.4,
    "COL ppu": "$0.48 per 100G",
    "COL Size": "500g"
  },
  {
    "Brand_Product_Size": "Edgell Garden Peas 220g",
    "COL Price": 1.1,
    "COL ppu": "$5.00 per 1Kg",
    "COL Size": "220g"
  },
  {
    "Brand_Product_Size": "Comfort Pure Fabric Conditioner 2L",
    "COL Price": 12,
    "COL ppu": "$6.00 per 1L",
    "COL Size": "2L"
  },
  {
    "Brand_Product_Size": "Dairy Farmers Full Cream Milk 2L",
    "COL Price": 3.2,
    "COL ppu": "$1.60 per 1L",
    "COL Size": "2L"
  },
  {
    "Brand_Product_Size": "Eskal Red  Horseradish 375g",
    "COL Price": 6.15,
    "COL ppu": "$1.64 per 100G",
    "COL Size": "375g"
  },
  {
    "Brand_Product_Size": "Solomon Kosher Butchen Frozen Golden Chicken Soup 800g",
    "COL Price": 12.4,
    "COL ppu": "$1.55 per 100G",
    "COL Size": "800g"
  },
  {
    "Brand_Product_Size": "McCain Frozen Superfries Crinkle Cut Potato Chips 900g",
    "COL Price": 3,
    "COL ppu": "$3.33 per 1Kg",
    "COL Size": "900g"
  },
  {
    "Brand_Product_Size": "Coles Assorted Shapes Medistrips 50 pack",
    "COL Price": 3,
    "COL ppu": "$0.06 per 1Ea",
    "COL Size": "50 pack"
  },
  {
    "Brand_Product_Size": "Purina Total Care Bedding Fresh Spray 275mL",
    "COL Price": 12,
    "COL ppu": "$4.36 per 100mL",
    "COL Size": "275mL"
  },
  {
    "Brand_Product_Size": "Queen Pure Canadian Maple Syrup 250mL",
    "COL Price": 9,
    "COL ppu": "$3.60 per 100mL",
    "COL Size": "250mL"
  },
  {
    "Brand_Product_Size": "Masterfoods Smoked & Charred Texan Rub 50g",
    "COL Price": 3.75,
    "COL ppu": "$0.75 per 10G",
    "COL Size": "50g"
  },
  {
    "Brand_Product_Size": "Fancy Feast Classic Ocean Fish Filet Canned Cat Food 85g",
    "COL Price": 1.45,
    "COL ppu": "$1.71 per 100G",
    "COL Size": "85g"
  },
  {
    "Brand_Product_Size": "Coles Chillies Ground Hot 43g",
    "COL Price": 2.5,
    "COL ppu": "$0.58 per 10G",
    "COL Size": "43g"
  },
  {
    "Brand_Product_Size": "Arnott's Shapes Crackers Triple Cheese Toastie 165g",
    "COL Price": 3.2,
    "COL ppu": "$1.94 per 100G",
    "COL Size": "165g"
  },
  {
    "Brand_Product_Size": "Gillette Fusion ProGlide Sensitive Shaving Gel Active Sport 170g",
    "COL Price": 8.5,
    "COL ppu": "$5.00 per 100G",
    "COL Size": "170g"
  },
  {
    "Brand_Product_Size": "Freedom Foods Messy Monkeys Gluten Free Berry Shake Flavour Cereal 240g",
    "COL Price": 4,
    "COL ppu": "$1.67 per 100G",
    "COL Size": "240g"
  },
  {
    "Brand_Product_Size": "Freedom Foods Heritage Mill Berry Bliss Clusters 1kg",
    "COL Price": 7,
    "COL ppu": "$7.00 per 1Kg",
    "COL Size": "1kg"
  },
  {
    "Brand_Product_Size": "Pace Farm Free Range Natural Living Extra Large Eggs 12 pack 700g",
    "COL Price": 5.95,
    "COL ppu": "$0.85 per 100G",
    "COL Size": "700g"
  },
  {
    "Brand_Product_Size": "MasterFoods Mango Chutney Relish 250g",
    "COL Price": 3.3,
    "COL ppu": "$1.32 per 100G",
    "COL Size": "250g"
  },
  {
    "Brand_Product_Size": "Byron Bay Cookie Milk Choc Chunk Bites Pouch 100g",
    "COL Price": 2.5,
    "COL ppu": "$2.50 per 100G",
    "COL Size": "100g"
  },
  {
    "Brand_Product_Size": "Carman's Cranberry, Blueberry & Goji Super Berry Muesli Bars 6 pack 270g",
    "COL Price": 6,
    "COL ppu": "$2.22 per 100G",
    "COL Size": "270g"
  },
  {
    "Brand_Product_Size": "Coles Navel Oranges Prepacked 5 pack",
    "COL Price": 6.5,
    "COL ppu": "$1.30 per 1Ea",
    "COL Size": "5 pack"
  },
  {
    "Brand_Product_Size": "Coles Rich Chocolate Cake 1600g",
    "COL Price": 35,
    "COL ppu": "$2.19 per 100G",
    "COL Size": "1600g"
  },
  {
    "Brand_Product_Size": "Truede Turkish Delight Choc Coated Rose 125g",
    "COL Price": 8.5,
    "COL ppu": "$6.80 per 100G",
    "COL Size": "125g"
  },
  {
    "Brand_Product_Size": "Coles Mini Jam Rolls 6 pack",
    "COL Price": 2.5,
    "COL ppu": "$0.42 per 1Ea",
    "COL Size": "6 pack"
  },
  {
    "Brand_Product_Size": "Colgate Mild Mint Gel Peppa Pig Toothpaste 90g",
    "COL Price": 3,
    "COL ppu": "$3.33 per 100G",
    "COL Size": "90g"
  },
  {
    "Brand_Product_Size": "Annalisa 4 Bean Mix 400g",
    "COL Price": 1.5,
    "COL ppu": "$3.75 per 1Kg",
    "COL Size": "400g"
  },
  {
    "Brand_Product_Size": "Bondi Sands Mens Gradual Tanning 200g",
    "COL Price": 18,
    "COL ppu": "$9.00 per 100G",
    "COL Size": "200g"
  },
  {
    "Brand_Product_Size": "Buderim Ginger Crystallised Mild Ginger 250g",
    "COL Price": 4.5,
    "COL ppu": "$18.00 per 1Kg",
    "COL Size": "250g"
  },
  {
    "Brand_Product_Size": "Coles Raspberry Jelly 4 Pack 500g",
    "COL Price": 2.2,
    "COL ppu": "$0.44 per 100G",
    "COL Size": "500g"
  },
  {
    "Brand_Product_Size": "Aofc Organic Pumpkin & Sage Pasta Sauce Pouch 400g",
    "COL Price": 4.75,
    "COL ppu": "$1.19 per 100G",
    "COL Size": "400g"
  },
  {
    "Brand_Product_Size": "Meat Servery Pork Sausages approx. 100g",
    "COL Price": 1.4,
    "COL ppu": "$14.00 per 1Kg",
    "COL Size": "approx. 100g"
  },
  {
    "Brand_Product_Size": "Coles Trail Mix 200g",
    "COL Price": 3.5,
    "COL ppu": "$17.50 per 1Kg",
    "COL Size": "200g"
  },
  {
    "Brand_Product_Size": "Huggies Ultra-Dry Nappy Pants For Girls 12-17 Kg Size 5 52 pack",
    "COL Price": 25,
    "COL ppu": "$0.48 per 1Ea",
    "COL Size": "52 pack"
  },
  {
    "Brand_Product_Size": "Peck's Anchovette Spread 50g",
    "COL Price": 1.6,
    "COL ppu": "$3.20 per 100G",
    "COL Size": "50g"
  },
  {
    "Brand_Product_Size": "Indya Crown Basmati Rice 5kg",
    "COL Price": 10.5,
    "COL ppu": "$2.10 per 1Kg",
    "COL Size": "5kg"
  },
  {
    "Brand_Product_Size": "Colgate Kids Sonic Battery Toothbrush each",
    "COL Price": 12,
    "COL ppu": "$12.00 per 1Ea",
    "COL Size": "each"
  },
  {
    "Brand_Product_Size": "Coles Carisma Washed Potatoes Prepacked 2kg",
    "COL Price": 7,
    "COL ppu": "$3.50 per 1Kg",
    "COL Size": "2kg"
  },
  {
    "Brand_Product_Size": "Chicken Tonight Indian Mild Butter Chicken Simmer Sauce 495g",
    "COL Price": 2.5,
    "COL ppu": "$0.51 per 100G",
    "COL Size": "495g"
  },
  {
    "Brand_Product_Size": "Pedigree Dentastix Large Dog Treats Daily Oral Care Dental Chews 7 pack",
    "COL Price": 5.2,
    "COL ppu": "$0.74 per 1Ea",
    "COL Size": "7 pack"
  },
  {
    "Brand_Product_Size": "Pro:Voke Touch Of Silver Intensive Repairing Treatment Conditioner 200mL",
    "COL Price": 13,
    "COL ppu": "$6.50 per 100mL",
    "COL Size": "200mL"
  },
  {
    "Brand_Product_Size": "Coles Kitchen Slow Cooked Beef Brisket Bourguignon 500g",
    "COL Price": 14,
    "COL ppu": "$2.80 per 100G",
    "COL Size": "500g"
  },
  {
    "Brand_Product_Size": "Celebrate Health Butter Chicken Recipe Base 175g",
    "COL Price": 3.5,
    "COL ppu": "$2.00 per 100G",
    "COL Size": "175g"
  },
  {
    "Brand_Product_Size": "Atkins Decadence Advantage Bar 60g",
    "COL Price": 4.5,
    "COL ppu": "$7.50 per 100G",
    "COL Size": "60g"
  },
  {
    "Brand_Product_Size": "Dolmio Extra Italian Herb Pasta Sauce 500g",
    "COL Price": 1.64,
    "COL ppu": "$0.33 per 100G",
    "COL Size": "500g"
  },
  {
    "Brand_Product_Size": "Campbell's V8 Pineapple Passion Juice 1.25L",
    "COL Price": 4.6,
    "COL ppu": "$3.68 per 1L",
    "COL Size": "1.25L"
  },
  {
    "Brand_Product_Size": "Tip Top Sandwich Thins Lighty Seeded 240g",
    "COL Price": 3.5,
    "COL ppu": "$1.46 per 100G",
    "COL Size": "240g"
  },
  {
    "Brand_Product_Size": "Arnott's Multigrain Vita-Weat Crackers 140g",
    "COL Price": 1.5,
    "COL ppu": "$1.07 per 100G",
    "COL Size": "140g"
  },
  {
    "Brand_Product_Size": "Beerenberg Australian Strawberry Jam 300g",
    "COL Price": 5,
    "COL ppu": "$1.67 per 100G",
    "COL Size": "300g"
  },
  {
    "Brand_Product_Size": "Coles Flying Insect Killer Spray 300g",
    "COL Price": 2.5,
    "COL ppu": "$0.83 per 100G",
    "COL Size": "300g"
  },
  {
    "Brand_Product_Size": "Hot Hands Hand Warmers 2 pack",
    "COL Price": 1.6,
    "COL ppu": "$0.80 per 1Ea",
    "COL Size": "2 pack"
  },
  {
    "Brand_Product_Size": "Pine O Cleen Lemon Disinfectant Gel 400mL",
    "COL Price": 5,
    "COL ppu": "$1.25 per 100mL",
    "COL Size": "400mL"
  },
  {
    "Brand_Product_Size": "Terrys Milk Chocolate Orange Gift Box 157g",
    "COL Price": 6,
    "COL ppu": "$3.82 per 100G",
    "COL Size": "157g"
  },
  {
    "Brand_Product_Size": "Carman's Gourmet Porridge Sachet with Honey Vanilla & Cinnamon 320g",
    "COL Price": 4,
    "COL ppu": "$1.25 per 100G",
    "COL Size": "320g"
  },
  {
    "Brand_Product_Size": "Nature's Way Kids Smart Iron Chewables 50 pack",
    "COL Price": 15,
    "COL ppu": "$0.30 per 1Ea",
    "COL Size": "50 pack"
  },
  {
    "Brand_Product_Size": "Coles Trail Mix Snack 6x30g 180g",
    "COL Price": 4,
    "COL ppu": "$22.22 per 1Kg",
    "COL Size": "180g"
  },
  {
    "Brand_Product_Size": "Fantastic Delites Honey Soy Chicken Rice Snacks 100g",
    "COL Price": 2,
    "COL ppu": "$2.00 per 100G",
    "COL Size": "100g"
  },
  {
    "Brand_Product_Size": "Birds Eye Frozen Supreme Mixed Vegetables Stir Fry 850g",
    "COL Price": 5,
    "COL ppu": "$5.88 per 1Kg",
    "COL Size": "850g"
  },
  {
    "Brand_Product_Size": "Darrell Lea Milk Chocolate PB&J Block 160g",
    "COL Price": 5,
    "COL ppu": "$3.13 per 100G",
    "COL Size": "160g"
  },
  {
    "Brand_Product_Size": "Cleaver's Organic Chicken Nuggets 300g",
    "COL Price": 9,
    "COL ppu": "$30.00 per 1Kg",
    "COL Size": "300g"
  },
  {
    "Brand_Product_Size": "Coles Wrapped Cheese Brie 125g",
    "COL Price": 3,
    "COL ppu": "$24.00 per 1Kg",
    "COL Size": "125g"
  },
  {
    "Brand_Product_Size": "Restaurant Collection Slow Cooked Argentinian Lamb With Salsa 500g",
    "COL Price": 19,
    "COL ppu": "$3.80 per 100G",
    "COL Size": "500g"
  },
  {
    "Brand_Product_Size": "Coles Fruity Pops Ice Cream 10 pack 750mL",
    "COL Price": 4,
    "COL ppu": "$0.53 per 100mL",
    "COL Size": "750mL"
  },
  {
    "Brand_Product_Size": "Coles Hot English Mustard 200 gram",
    "COL Price": 2,
    "COL ppu": "",
    "COL Size": "200 gram"
  },
  {
    "Brand_Product_Size": "Flying Goose Brand Sriracha Hot Green Chilli Sauce 455mL",
    "COL Price": 6.5,
    "COL ppu": "$1.43 per 100mL",
    "COL Size": "455mL"
  },
  {
    "Brand_Product_Size": "Only Organic Banana Raspberry & Vanilla Baby Food Pouch 8+ Months 120g",
    "COL Price": 2,
    "COL ppu": "$1.67 per 100G",
    "COL Size": "120g"
  },
  {
    "Brand_Product_Size": "Coles Deli Sliced Primo HGP Free Pastrami approx. 125g each",
    "COL Price": 3.25,
    "COL ppu": "$26.00 per 1Kg",
    "COL Size": "approx. 125g each"
  },
  {
    "Brand_Product_Size": "Gillette Blue 3 16 Pack Disposable Razor 16 pack",
    "COL Price": 15,
    "COL ppu": "$0.94 per 1Ea",
    "COL Size": "16 pack"
  },
  {
    "Brand_Product_Size": "Continental Kosher Butchers Chicken Wurst 200g",
    "COL Price": 9.5,
    "COL ppu": "$47.50 per 1Kg",
    "COL Size": "200g"
  },
  {
    "Brand_Product_Size": "Nad's Apple Berry Hair Removal Vitagel 150mL",
    "COL Price": 10,
    "COL ppu": "$6.67 per 100mL",
    "COL Size": "150mL"
  },
  {
    "Brand_Product_Size": "Coles Continental Chorizo each",
    "COL Price": 3,
    "COL ppu": "$3.00 per 1Ea",
    "COL Size": "each"
  },
  {
    "Brand_Product_Size": "Always Fresh Artichoke Hearts 400g",
    "COL Price": 3.8,
    "COL ppu": "$9.50 per 1Kg",
    "COL Size": "400g"
  },
  {
    "Brand_Product_Size": "Colgate Jumbo Regular Toothpaste 175g",
    "COL Price": 3,
    "COL ppu": "$1.71 per 100G",
    "COL Size": "175g"
  },
  {
    "Brand_Product_Size": "Soothers Immune+ Stick 1 pack",
    "COL Price": 2.2,
    "COL ppu": "$5.50 per 100G",
    "COL Size": "1 pack"
  },
  {
    "Brand_Product_Size": "Herron Blue Ibuprofen Tabsules 25 pack",
    "COL Price": 5,
    "COL ppu": "$0.20 per 1Ea",
    "COL Size": "25 pack"
  },
  {
    "Brand_Product_Size": "Sanitarium So Good Chilled Original Almond Milk 1L",
    "COL Price": 3,
    "COL ppu": "$3.00 per 1L",
    "COL Size": "1L"
  },
  {
    "Brand_Product_Size": "Restaurant Collection Roasted Honey Glazed Cumin Carrots 320g",
    "COL Price": 8,
    "COL ppu": "$2.50 per 100G",
    "COL Size": "320g"
  },
  {
    "Brand_Product_Size": "Coles Kitchen Beetslaw Salad Kit 320g",
    "COL Price": 5,
    "COL ppu": "$1.56 per 100G",
    "COL Size": "320g"
  },
  {
    "Brand_Product_Size": "Nature's Way Adult Vita Gummie Probiotic 65 pack",
    "COL Price": 20,
    "COL ppu": "$0.31 per 1Ea",
    "COL Size": "65 pack"
  },
  {
    "Brand_Product_Size": "Mission Soft & Fluffy Wrap 12 pack 450g",
    "COL Price": 4,
    "COL ppu": "$0.89 per 100G",
    "COL Size": "450g"
  },
  {
    "Brand_Product_Size": "Nestle Milo Duo 340g",
    "COL Price": 4,
    "COL ppu": "$1.18 per 100G",
    "COL Size": "340g"
  },
  {
    "Brand_Product_Size": "Essano Argan Oil Nourishing Shampoo 300mL",
    "COL Price": 16,
    "COL ppu": "$5.33 per 100mL",
    "COL Size": "300mL"
  },
  {
    "Brand_Product_Size": "Queen Victoria English Breakfast Extra Strong Tea 100 pack",
    "COL Price": 10,
    "COL ppu": "$0.10 per 1Ea",
    "COL Size": "100 pack"
  },
  {
    "Brand_Product_Size": "Plumrose Meatballs 420g",
    "COL Price": 5,
    "COL ppu": "$11.91 per 1Kg",
    "COL Size": "420g"
  },
  {
    "Brand_Product_Size": "Coles Spread Regular 500g",
    "COL Price": 1.4,
    "COL ppu": "$0.28 per 100G",
    "COL Size": "500g"
  },
  {
    "Brand_Product_Size": "Coles Kitchen Kitchen Butternut Pumpkin Soup 1kg",
    "COL Price": 8,
    "COL ppu": "$0.80 per 100G",
    "COL Size": "1kg"
  },
  {
    "Brand_Product_Size": "Coles Chicken Tortellini 600g",
    "COL Price": 4,
    "COL ppu": "$0.67 per 100G",
    "COL Size": "600g"
  },
  {
    "Brand_Product_Size": "Ritz Salted Caramel Sandwich Crackers 118g",
    "COL Price": 1.5,
    "COL ppu": "$1.27 per 100G",
    "COL Size": "118g"
  },
  {
    "Brand_Product_Size": "Purr Chicken Dental Cat Treat 50g",
    "COL Price": 4,
    "COL ppu": "$8.00 per 100G",
    "COL Size": "50g"
  },
  {
    "Brand_Product_Size": "Allen's Minties 150g",
    "COL Price": 3,
    "COL ppu": "$2.00 per 100G",
    "COL Size": "150g"
  },
  {
    "Brand_Product_Size": "Colman's Mint Sauce 165g",
    "COL Price": 4,
    "COL ppu": "$2.42 per 100G",
    "COL Size": "165g"
  },
  {
    "Brand_Product_Size": "Coles Thawed Seafood Garlic Prawn Skewers 5 pack",
    "COL Price": 7.5,
    "COL ppu": "$1.50 per 1Ea",
    "COL Size": "5 pack"
  },
  {
    "Brand_Product_Size": "CLR Calcium Lime Rust All Purpose Cleaner 750mL",
    "COL Price": 13.8,
    "COL ppu": "$1.84 per 100mL",
    "COL Size": "750mL"
  },
  {
    "Brand_Product_Size": "Tempo Mozzarella Cheese Slices 250g",
    "COL Price": 8.23,
    "COL ppu": "$32.92 per 1Kg",
    "COL Size": "250g"
  },
  {
    "Brand_Product_Size": "Maltesers Honeycomb Flavour Chocolate Bag Medium 140g",
    "COL Price": 3,
    "COL ppu": "$2.14 per 100G",
    "COL Size": "140g"
  },
  {
    "Brand_Product_Size": "Bells Frozen Pure Bagged Ice 5kg",
    "COL Price": 4.75,
    "COL ppu": "$0.95 per 1Kg",
    "COL Size": "5kg"
  },
  {
    "Brand_Product_Size": "Olinas Lavosh Crackers Rosemary & Sea Salt 100g",
    "COL Price": 4,
    "COL ppu": "$4.00 per 100G",
    "COL Size": "100g"
  },
  {
    "Brand_Product_Size": "B Honey Red Gum 325g",
    "COL Price": 8.5,
    "COL ppu": "$2.62 per 100G",
    "COL Size": "325g"
  },
  {
    "Brand_Product_Size": "Coles Blueberry Cheesecake 450g",
    "COL Price": 7,
    "COL ppu": "$1.56 per 100G",
    "COL Size": "450g"
  },
  {
    "Brand_Product_Size": "Snickers Ice Cream Tub 460mL",
    "COL Price": 10,
    "COL ppu": "$2.17 per 100mL",
    "COL Size": "460mL"
  },
  {
    "Brand_Product_Size": "Tandaco Dry Yeast 35g",
    "COL Price": 2.4,
    "COL ppu": "$6.86 per 100G",
    "COL Size": "35g"
  },
  {
    "Brand_Product_Size": "Coles Organic Lasagne Sheets 250g",
    "COL Price": 2,
    "COL ppu": "$0.80 per 100G",
    "COL Size": "250g"
  },
  {
    "Brand_Product_Size": "Coles Sweet Potato & Lentil Fritters 216g",
    "COL Price": 2.5,
    "COL ppu": "$1.16 per 100G",
    "COL Size": "216g"
  },
  {
    "Brand_Product_Size": "Coles Fabric Heavy Duty Medistrips 40 pack",
    "COL Price": 3.6,
    "COL ppu": "$0.09 per 1Ea",
    "COL Size": "40 pack"
  },
  {
    "Brand_Product_Size": "Purina Total Care Flea Powder For Dogs 200g",
    "COL Price": 9,
    "COL ppu": "$4.50 per 100G",
    "COL Size": "200g"
  },
  {
    "Brand_Product_Size": "Cadbury Caramilk Chocolate Bar 45g",
    "COL Price": 1,
    "COL ppu": "$2.22 per 100G",
    "COL Size": "45g"
  },
  {
    "Brand_Product_Size": "Coles Instant Full Cream Milk Powder 1kg",
    "COL Price": 5.7,
    "COL ppu": "$0.57 per 100G",
    "COL Size": "1kg"
  },
  {
    "Brand_Product_Size": "Mix Silky Sheer Pantyhose Black Average 1 pack",
    "COL Price": 4,
    "COL ppu": "$4.00 per 1Ea",
    "COL Size": "1 pack"
  },
  {
    "Brand_Product_Size": "Simple Light Moisturiser 125mL",
    "COL Price": 10.5,
    "COL ppu": "$8.40 per 100mL",
    "COL Size": "125mL"
  },
  {
    "Brand_Product_Size": "Lion Pastry Mix 375g",
    "COL Price": 2.5,
    "COL ppu": "$6.67 per 1Kg",
    "COL Size": "375g"
  },
  {
    "Brand_Product_Size": "Hanabi Frozen Surimi Fried Fish Balls 500g",
    "COL Price": 4,
    "COL ppu": "$0.80 per 100G",
    "COL Size": "500g"
  },
  {
    "Brand_Product_Size": "Coles RSPCA Approved Chicken Livers approx. 500g each",
    "COL Price": 4,
    "COL ppu": "$8.00 per 1Kg",
    "COL Size": "approx. 500g each"
  },
  {
    "Brand_Product_Size": "Yogo Choc Chip 150g",
    "COL Price": 2.85,
    "COL ppu": "$1.90 per 100G",
    "COL Size": "150g"
  },
  {
    "Brand_Product_Size": "Yoplait Fruche Vanilla Beans 2 x 150g 2 pack",
    "COL Price": 2.5,
    "COL ppu": "$0.83 per 100G",
    "COL Size": "2 pack"
  },
  {
    "Brand_Product_Size": "Maybelline Master Precise Black 110 Liquid Eyeliner 1mL 1 pack",
    "COL Price": 11.9,
    "COL ppu": "$11.90 per 1Ea",
    "COL Size": "1 pack"
  },
  {
    "Brand_Product_Size": "Normandie Mixed Pate Pods 4 pack 200g",
    "COL Price": 6.5,
    "COL ppu": "$3.25 per 100G",
    "COL Size": "200g"
  },
  {
    "Brand_Product_Size": "Celebrate Health Organic Pumpkin & Sweet Potato Soup 400g",
    "COL Price": 5,
    "COL ppu": "$1.25 per 100G",
    "COL Size": "400g"
  },
  {
    "Brand_Product_Size": "Pauls Kids Yoghurt Strawberry Pink 70g",
    "COL Price": 1.4,
    "COL ppu": "$2.00 per 100G",
    "COL Size": "70g"
  },
  {
    "Brand_Product_Size": "Crisco Canola Oil 2L",
    "COL Price": 6,
    "COL ppu": "$0.30 per 100mL",
    "COL Size": "2L"
  },
  {
    "Brand_Product_Size": "Continental Kosher Butchers Chicken Breast approx. 300g",
    "COL Price": 12,
    "COL ppu": "$40.00 per 1Kg",
    "COL Size": "approx. 300g"
  },
  {
    "Brand_Product_Size": "Table Of Plenty Dukkah Pistachio Spice Mix 45g",
    "COL Price": 3,
    "COL ppu": "$0.67 per 10G",
    "COL Size": "45g"
  },
  {
    "Brand_Product_Size": "Bref Pro Nature Mint & Eucalyptus 50g",
    "COL Price": 3,
    "COL ppu": "$6.00 per 100G",
    "COL Size": "50g"
  },
  {
    "Brand_Product_Size": "Remedy Apple Crisp Kombucha Drinks 4x250ml Cans 4 pack",
    "COL Price": 6,
    "COL ppu": "$1.50 per 1Ea",
    "COL Size": "4 pack"
  },
  {
    "Brand_Product_Size": "Cadbury Dairy Milk Chocolate  Freddo 35g",
    "COL Price": 1,
    "COL ppu": "$2.86 per 100G",
    "COL Size": "35g"
  },
  {
    "Brand_Product_Size": "Heinz Classic Italian Minestrone Soup Can 535g",
    "COL Price": 2.5,
    "COL ppu": "$0.47 per 100G",
    "COL Size": "535g"
  },
  {
    "Brand_Product_Size": "Coles Chocolate Coated Peanuts 190g",
    "COL Price": 2,
    "COL ppu": "$1.05 per 100G",
    "COL Size": "190g"
  },
  {
    "Brand_Product_Size": "Monini Grape Seed Oil 1L",
    "COL Price": 13,
    "COL ppu": "$1.30 per 100mL",
    "COL Size": "1L"
  },
  {
    "Brand_Product_Size": "Dairy Farmers Thick & Creamy Strawberry Yoghurt 600g",
    "COL Price": 4.5,
    "COL ppu": "$0.75 per 100G",
    "COL Size": "600g"
  },
  {
    "Brand_Product_Size": "Duracell Ultra Performance 9V Alkaline Batteries each",
    "COL Price": 7.9,
    "COL ppu": "$7.90 per 1Ea",
    "COL Size": "each"
  },
  {
    "Brand_Product_Size": "Nivea Men Shower Gel & Body Wash for Sensitive Skin + Bamboo Extract 500mL",
    "COL Price": 6,
    "COL ppu": "$1.20 per 100mL",
    "COL Size": "500mL"
  },
  {
    "Brand_Product_Size": "Remedy Raspberry Lemonade Organic Kombucha Multipack Cans 250ml 4 pack",
    "COL Price": 6,
    "COL ppu": "$6.00 per 1L",
    "COL Size": "4 pack"
  },
  {
    "Brand_Product_Size": "Palmolive Japanese Cherry Blossom Foaming Hand Wash Sanitiser Liquid Refill 1L",
    "COL Price": 8.5,
    "COL ppu": "$0.85 per 100mL",
    "COL Size": "1L"
  },
  {
    "Brand_Product_Size": "Colgate Advanced Whitening Charcoal Toothpaste 170g",
    "COL Price": 4.9,
    "COL ppu": "$2.88 per 100G",
    "COL Size": "170g"
  },
  {
    "Brand_Product_Size": "Sanitarium UP&GO Liquid Breakfast Choc Ice 250mL 3 pack",
    "COL Price": 4.95,
    "COL ppu": "$0.66 per 100mL",
    "COL Size": "3 pack"
  },
  {
    "Brand_Product_Size": "Helgas Mini Loaf Traditional Wholemeal 360g",
    "COL Price": 2.9,
    "COL ppu": "$0.81 per 100G",
    "COL Size": "360g"
  },
  {
    "Brand_Product_Size": "Coles Natures Kitchen Jackfruit In Brine 400g",
    "COL Price": 4,
    "COL ppu": "$10.00 per 1Kg",
    "COL Size": "400g"
  },
  {
    "Brand_Product_Size": "Old El Paso Hard 'N Soft Taco Kit Mild 350g",
    "COL Price": 5,
    "COL ppu": "$1.43 per 100G",
    "COL Size": "350g"
  },
  {
    "Brand_Product_Size": "Louisiana Gumbo Base Mix 141g",
    "COL Price": 6,
    "COL ppu": "$4.26 per 100G",
    "COL Size": "141g"
  },
  {
    "Brand_Product_Size": "Betty Crocker Triple Chocolate Fudge Brownie Mix 500g",
    "COL Price": 5.2,
    "COL ppu": "$1.04 per 100G",
    "COL Size": "500g"
  },
  {
    "Brand_Product_Size": "Twining's Vanilla Chai Tea Bags 80 pack",
    "COL Price": 5.6,
    "COL ppu": "$0.07 per 1Ea",
    "COL Size": "80 pack"
  },
  {
    "Brand_Product_Size": "Thank You Botanical Cedarwood Handwash 250mL",
    "COL Price": 4.2,
    "COL ppu": "$1.68 per 100mL",
    "COL Size": "250mL"
  },
  {
    "Brand_Product_Size": "Coles Deli Salads Tub Medium Classic Pasta medium",
    "COL Price": 5,
    "COL ppu": "$5.00 per 1Ea",
    "COL Size": "medium"
  },
  {
    "Brand_Product_Size": "Tena Large Pants for Men Level 4 8 pack",
    "COL Price": 10.8,
    "COL ppu": "$1.35 per 1Ea",
    "COL Size": "8 pack"
  },
  {
    "Brand_Product_Size": "Bushells Blue Label Extra Strong Black Tea Bags 100 pack",
    "COL Price": 4.5,
    "COL ppu": "$0.05 per 1Ea",
    "COL Size": "100 pack"
  },
  {
    "Brand_Product_Size": "Nair Leg Mask Exfoliate & Smooth With Natural Clay And Seaweed 227g",
    "COL Price": 15,
    "COL ppu": "$6.61 per 100G",
    "COL Size": "227g"
  },
  {
    "Brand_Product_Size": "Pana Mylk Almond 80g",
    "COL Price": 9,
    "COL ppu": "$11.25 per 100G",
    "COL Size": "80g"
  },
  {
    "Brand_Product_Size": "Coles Gluten Free Fruit Bread 500g",
    "COL Price": 5,
    "COL ppu": "$1.00 per 100G",
    "COL Size": "500g"
  },
  {
    "Brand_Product_Size": "Just For Men Light Brown Hair Colour 100g",
    "COL Price": 13.5,
    "COL ppu": "$13.50 per 100G",
    "COL Size": "100g"
  },
  {
    "Brand_Product_Size": "Ya-coya Aloe Crush Flavour Drink 1.5L",
    "COL Price": 4.8,
    "COL ppu": "$3.20 per 1L",
    "COL Size": "1.5L"
  },
  {
    "Brand_Product_Size": "Sealord Hoki Lemon Pepper Fillet 480g",
    "COL Price": 9.5,
    "COL ppu": "$19.79 per 1Kg",
    "COL Size": "480g"
  },
  {
    "Brand_Product_Size": "Coles Led Strip 5m 1 pack",
    "COL Price": 22,
    "COL ppu": "$22.00 per 1Ea",
    "COL Size": "1 pack"
  },
  {
    "Brand_Product_Size": "Caffe Aurora Italian Style Ground Coffee 1kg",
    "COL Price": 15,
    "COL ppu": "$1.50 per 100G",
    "COL Size": "1kg"
  },
  {
    "Brand_Product_Size": "VO5 Extreme Styling Matt Clay 85g",
    "COL Price": 7.5,
    "COL ppu": "$8.82 per 100G",
    "COL Size": "85g"
  },
  {
    "Brand_Product_Size": "Palmolive Luminous Oils Macadamia Oil With Peony Invigorating Hand Wash 500mL",
    "COL Price": 5,
    "COL ppu": "$1.00 per 100mL",
    "COL Size": "500mL"
  },
  {
    "Brand_Product_Size": "Sealord Frozen Wholemeal Crumb Fillets 300g",
    "COL Price": 5,
    "COL ppu": "$1.67 per 100G",
    "COL Size": "300g"
  },
  {
    "Brand_Product_Size": "Coles RSPCA Approved Chicken Popcorn Southern Fried 400g",
    "COL Price": 6.5,
    "COL ppu": "$1.63 per 100G",
    "COL Size": "400g"
  },
  {
    "Brand_Product_Size": "Nestle Chocolate Mousse 2 pack 124g",
    "COL Price": 2,
    "COL ppu": "$1.61 per 100G",
    "COL Size": "124g"
  },
  {
    "Brand_Product_Size": "Yoplait Vanilla Yoghurt 1kg",
    "COL Price": 4,
    "COL ppu": "$4.00 per 1L",
    "COL Size": "1kg"
  },
  {
    "Brand_Product_Size": "Oreo Chocolate Creme Biscuits Family Pack 370g",
    "COL Price": 3.5,
    "COL ppu": "$0.95 per 100G",
    "COL Size": "370g"
  },
  {
    "Brand_Product_Size": "Cadbury Old Gold Jamaica Rum N Raisin Large Block 300 gram",
    "COL Price": 5,
    "COL ppu": "",
    "COL Size": "300 gram"
  },
  {
    "Brand_Product_Size": "Schweppes Bitter Lemon Flavour Mixer Bottles 300mL 4 pack",
    "COL Price": 5.9,
    "COL ppu": "$4.92 per 1L",
    "COL Size": "4 pack"
  },
  {
    "Brand_Product_Size": "British Sausage Co Beef Eater BBQ Sausages 850g",
    "COL Price": 10,
    "COL ppu": "$11.76 per 1Kg",
    "COL Size": "850g"
  },
  {
    "Brand_Product_Size": "Birds Eye Frozen Steam Fresh Corn Cauliflower Broccoli & Sugar Snap Peas Mix 3 pack 450g",
    "COL Price": 2.8,
    "COL ppu": "$6.22 per 1Kg",
    "COL Size": "450g"
  },
  {
    "Brand_Product_Size": "Nescafe Blend 43 Decaf 100g",
    "COL Price": 9.4,
    "COL ppu": "$9.40 per 100G",
    "COL Size": "100g"
  },
  {
    "Brand_Product_Size": "Lynx Men Body Spray Aerosol Deodorant Apollo 155mL",
    "COL Price": 6,
    "COL ppu": "$3.87 per 100mL",
    "COL Size": "155mL"
  },
  {
    "Brand_Product_Size": "Cook & Dine Flame Lighter each",
    "COL Price": 5,
    "COL ppu": "$5.00 per 1ea",
    "COL Size": "each"
  },
  {
    "Brand_Product_Size": "Europe Minis Summer Roll 135g",
    "COL Price": 4,
    "COL ppu": "$2.96 per 100G",
    "COL Size": "135g"
  },
  {
    "Brand_Product_Size": "Arnott's Family Pack Choc Mint Slice Biscuits 365g",
    "COL Price": 4.5,
    "COL ppu": "$1.23 per 100G",
    "COL Size": "365g"
  },
  {
    "Brand_Product_Size": "Coles Smart Buy Baked Beans In Tomato Sauce 420g",
    "COL Price": 0.65,
    "COL ppu": "$0.15 per 100G",
    "COL Size": "420g"
  },
  {
    "Brand_Product_Size": "Coles Candle No 5 each",
    "COL Price": 1.5,
    "COL ppu": "$1.50 per 1Ea",
    "COL Size": "each"
  },
  {
    "Brand_Product_Size": "Coles Chicken Sage And Thyme Sausages 550g",
    "COL Price": 5.5,
    "COL ppu": "$1.00 per 100G",
    "COL Size": "550g"
  },
  {
    "Brand_Product_Size": "Sunny Queen Free Range Extra Large Eggs 12 pack 700g",
    "COL Price": 6,
    "COL ppu": "$0.86 per 100G",
    "COL Size": "700g"
  },
  {
    "Brand_Product_Size": "Rafferty's Garden Pear & Superberries Baby Food 4+ Months 120g",
    "COL Price": 1.5,
    "COL ppu": "$1.25 per 100G",
    "COL Size": "120g"
  },
  {
    "Brand_Product_Size": "McCain Rosemary & Garlic Sweet Potato 750g",
    "COL Price": 5.5,
    "COL ppu": "$7.33 per 1Kg",
    "COL Size": "750g"
  },
  {
    "Brand_Product_Size": "Palmolive Ultra Antibacterial Dishwashing Liquid 750mL",
    "COL Price": 5.5,
    "COL ppu": "$0.73 per 100mL",
    "COL Size": "750mL"
  },
  {
    "Brand_Product_Size": "Loacker Gran Pasticceria Biscuit Cappuccino 100g",
    "COL Price": 4,
    "COL ppu": "$4.00 per 100G",
    "COL Size": "100g"
  },
  {
    "Brand_Product_Size": "Masterfoods Vegetable Smokey Seasoning 20g",
    "COL Price": 2.5,
    "COL ppu": "$1.25 per 10G",
    "COL Size": "20g"
  },
  {
    "Brand_Product_Size": "Coles Regular Spread 1kg",
    "COL Price": 1.6,
    "COL ppu": "$1.60 per 1KG",
    "COL Size": "1kg"
  },
  {
    "Brand_Product_Size": "Peters Gluten Free Original Chocopolitan Multi Flavoured Ice Cream Tub 2L",
    "COL Price": 4.75,
    "COL ppu": "$2.38 per 1L",
    "COL Size": "2L"
  },
  {
    "Brand_Product_Size": "Coles Fantasy Cupcakes 4 pack 288g",
    "COL Price": 4,
    "COL ppu": "$1.39 per 100G",
    "COL Size": "288g"
  },
  {
    "Brand_Product_Size": "Coles Pork Regular Mince 500g",
    "COL Price": 6,
    "COL ppu": "$12.00 per 1Kg",
    "COL Size": "500g"
  },
  {
    "Brand_Product_Size": "Coles Beef Diced 500g",
    "COL Price": 11,
    "COL ppu": "$22.00 per 1Kg",
    "COL Size": "500g"
  },
  {
    "Brand_Product_Size": "Coles Finest Dutch Palmiers With Cheese & Onion 100g",
    "COL Price": 4,
    "COL ppu": "$4.00 per 100G",
    "COL Size": "100g"
  },
  {
    "Brand_Product_Size": "Haddar Sweet Whole Baby Corn 410g",
    "COL Price": 3.8,
    "COL ppu": "$0.93 per 100G",
    "COL Size": "410g"
  },
  {
    "Brand_Product_Size": "Ansell Small Super Rubber Gloves 1 pair",
    "COL Price": 3.4,
    "COL ppu": "$3.40 per 1Ea",
    "COL Size": "1 pair"
  },
  {
    "Brand_Product_Size": "Weis Minis Mango Ice Cream Bars 8 pack 280 mL",
    "COL Price": 7.5,
    "COL ppu": "$2.68 per 100mL",
    "COL Size": "280 mL"
  },
  {
    "Brand_Product_Size": "Coles Soy And Sesame Stir Fry Kit 500g",
    "COL Price": 5,
    "COL ppu": "$10.00 per 1Kg",
    "COL Size": "500g"
  },
  {
    "Brand_Product_Size": "Connoisseur Derwent Valley Raspberry With White Gourmet Ice Cream Tub 1L",
    "COL Price": 7.5,
    "COL ppu": "$0.75 per 100mL",
    "COL Size": "1L"
  },
  {
    "Brand_Product_Size": "Celebrate Health Chinese Beef Stir Fry Recipe Base 175g",
    "COL Price": 3.5,
    "COL ppu": "$2.00 per 100G",
    "COL Size": "175g"
  },
  {
    "Brand_Product_Size": "Rafferty's Garden Red Lentil Carrot & Sweet Potato 8+ Months 120g",
    "COL Price": 1.9,
    "COL ppu": "$1.58 per 100G",
    "COL Size": "120g"
  },
  {
    "Brand_Product_Size": "Mix Sheer Glow Pantyhose 15 Denier Natural Ave 1 pack",
    "COL Price": 5,
    "COL ppu": "$5.00 per 1Ea",
    "COL Size": "1 pack"
  },
  {
    "Brand_Product_Size": "Sistema Plus Square Containers 520ml 3 pack",
    "COL Price": 6,
    "COL ppu": "$2.00 per 1Ea",
    "COL Size": "3 pack"
  },
  {
    "Brand_Product_Size": "Syndian Dal Makhani Curry 400g",
    "COL Price": 7.5,
    "COL ppu": "$1.88 per 100G",
    "COL Size": "400g"
  },
  {
    "Brand_Product_Size": "Kewpie Wasabi Flavour Mayonnaise 300g",
    "COL Price": 4.7,
    "COL ppu": "$1.57 per 100G",
    "COL Size": "300g"
  },
  {
    "Brand_Product_Size": "Coles Beef Lamb & Vegies Dog Roll 3kg",
    "COL Price": 5.5,
    "COL ppu": "$0.18 per 100G",
    "COL Size": "3kg"
  },
  {
    "Brand_Product_Size": "Mission Low Carb Wraps 6 pack 288g",
    "COL Price": 4,
    "COL ppu": "$1.39 per 100G",
    "COL Size": "288g"
  },
  {
    "Brand_Product_Size": "Garnier Nutrisse Creamy Coffee Hair Colour 1 pack",
    "COL Price": 7.5,
    "COL ppu": "$7.50 per 1Ea",
    "COL Size": "1 pack"
  },
  {
    "Brand_Product_Size": "Bega Easy Melt Colby Cheese Slices 15 pack 250g",
    "COL Price": 4.5,
    "COL ppu": "$1.80 per 100G",
    "COL Size": "250g"
  },
  {
    "Brand_Product_Size": "Alpro Cashew Passionfruit Yoghurt 150g",
    "COL Price": 3,
    "COL ppu": "$2.00 per 100G",
    "COL Size": "150g"
  },
  {
    "Brand_Product_Size": "Coles Assorted Crackers 250g",
    "COL Price": 4,
    "COL ppu": "$1.60 per 100G",
    "COL Size": "250g"
  },
  {
    "Brand_Product_Size": "Coles Deli Large Greek Salad Large",
    "COL Price": 7,
    "COL ppu": "$7.00 per 1Ea",
    "COL Size": "Large"
  },
  {
    "Brand_Product_Size": "Coles White Sugar 2kg",
    "COL Price": 1.8,
    "COL ppu": "$0.09 per 100G",
    "COL Size": "2kg"
  },
  {
    "Brand_Product_Size": "Fromager D' Affinois Excellence Cheese approx. 100g",
    "COL Price": 8.5,
    "COL ppu": "$85.00 per 1Kg",
    "COL Size": "approx. 100g"
  },
  {
    "Brand_Product_Size": "Cook & Dine Large Plastic Red Cups 20 pack",
    "COL Price": 4.4,
    "COL ppu": "$0.22 per 1Ea",
    "COL Size": "20 pack"
  },
  {
    "Brand_Product_Size": "Rexona Womens Invisible Shower Fresh Roll On Deodorant 50mL",
    "COL Price": 4,
    "COL ppu": "$8.00 per 100mL",
    "COL Size": "50mL"
  },
  {
    "Brand_Product_Size": "Tooshies By Tom Fragrance Free 70 Baby Wipes 1 pack",
    "COL Price": 5,
    "COL ppu": "$5.00 per 1Ea",
    "COL Size": "1 pack"
  },
  {
    "Brand_Product_Size": "Hoyts Sesame Seeds 100g",
    "COL Price": 2.5,
    "COL ppu": "$0.25 per 10G",
    "COL Size": "100g"
  },
  {
    "Brand_Product_Size": "Blackmores Heart Health Co Q10 150mg Capsules 30 pack",
    "COL Price": 25,
    "COL ppu": "$83.34 per 100Ea",
    "COL Size": "30 pack"
  },
  {
    "Brand_Product_Size": "Coles Dutch Maasdam 260g",
    "COL Price": 4.5,
    "COL ppu": "$1.73 per 100G",
    "COL Size": "260g"
  },
  {
    "Brand_Product_Size": "Temptations Hearty Beef Flavour Cat Treats 85g",
    "COL Price": 4.3,
    "COL ppu": "$5.06 per 100G",
    "COL Size": "85g"
  },
  {
    "Brand_Product_Size": "Red Rock Deli Honey Soy Chicken Party Bag Potato Chips 290g",
    "COL Price": 7,
    "COL ppu": "$2.41 per 100G",
    "COL Size": "290g"
  },
  {
    "Brand_Product_Size": "Arnott's Monte Chocolate Biscuits 200g",
    "COL Price": 4,
    "COL ppu": "$2.00 per 100G",
    "COL Size": "200g"
  },
  {
    "Brand_Product_Size": "Coles Beef Beef Garlic And Herb Sausages 550g",
    "COL Price": 5.5,
    "COL ppu": "$10.00 per 1Kg",
    "COL Size": "550g"
  },
  {
    "Brand_Product_Size": "Shan Biryani 50g",
    "COL Price": 1.75,
    "COL ppu": "$3.50 per 100G",
    "COL Size": "50g"
  },
  {
    "Brand_Product_Size": "Steggles Oven Roasted Turkey Breast approx. 125g pack",
    "COL Price": 3.5,
    "COL ppu": "$28.00 per 1Kg",
    "COL Size": "approx. 125g pack"
  },
  {
    "Brand_Product_Size": "Devondale Extra Soft Butter Less Fat 750g",
    "COL Price": 7.5,
    "COL ppu": "$1.00 per 100G",
    "COL Size": "750g"
  },
  {
    "Brand_Product_Size": "Swisse Kids Rest & Restore Chewable Tablets 60 pack",
    "COL Price": 12.5,
    "COL ppu": "$0.21 per 1Ea",
    "COL Size": "60 pack"
  },
  {
    "Brand_Product_Size": "Pentavite Immune Support Daily Kids Chewables 60 pack",
    "COL Price": 17.5,
    "COL ppu": "$29.17 per 100Ea",
    "COL Size": "60 pack"
  },
  {
    "Brand_Product_Size": "Maybelline Babylips Balm Berry Crush 4g",
    "COL Price": 2.76,
    "COL ppu": "$6.90 per 10G",
    "COL Size": "4g"
  },
  {
    "Brand_Product_Size": "Blue Dinosaur Protein Bar Chocolate 60g",
    "COL Price": 3.6,
    "COL ppu": "$6.00 per 100G",
    "COL Size": "60g"
  },
  {
    "Brand_Product_Size": "L'Oreal Clinically Proven Lash Serum 2mL",
    "COL Price": 21,
    "COL ppu": "$105.00 per 10mL",
    "COL Size": "2mL"
  },
  {
    "Brand_Product_Size": "Cenovis Ginkgo Biloba 2000 Tablets 100 pack",
    "COL Price": 16,
    "COL ppu": "$0.16 per 1Ea",
    "COL Size": "100 pack"
  },
  {
    "Brand_Product_Size": "Blue Ribbon Classic Vanilla Ice Cream Tub 2L",
    "COL Price": 4.9,
    "COL ppu": "$2.45 per 1L",
    "COL Size": "2L"
  },
  {
    "Brand_Product_Size": "Jex Steel Wool Scourer Soap Pad 5 pack",
    "COL Price": 2,
    "COL ppu": "$0.40 per 1Ea",
    "COL Size": "5 pack"
  },
  {
    "Brand_Product_Size": "Blackmores Super Magnesium Plus Tablets 100 pack",
    "COL Price": 15.5,
    "COL ppu": "$15.50 per 100Ea",
    "COL Size": "100 pack"
  },
  {
    "Brand_Product_Size": "Saxa Ground Black Pepper 50g",
    "COL Price": 3.65,
    "COL ppu": "$0.73 per 10G",
    "COL Size": "50g"
  },
  {
    "Brand_Product_Size": "Benny's Crunchy Peanut Butter 800g",
    "COL Price": 9.3,
    "COL ppu": "$1.16 per 100G",
    "COL Size": "800g"
  },
  {
    "Brand_Product_Size": "The Spice Tailor Delicate Korma Curry 300g",
    "COL Price": 5.5,
    "COL ppu": "$1.83 per 100G",
    "COL Size": "300g"
  },
  {
    "Brand_Product_Size": "Genius Stone Baked Pita Breads 3 pack",
    "COL Price": 4.5,
    "COL ppu": "$1.50 per 1Ea",
    "COL Size": "3 pack"
  },
  {
    "Brand_Product_Size": "Maharajah's Choice Calico Basmati Rice 5kg",
    "COL Price": 19,
    "COL ppu": "$0.38 per 100G",
    "COL Size": "5kg"
  },
  {
    "Brand_Product_Size": "Birds Eye Frozen Peas Baby Whole 500g",
    "COL Price": 3.35,
    "COL ppu": "$6.70 per 1Kg",
    "COL Size": "500g"
  },
  {
    "Brand_Product_Size": "Devondale Full Cream Milk 3L",
    "COL Price": 4.4,
    "COL ppu": "$1.47 per 1L",
    "COL Size": "3L"
  },
  {
    "Brand_Product_Size": "Coles RSPCA Approved BBQ Chicken Breast approx. 125g",
    "COL Price": 2.875,
    "COL ppu": "$23.00 per 1Kg",
    "COL Size": "approx. 125g"
  },
  {
    "Brand_Product_Size": "Garlos Family Lean Beef Pie 550g",
    "COL Price": 9.95,
    "COL ppu": "$1.81 per 100G",
    "COL Size": "550g"
  },
  {
    "Brand_Product_Size": "Peckish BBQ Rice Crackers 6 Pack 120g",
    "COL Price": 3,
    "COL ppu": "$2.50 per 100G",
    "COL Size": "120g"
  },
  {
    "Brand_Product_Size": "Aerogard Odourless Insect Repellent 300g",
    "COL Price": 10,
    "COL ppu": "$3.33 per 100G",
    "COL Size": "300g"
  },
  {
    "Brand_Product_Size": "Coles Sea Salt Flakes Natural And Unrefined 250g",
    "COL Price": 4.5,
    "COL ppu": "$18.00 per 1KG",
    "COL Size": "250g"
  },
  {
    "Brand_Product_Size": "Gravox Pepper Steak Liquid Sauce 165g",
    "COL Price": 2,
    "COL ppu": "$1.21 per 100G",
    "COL Size": "165g"
  },
  {
    "Brand_Product_Size": "Don Mild Hungarian Sliced Salami 180g",
    "COL Price": 3.2,
    "COL ppu": "$17.78 per 1Kg",
    "COL Size": "180g"
  },
  {
    "Brand_Product_Size": "Botanica Fresh Pineapple & Tunisian Rosemary Liquid Electric Prime 19mL",
    "COL Price": 12.5,
    "COL ppu": "$65.79 per 100mL",
    "COL Size": "19mL"
  },
  {
    "Brand_Product_Size": "Sealord Frozen 3 Seed Crumb Fillets 300g",
    "COL Price": 5,
    "COL ppu": "$1.67 per 100G",
    "COL Size": "300g"
  },
  {
    "Brand_Product_Size": "Garnier Fructis Normal Conditioner 315mL",
    "COL Price": 3.5,
    "COL ppu": "$1.11 per 100mL",
    "COL Size": "315mL"
  },
  {
    "Brand_Product_Size": "Coles Pear Slices In Juice Canned 410g",
    "COL Price": 2,
    "COL ppu": "$4.88 per 1Kg",
    "COL Size": "410g"
  },
  {
    "Brand_Product_Size": "Coles Snake Beans Bunch each",
    "COL Price": 3.5,
    "COL ppu": "$3.50 per 1Ea",
    "COL Size": "each"
  },
  {
    "Brand_Product_Size": "Crisp Spray Starch Ironing Aid 385g",
    "COL Price": 5.38,
    "COL ppu": "$1.40 per 100G",
    "COL Size": "385g"
  },
  {
    "Brand_Product_Size": "Scholl Waterproof Wart Remover 15 pack",
    "COL Price": 15.95,
    "COL ppu": "$15.95 per 1Ea",
    "COL Size": "15 pack"
  },
  {
    "Brand_Product_Size": "Country Life Gluten Free White Bread 400g",
    "COL Price": 6,
    "COL ppu": "$1.50 per 100G",
    "COL Size": "400g"
  },
  {
    "Brand_Product_Size": "Coles Happy Birthday Acrylic Plaque Matt Black each",
    "COL Price": 5,
    "COL ppu": "$5.00 per 1Ea",
    "COL Size": "each"
  },
  {
    "Brand_Product_Size": "Cetaphil Daily Advance Lotion 473mL",
    "COL Price": 27.5,
    "COL ppu": "$5.81 per 100mL",
    "COL Size": "473mL"
  },
  {
    "Brand_Product_Size": "SPC Aussie Diced Pears in Juice 120g 4 pack",
    "COL Price": 3,
    "COL ppu": "$6.25 per 1Kg",
    "COL Size": "4 pack"
  },
  {
    "Brand_Product_Size": "Coles Kitchen Coleslaw 200g",
    "COL Price": 2,
    "COL ppu": "$10.00 per 1Kg",
    "COL Size": "200g"
  },
  {
    "Brand_Product_Size": "Aptamil Gold+ De-Lact Baby Infant Formula Lactose Free From Birth to 12 Months 900g",
    "COL Price": 25,
    "COL ppu": "$2.78 per 100G",
    "COL Size": "900g"
  },
  {
    "Brand_Product_Size": "Cook & Dine Steak Knives 4 pack",
    "COL Price": 8,
    "COL ppu": "$2.00 per 1Ea",
    "COL Size": "4 pack"
  },
  {
    "Brand_Product_Size": "Lavazza Qualita ORO Mountain Grown Ground Coffee 500g",
    "COL Price": 8,
    "COL ppu": "$1.60 per 100G",
    "COL Size": "500g"
  },
  {
    "Brand_Product_Size": "Crave Adult Dog Food With Beef Pate 400g",
    "COL Price": 3.5,
    "COL ppu": "$0.88 per 100G",
    "COL Size": "400g"
  },
  {
    "Brand_Product_Size": "Sandhurst Semi-Dried Tomato Strips 125g",
    "COL Price": 4,
    "COL ppu": "$32.00 per 1Kg",
    "COL Size": "125g"
  },
  {
    "Brand_Product_Size": "Heinz Tomato Ketchup Sauce 1L",
    "COL Price": 5,
    "COL ppu": "$0.50 per 100mL",
    "COL Size": "1L"
  },
  {
    "Brand_Product_Size": "Coles Organic Coriander Bunch 1 bunch",
    "COL Price": 4.5,
    "COL ppu": "$4.50 per 1Ea",
    "COL Size": "1 bunch"
  },
  {
    "Brand_Product_Size": "Lee Kum Kee Honey & Soy Chicken Stir Fry Sauce 120g",
    "COL Price": 2.2,
    "COL ppu": "$1.83 per 100G",
    "COL Size": "120g"
  },
  {
    "Brand_Product_Size": "Carman's Almond Cashew & Cranberry Nut Bars 175g",
    "COL Price": 6,
    "COL ppu": "$3.43 per 100G",
    "COL Size": "175g"
  },
  {
    "Brand_Product_Size": "Bic Intensity Dual Tip Marker 6 pack",
    "COL Price": 4.8,
    "COL ppu": "$0.80 per 1Ea",
    "COL Size": "6 pack"
  },
  {
    "Brand_Product_Size": "Coles Deli Express Double Smoked Ham 150g",
    "COL Price": 5.3,
    "COL ppu": "$35.34 per 1Kg",
    "COL Size": "150g"
  },
  {
    "Brand_Product_Size": "OsteoEze One-A-day Vegan Friendly Glucosamine Sulfate 1500mg Tablets 120 pack",
    "COL Price": 29,
    "COL ppu": "$24.17 per 100Ea",
    "COL Size": "120 pack"
  },
  {
    "Brand_Product_Size": "Duracell Ultra Alkaline AAA Batteries 8 pack",
    "COL Price": 17.5,
    "COL ppu": "$2.19 per 1Ea",
    "COL Size": "8 pack"
  },
  {
    "Brand_Product_Size": "Durex Regular Condoms Original 10 pack",
    "COL Price": 6.5,
    "COL ppu": "$0.65 per 1Ea",
    "COL Size": "10 pack"
  },
  {
    "Brand_Product_Size": "Fantastic Delites Rice Snacks Flame Grilled BBQ 100g",
    "COL Price": 2,
    "COL ppu": "$2.00 per 100G",
    "COL Size": "100g"
  },
  {
    "Brand_Product_Size": "Carman's Creamy Honey Oats 650g",
    "COL Price": 6,
    "COL ppu": "$0.92 per 100G",
    "COL Size": "650g"
  },
  {
    "Brand_Product_Size": "Maybelline Brow Ultra Slim Blonde 0.09g",
    "COL Price": 8,
    "COL ppu": "$889.88 per 10G",
    "COL Size": "0.09g"
  },
  {
    "Brand_Product_Size": "Yoplait Classics Yoghurt 160g 6 pack",
    "COL Price": 5,
    "COL ppu": "$0.52 per 100G",
    "COL Size": "6 pack"
  },
  {
    "Brand_Product_Size": "Steggles Garlic Kiev 350g",
    "COL Price": 9,
    "COL ppu": "$25.72 per 1Kg",
    "COL Size": "350g"
  },
  {
    "Brand_Product_Size": "Passage Foods Passage to Asia Pad Thai Stir Fry Sauce Pouch 200g",
    "COL Price": 3,
    "COL ppu": "$1.50 per 100G",
    "COL Size": "200g"
  },
  {
    "Brand_Product_Size": "Coles Present Tree Decoration each",
    "COL Price": 1,
    "COL ppu": "$1.00 per 1Ea",
    "COL Size": "each"
  },
  {
    "Brand_Product_Size": "Marion's Kitchen Classic Japanese Teriyaki Marinade 240mL",
    "COL Price": 5,
    "COL ppu": "$2.08 per 100mL",
    "COL Size": "240mL"
  },
  {
    "Brand_Product_Size": "Mylanta 2go Double Strength Tablets 24 pack",
    "COL Price": 5.3,
    "COL ppu": "$0.22 per 1Ea",
    "COL Size": "24 pack"
  },
  {
    "Brand_Product_Size": "Nature's Organics Fruits Coconut & Lime Shampoo 500mL",
    "COL Price": 1.9,
    "COL ppu": "$0.38 per 100mL",
    "COL Size": "500mL"
  },
  {
    "Brand_Product_Size": "Sun Health Macadamia & Honey Bar 35g",
    "COL Price": 1.75,
    "COL ppu": "$5.00 per 100G",
    "COL Size": "35g"
  },
  {
    "Brand_Product_Size": "Paper Mate Inkjoy Black Ball Point 4 pack",
    "COL Price": 4.5,
    "COL ppu": "",
    "COL Size": "4 pack"
  },
  {
    "Brand_Product_Size": "Coles Light Fruit Cake 800g",
    "COL Price": 5.5,
    "COL ppu": "$0.69 per 100G",
    "COL Size": "800g"
  },
  {
    "Brand_Product_Size": "Kemach Chow Mein Fine Noodles 283g",
    "COL Price": 5,
    "COL ppu": "$1.77 per 100G",
    "COL Size": "283g"
  },
  {
    "Brand_Product_Size": "Eti Tutku Mosaic Biscuit Filled With Cocoa Cream 180g",
    "COL Price": 3.6,
    "COL ppu": "$2.00 per 100G",
    "COL Size": "180g"
  },
  {
    "Brand_Product_Size": "Ajax Spray N Wipe Lemon Citrus 5 in 1 Multi Purpose Cleaner Trigger Pack 500mL",
    "COL Price": 3,
    "COL ppu": "$0.60 per 100mL",
    "COL Size": "500mL"
  },
  {
    "Brand_Product_Size": "Vittoria Organic Espresso Coffee Beans 1kg",
    "COL Price": 36.5,
    "COL ppu": "$3.65 per 100G",
    "COL Size": "1kg"
  },
  {
    "Brand_Product_Size": "Coles Carisma Washed Potatoes Prepacked 2kg",
    "COL Price": 7,
    "COL ppu": "$3.50 per 1Kg",
    "COL Size": "2kg"
  },
  {
    "Brand_Product_Size": "Coles Scotch Finger Biscuits 250g",
    "COL Price": 0.9,
    "COL ppu": "$0.36 per 100G",
    "COL Size": "250g"
  },
  {
    "Brand_Product_Size": "Old El Paso Hot Taco Sauce 200g",
    "COL Price": 2.4,
    "COL ppu": "$1.20 per 100G",
    "COL Size": "200g"
  },
  {
    "Brand_Product_Size": "Coles Mexican Bowl 220g",
    "COL Price": 5,
    "COL ppu": "$22.73 per 1Kg",
    "COL Size": "220g"
  },
  {
    "Brand_Product_Size": "Golden Circle Pear 50% Less Sugar 2L",
    "COL Price": 3.3,
    "COL ppu": "$1.65 per 1L",
    "COL Size": "2L"
  },
  {
    "Brand_Product_Size": "Schwarzkopf Brilliance Black 90 Permanent Hair Colour 1 pack",
    "COL Price": 14.4,
    "COL ppu": "$14.40 per 1Ea",
    "COL Size": "1 pack"
  },
  {
    "Brand_Product_Size": "Crisco Sunflower Oil 750mL",
    "COL Price": 4.5,
    "COL ppu": "$0.60 per 100mL",
    "COL Size": "750mL"
  },
  {
    "Brand_Product_Size": "Coles Crispbread 125g",
    "COL Price": 2,
    "COL ppu": "$1.60 per 100G",
    "COL Size": "125g"
  },
  {
    "Brand_Product_Size": "Coles Deli Thawed Peeled Raw Banana Cutlet Prawns approx. 250g",
    "COL Price": 8.75,
    "COL ppu": "$35.00 per 1Kg",
    "COL Size": "approx. 250g"
  },
  {
    "Brand_Product_Size": "Cook & Dine Patterned Noodle Bowl each",
    "COL Price": 4,
    "COL ppu": "$4.00 per 1Ea",
    "COL Size": "each"
  },
  {
    "Brand_Product_Size": "Caffe Aurora Italian Blend Coffee Beans 1kg",
    "COL Price": 15,
    "COL ppu": "$1.50 per 100G",
    "COL Size": "1kg"
  },
  {
    "Brand_Product_Size": "Jarlsberg Original Cheese Block 250g",
    "COL Price": 7.9,
    "COL ppu": "$31.60 per 1Kg",
    "COL Size": "250g"
  },
  {
    "Brand_Product_Size": "Coles LSA Meal 350g",
    "COL Price": 4.6,
    "COL ppu": "$1.31 per 100G",
    "COL Size": "350g"
  },
  {
    "Brand_Product_Size": "Perrier Sparkling Mineral Water Bottle 750mL",
    "COL Price": 3.15,
    "COL ppu": "$4.20 per 1L",
    "COL Size": "750mL"
  },
  {
    "Brand_Product_Size": "Fantastic Chicken Chow Mein Noodles 70g",
    "COL Price": 1.6,
    "COL ppu": "$2.29 per 100G",
    "COL Size": "70g"
  },
  {
    "Brand_Product_Size": "L'Oreal Preference 9.1 Oslo Hair Colour 1 pack",
    "COL Price": 9.5,
    "COL ppu": "$9.50 per 1Ea",
    "COL Size": "1 pack"
  },
  {
    "Brand_Product_Size": "Cook & Dine Silicone Ice Cube Tray each",
    "COL Price": 2,
    "COL ppu": "$2.00 per 1Ea",
    "COL Size": "each"
  },
  {
    "Brand_Product_Size": "The Sweetporium Co. The Gourmet Collection 190g",
    "COL Price": 10,
    "COL ppu": "$5.26 per 100G",
    "COL Size": "190g"
  },
  {
    "Brand_Product_Size": "Bonds Mens X-Temp Quarter Crew 11+ 3 pack",
    "COL Price": 15,
    "COL ppu": "$5.00 per 1Ea",
    "COL Size": "3 pack"
  },
  {
    "Brand_Product_Size": "Pattu Yellow Split Peas 1kg",
    "COL Price": 2.9,
    "COL ppu": "$2.90 per 1Kg",
    "COL Size": "1kg"
  },
  {
    "Brand_Product_Size": "Red Rock Deli Honey Soy Chicken Potato Chips 165g",
    "COL Price": 3,
    "COL ppu": "$1.82 per 100G",
    "COL Size": "165g"
  },
  {
    "Brand_Product_Size": "Coles Medium Resealable Storage Bags 30 pack",
    "COL Price": 2.4,
    "COL ppu": "$0.08 per 1Ea",
    "COL Size": "30 pack"
  },
  {
    "Brand_Product_Size": "Cheezels Cheese Snacks Multipack 6 pack 114g",
    "COL Price": 3.35,
    "COL ppu": "$2.94 per 100G",
    "COL Size": "114g"
  },
  {
    "Brand_Product_Size": "Coles Mini Chicken Kiev Balls 320g",
    "COL Price": 5,
    "COL ppu": "$1.56 per 100G",
    "COL Size": "320g"
  },
  {
    "Brand_Product_Size": "Creative Gourmet Frozen Banana Chunks 500g",
    "COL Price": 5,
    "COL ppu": "$10.00 per 1Kg",
    "COL Size": "500g"
  },
  {
    "Brand_Product_Size": "Primo Stacker Mild Salami Cheese & Crackers 50g",
    "COL Price": 4,
    "COL ppu": "",
    "COL Size": "50g"
  },
  {
    "Brand_Product_Size": "Cocobella Straight Up Coconut Water 1L",
    "COL Price": 2.5,
    "COL ppu": "$2.50 per 1L",
    "COL Size": "1L"
  },
  {
    "Brand_Product_Size": "Campbell's Real Salt Reduced Vegetable Stock 1L",
    "COL Price": 4,
    "COL ppu": "$0.40 per 100mL",
    "COL Size": "1L"
  },
  {
    "Brand_Product_Size": "Achva Sesame Halva Snacks Gift Pack 300g",
    "COL Price": 8,
    "COL ppu": "$2.67 per 100G",
    "COL Size": "300g"
  },
  {
    "Brand_Product_Size": "Ovaltine Drinking Chocolate Powder 415g",
    "COL Price": 5,
    "COL ppu": "$1.20 per 100G",
    "COL Size": "415g"
  },
  {
    "Brand_Product_Size": "Coles Bran Flakes With Sultanas 500g",
    "COL Price": 3.3,
    "COL ppu": "$0.66 per 100G",
    "COL Size": "500g"
  },
  {
    "Brand_Product_Size": "Core Powerfoods Red Thai Chicken Curry 350g",
    "COL Price": 9,
    "COL ppu": "$2.57 per 100G",
    "COL Size": "350g"
  },
  {
    "Brand_Product_Size": "Coles Light Cheese Slices 24 Pack 500g",
    "COL Price": 3.9,
    "COL ppu": "$7.80 per 1Kg",
    "COL Size": "500g"
  },
  {
    "Brand_Product_Size": "CUB Fragrance Free 480 Baby Wipes 6x80 pack 6 pack",
    "COL Price": 10,
    "COL ppu": "$1.67 per 1Ea",
    "COL Size": "6 pack"
  },
  {
    "Brand_Product_Size": "Oak Cookies & Cream Thickshake 425mL",
    "COL Price": 2.1,
    "COL ppu": "$4.94 per 1L",
    "COL Size": "425mL"
  },
  {
    "Brand_Product_Size": "Keep It Cleaner Bliss Balls Peanut Butter 40g",
    "COL Price": 2.5,
    "COL ppu": "$6.25 per 100G",
    "COL Size": "40g"
  },
  {
    "Brand_Product_Size": "Duracell Hearing Aid S13 Batteries 8 pack",
    "COL Price": 10,
    "COL ppu": "$1.25 per 1Ea",
    "COL Size": "8 pack"
  },
  {
    "Brand_Product_Size": "Moro Vincotto Fig 100mL",
    "COL Price": 5,
    "COL ppu": "$5.00 per 100mL",
    "COL Size": "100mL"
  },
  {
    "Brand_Product_Size": "Mirabella 100 Light Led Copper Wire each",
    "COL Price": 9,
    "COL ppu": "$9.00 per 1Ea",
    "COL Size": "each"
  },
  {
    "Brand_Product_Size": "Coles Original  Crinkle Cut Potato Chips 20 Pack 380g",
    "COL Price": 4.5,
    "COL ppu": "$1.18 per 100G",
    "COL Size": "380g"
  },
  {
    "Brand_Product_Size": "Coles Red Salmon 210g",
    "COL Price": 5.5,
    "COL ppu": "$26.19 per 1Kg",
    "COL Size": "210g"
  },
  {
    "Brand_Product_Size": "Coles Gluten Free White Loaf 500g",
    "COL Price": 4.5,
    "COL ppu": "$0.90 per 100G",
    "COL Size": "500g"
  },
  {
    "Brand_Product_Size": "Oreo Golden Creme Biscuits Original 133g",
    "COL Price": 1.5,
    "COL ppu": "$1.13 per 100G",
    "COL Size": "133g"
  },
  {
    "Brand_Product_Size": "Coles Frozen Organic Raspberries 450g",
    "COL Price": 7.5,
    "COL ppu": "$1.67 per 100G",
    "COL Size": "450g"
  },
  {
    "Brand_Product_Size": "Monster Resealable Energy Drink Can 550mL",
    "COL Price": 3.65,
    "COL ppu": "$6.64 per 1L",
    "COL Size": "550mL"
  },
  {
    "Brand_Product_Size": "The Spice Tailor Indonesian Rendang Curry 275g",
    "COL Price": 4.5,
    "COL ppu": "$1.64 per 100G",
    "COL Size": "275g"
  },
  {
    "Brand_Product_Size": "Nanna's Frozen Blackberry & Apple Pies 4 pack 450g",
    "COL Price": 4,
    "COL ppu": "$0.89 per 100G",
    "COL Size": "450g"
  },
  {
    "Brand_Product_Size": "Garnier Clean Sensitive 2 in 1 Waterproof Make-Up Remover 200mL",
    "COL Price": 5.5,
    "COL ppu": "$2.75 per 100mL",
    "COL Size": "200mL"
  },
  {
    "Brand_Product_Size": "Babylove Unisex Sleepy Nights Pants 4-7 Years 18-35 Kg 9 pack",
    "COL Price": 9,
    "COL ppu": "$1.00 per 1Ea",
    "COL Size": "9 pack"
  },
  {
    "Brand_Product_Size": "Nescafe Coffee Sachets Mocha 26 pack",
    "COL Price": 11,
    "COL ppu": "$0.42 per 1Ea",
    "COL Size": "26 pack"
  },
  {
    "Brand_Product_Size": "Carman's Crunchy Clusters Cereal Oat Vanilla & Cinnamon 750g",
    "COL Price": 8,
    "COL ppu": "$1.07 per 100G",
    "COL Size": "750g"
  },
  {
    "Brand_Product_Size": "Squeaky Gate All Rounder Australian Extra Virgin Olive Oil 750mL",
    "COL Price": 10,
    "COL ppu": "$1.33 per 100mL",
    "COL Size": "750mL"
  },
  {
    "Brand_Product_Size": "SPC Aussie Diced Peaches in Juice 120g 4 pack",
    "COL Price": 3,
    "COL ppu": "$6.25 per 1Kg",
    "COL Size": "4 pack"
  },
  {
    "Brand_Product_Size": "Bickfords Iced Coffee Syrup Chicory Essence 500mL",
    "COL Price": 7,
    "COL ppu": "$1.40 per 100mL",
    "COL Size": "500mL"
  },
  {
    "Brand_Product_Size": "Streets Paddle Pop Rainbow 544mL",
    "COL Price": 7,
    "COL ppu": "$1.29 per 100mL",
    "COL Size": "544mL"
  },
  {
    "Brand_Product_Size": "Arnott's Hundreds & Thousands Biscuits 200g",
    "COL Price": 3.05,
    "COL ppu": "$1.53 per 100G",
    "COL Size": "200g"
  },
  {
    "Brand_Product_Size": "Oral-B Complete Clean 5 Way Toothbrush 3 pack",
    "COL Price": 5,
    "COL ppu": "$1.67 per 1Ea",
    "COL Size": "3 pack"
  },
  {
    "Brand_Product_Size": "Coles Pork Sizzle Steaks 400g",
    "COL Price": 8,
    "COL ppu": "$2.00 per 100G",
    "COL Size": "400g"
  },
  {
    "Brand_Product_Size": "Cadbury Sharepack Freddo Milky Top 144 gram",
    "COL Price": 2.5,
    "COL ppu": "",
    "COL Size": "144 gram"
  },
  {
    "Brand_Product_Size": "Clearasil Daily Clear Vitamins & Extracts Cleansing Wipes 25 pack",
    "COL Price": 9,
    "COL ppu": "$0.36 per 1Ea",
    "COL Size": "25 pack"
  },
  {
    "Brand_Product_Size": "Heinz Big N Beefy Casserole 410g",
    "COL Price": 2.5,
    "COL ppu": "$0.61 per 100G",
    "COL Size": "410g"
  },
  {
    "Brand_Product_Size": "Coles Peppermint Infusion Tea Bags 50 Pack 75g",
    "COL Price": 2.2,
    "COL ppu": "$2.93 per 100G",
    "COL Size": "75g"
  },
  {
    "Brand_Product_Size": "Buono Mochi Ice Mango 156g",
    "COL Price": 5.6,
    "COL ppu": "$3.59 per 100G",
    "COL Size": "156g"
  },
  {
    "Brand_Product_Size": "Fuze Tea Peach Black Iced Tea 500mL",
    "COL Price": 1.95,
    "COL ppu": "$3.90 per 1L",
    "COL Size": "500mL"
  },
  {
    "Brand_Product_Size": "Dove Nourishing Secrets Antiperspirant Lavender And Rose Water Deodorant 250mL",
    "COL Price": 7,
    "COL ppu": "$2.80 per 100mL",
    "COL Size": "250mL"
  },
  {
    "Brand_Product_Size": "Pacific West Frozen Cocktail Spring Rolls 430g",
    "COL Price": 6,
    "COL ppu": "$1.40 per 100G",
    "COL Size": "430g"
  },
  {
    "Brand_Product_Size": "Coles Jumbo Salted Cashews 200g",
    "COL Price": 5.5,
    "COL ppu": "$27.50 per 1Kg",
    "COL Size": "200g"
  },
  {
    "Brand_Product_Size": "Coles Tomato Chutney 260g",
    "COL Price": 2.15,
    "COL ppu": "$0.83 per 100G",
    "COL Size": "260g"
  },
  {
    "Brand_Product_Size": "Sirena Napoli Style Pasta With Tuna 170g",
    "COL Price": 4,
    "COL ppu": "$23.53 per 1Kg",
    "COL Size": "170g"
  },
  {
    "Brand_Product_Size": "Coles Greek Style Natural Yoghurt 1kg",
    "COL Price": 3.9,
    "COL ppu": "$0.39 per 100G",
    "COL Size": "1kg"
  },
  {
    "Brand_Product_Size": "Steggles Frozen Tempura Chicken Breast Dino Snacks 400g",
    "COL Price": 5,
    "COL ppu": "$12.50 per 1Kg",
    "COL Size": "400g"
  },
  {
    "Brand_Product_Size": "Bref Ultra White Liquid Toilet Cleaner 450mL",
    "COL Price": 5,
    "COL ppu": "$1.11 per 100mL",
    "COL Size": "450mL"
  },
  {
    "Brand_Product_Size": "Pantene Pro-V Ultimate 10 Conditioner 900mL",
    "COL Price": 17,
    "COL ppu": "$1.89 per 100mL",
    "COL Size": "900mL"
  },
  {
    "Brand_Product_Size": "Lee Kum Kee Teriyaki Beef Sauce Pouch 100g",
    "COL Price": 2.2,
    "COL ppu": "$2.20 per 100G",
    "COL Size": "100g"
  },
  {
    "Brand_Product_Size": "Sunrice Medium Grain Brown Rice 1kg",
    "COL Price": 3.5,
    "COL ppu": "$0.35 per 100G",
    "COL Size": "1kg"
  },
  {
    "Brand_Product_Size": "Mix Opaque Tights 70 Denier Black Tall/X-Tall 3 pack",
    "COL Price": 12,
    "COL ppu": "$4.00 per 1Ea",
    "COL Size": "3 pack"
  },
  {
    "Brand_Product_Size": "Tofutti Dairy Free Chocolate Fudge Treats Sugarfree Ice Cream 540g",
    "COL Price": 10.29,
    "COL ppu": "$1.91 per 100G",
    "COL Size": "540g"
  },
  {
    "Brand_Product_Size": "Coles Caesar Salad Bowl Prepacked 200g",
    "COL Price": 5,
    "COL ppu": "$25.00 per 1Kg",
    "COL Size": "200g"
  },
  {
    "Brand_Product_Size": "Sally Hansen Complete Care 7 In 1 Nail Treatment 13.3mL",
    "COL Price": 20,
    "COL ppu": "$15.04 per 10mL",
    "COL Size": "13.3mL"
  },
  {
    "Brand_Product_Size": "Wellness Road Organic Spelt Wholemeal Flour 750g",
    "COL Price": 7.5,
    "COL ppu": "$10.00 per 1Kg",
    "COL Size": "750g"
  },
  {
    "Brand_Product_Size": "Mortein Nest Kill Cockroach Baits 12 pack",
    "COL Price": 9.5,
    "COL ppu": "$0.79 per 1Ea",
    "COL Size": "12 pack"
  },
  {
    "Brand_Product_Size": "Coles Bake & Create Bright Party Candles 16 pack",
    "COL Price": 3,
    "COL ppu": "$0.19 per 1Ea",
    "COL Size": "16 pack"
  },
  {
    "Brand_Product_Size": "Coles Greek Kalamata Olives 140g",
    "COL Price": 3.5,
    "COL ppu": "$25.00 per 1Kg",
    "COL Size": "140g"
  },
  {
    "Brand_Product_Size": "Coles Finest Angus Beef Cottage Pie 700g",
    "COL Price": 14,
    "COL ppu": "$2.00 per 100G",
    "COL Size": "700g"
  },
  {
    "Brand_Product_Size": "Tasti Peanut Butter & Caramel Smooshed Wholefood Balls 6 pack 69g",
    "COL Price": 3.3,
    "COL ppu": "$0.48 per 10G",
    "COL Size": "69g"
  },
  {
    "Brand_Product_Size": "Coles Asia Hokkien Ready to Eat Noodles 2 Pack 400g",
    "COL Price": 1.85,
    "COL ppu": "$0.46 per 100G",
    "COL Size": "400g"
  },
  {
    "Brand_Product_Size": "Nivea Sun 4 Hour Water Resistant Sunscreen Moisturiser Spray Lotion + Vitamin E & SPF30 200mL",
    "COL Price": 18.6,
    "COL ppu": "$9.30 per 100mL",
    "COL Size": "200mL"
  },
  {
    "Brand_Product_Size": "Wurstel Chorizo 300g",
    "COL Price": 6.9,
    "COL ppu": "$23.00 per 1Kg",
    "COL Size": "300g"
  },
  {
    "Brand_Product_Size": "Olay Luminous Vitamin C Super Serum 30mL",
    "COL Price": 60,
    "COL ppu": "$200.01 per 100mL",
    "COL Size": "30mL"
  },
  {
    "Brand_Product_Size": "Femfresh Feminine Deodorant 75g",
    "COL Price": 9.7,
    "COL ppu": "$12.93 per 100G",
    "COL Size": "75g"
  },
  {
    "Brand_Product_Size": "Sealord Hoki Classic Crumb Fillet 480g",
    "COL Price": 9.5,
    "COL ppu": "$19.79 per 1Kg",
    "COL Size": "480g"
  },
  {
    "Brand_Product_Size": "Peck's Anchovette Spread 50g",
    "COL Price": 1.6,
    "COL ppu": "$3.20 per 100G",
    "COL Size": "50g"
  },
  {
    "Brand_Product_Size": "Coles Soft Wholemeal & Wholegrain Wraps 8 pack 360g",
    "COL Price": 2,
    "COL ppu": "$0.56 per 100G",
    "COL Size": "360g"
  },
  {
    "Brand_Product_Size": "McCain Frozen Pommes Light & Crispy Potato Balls 500g",
    "COL Price": 4.5,
    "COL ppu": "$0.90 per 100G",
    "COL Size": "500g"
  },
  {
    "Brand_Product_Size": "Coles Pepitas 250g",
    "COL Price": 3,
    "COL ppu": "$12.00 per 1Kg",
    "COL Size": "250g"
  },
  {
    "Brand_Product_Size": "Coles Deli Thawed Cooked Prawn Plate Large 500g each",
    "COL Price": 18,
    "COL ppu": "$18.00 per 1Ea",
    "COL Size": "each"
  },
  {
    "Brand_Product_Size": "Norco Low Fat Milk 2L",
    "COL Price": 4,
    "COL ppu": "$2.00 per 1L",
    "COL Size": "2L"
  },
  {
    "Brand_Product_Size": "Bounce Gluten Free Cacao Mint Protein Energy Ball 42g",
    "COL Price": 2,
    "COL ppu": "$0.48 per 10G",
    "COL Size": "42g"
  },
  {
    "Brand_Product_Size": "Wonder White Bread Wholegrain Smooth 700g",
    "COL Price": 3.4,
    "COL ppu": "$0.49 per 100G",
    "COL Size": "700g"
  },
  {
    "Brand_Product_Size": "Coles Baked Beans In Ham Sauce 425g",
    "COL Price": 0.9,
    "COL ppu": "$0.21 per 100G",
    "COL Size": "425g"
  },
  {
    "Brand_Product_Size": "Cove By Earth Choice Hyper Concentrated Laundry Refill 450mL",
    "COL Price": 8,
    "COL ppu": "$17.78 per 1L",
    "COL Size": "450mL"
  },
  {
    "Brand_Product_Size": "Maldon Sea Salt Flakes 240g",
    "COL Price": 6,
    "COL ppu": "$0.25 per 10G",
    "COL Size": "240g"
  },
  {
    "Brand_Product_Size": "Coles Kitchen Wrap Peri Peri Chicken 165g",
    "COL Price": 7,
    "COL ppu": "$4.24 per 100G",
    "COL Size": "165g"
  },
  {
    "Brand_Product_Size": "MasterFoods Shepherd's Pie Oven Easy Recipe Base 175g",
    "COL Price": 2.2,
    "COL ppu": "$1.26 per 100G",
    "COL Size": "175g"
  },
  {
    "Brand_Product_Size": "Simple Kind To Skin Biodegradable Facial Wipes 25 each",
    "COL Price": 7.5,
    "COL ppu": "$0.30 per 1Ea",
    "COL Size": "25 each"
  },
  {
    "Brand_Product_Size": "Coles Whiteboard Accessories Kit each",
    "COL Price": 5.5,
    "COL ppu": "$5.50 per 1Ea",
    "COL Size": "each"
  },
  {
    "Brand_Product_Size": "Patch Kids Adhesive Strip Bandages With Coconut Oil 25 pack",
    "COL Price": 7,
    "COL ppu": "$0.28 per 1Ea",
    "COL Size": "25 pack"
  },
  {
    "Brand_Product_Size": "Coles I'M Free From Puff Pastry 600g",
    "COL Price": 8,
    "COL ppu": "$1.33 per 100G",
    "COL Size": "600g"
  },
  {
    "Brand_Product_Size": "Slendier Angel Hair Style Pasta 400g",
    "COL Price": 3.9,
    "COL ppu": "$0.98 per 100G",
    "COL Size": "400g"
  },
  {
    "Brand_Product_Size": "Herbal Essences Bio Renew Conditioner Morocco Argan Oil 400mL",
    "COL Price": 12,
    "COL ppu": "$3.00 per 100mL",
    "COL Size": "400mL"
  },
  {
    "Brand_Product_Size": "Rexona Men Clinical Protection Antiperspirant Deodorant Clean Scent 45mL",
    "COL Price": 13,
    "COL ppu": "$28.89 per 100mL",
    "COL Size": "45mL"
  },
  {
    "Brand_Product_Size": "L'OR Espresso Onyx Intensity 12 Coffee Capsules 20 Pack 104g",
    "COL Price": 11,
    "COL ppu": "$10.58 per 100G",
    "COL Size": "104g"
  },
  {
    "Brand_Product_Size": "Daley Street Dark Aluminium Nespresso Compatible Coffee Capsules 10 pack",
    "COL Price": 4,
    "COL ppu": "$0.40 per 1Ea",
    "COL Size": "10 pack"
  },
  {
    "Brand_Product_Size": "Coles High Fibre White Sandwich Bread 700g",
    "COL Price": 2.3,
    "COL ppu": "$0.33 per 100G",
    "COL Size": "700g"
  },
  {
    "Brand_Product_Size": "Le Tan Daily Glow Body Lotion SPF 15+ 250mL",
    "COL Price": 9,
    "COL ppu": "$3.60 per 100mL",
    "COL Size": "250mL"
  },
  {
    "Brand_Product_Size": "Snickers Chocolate Bar 50g",
    "COL Price": 2,
    "COL ppu": "$4.00 per 100G",
    "COL Size": "50g"
  },
  {
    "Brand_Product_Size": "Continental Cup A Soup Creamy Pumpkin With Croutons Serves 2 55g",
    "COL Price": 2.1,
    "COL ppu": "$3.82 per 100G",
    "COL Size": "55g"
  },
  {
    "Brand_Product_Size": "Birds Eye Deli Salt & Pepper Prawns 225g",
    "COL Price": 9,
    "COL ppu": "$40.00 per 1Kg",
    "COL Size": "225g"
  },
  {
    "Brand_Product_Size": "Don Truffle Leg Ham approx. 125g",
    "COL Price": 4,
    "COL ppu": "$32.00 per 1Kg",
    "COL Size": "approx. 125g"
  },
  {
    "Brand_Product_Size": "Synergy Natural Premium Super Greens Powder 200g",
    "COL Price": 21,
    "COL ppu": "$10.50 per 100G",
    "COL Size": "200g"
  },
  {
    "Brand_Product_Size": "Robert Timms Cafe Series Arabica Medium Roast Coffee Bags 10 Pack 58g",
    "COL Price": 2.97,
    "COL ppu": "$0.51 per 10G",
    "COL Size": "58g"
  },
  {
    "Brand_Product_Size": "Sukin Purely Ageless Firming Mist Toner Spray 125mL",
    "COL Price": 14,
    "COL ppu": "$11.20 per 100mL",
    "COL Size": "125mL"
  },
  {
    "Brand_Product_Size": "Duru Freekah 500g",
    "COL Price": 4,
    "COL ppu": "$0.80 per 100G",
    "COL Size": "500g"
  },
  {
    "Brand_Product_Size": "Finish Quantum Ultimate Regular Dishwasher Tablets 36 pack",
    "COL Price": 18,
    "COL ppu": "$0.50 per 1Ea",
    "COL Size": "36 pack"
  },
  {
    "Brand_Product_Size": "Scunci Scrunchies 10 pieces 1 pack",
    "COL Price": 10,
    "COL ppu": "$10.00 per 1Ea",
    "COL Size": "1 pack"
  },
  {
    "Brand_Product_Size": "Maybelline Superstay Liquid Foundation Sand 30mL",
    "COL Price": 13.5,
    "COL ppu": "$4.50 per 10mL",
    "COL Size": "30mL"
  },
  {
    "Brand_Product_Size": "Clairol Natural Instincts 9 Sahara Light Blonde Hair Colour 1 pack",
    "COL Price": 12.8,
    "COL ppu": "$12.80 per 1Ea",
    "COL Size": "1 pack"
  },
  {
    "Brand_Product_Size": "Coles Chicken Flavour Noodle Snacks 12pack 300g",
    "COL Price": 2.85,
    "COL ppu": "$0.95 per 100G",
    "COL Size": "300g"
  },
  {
    "Brand_Product_Size": "Nivea Coconut Indulgent Moisture Shower Gel and Body Wash 1L",
    "COL Price": 13.7,
    "COL ppu": "$1.37 per 100mL",
    "COL Size": "1L"
  },
  {
    "Brand_Product_Size": "Edgell Edamame Beans 125g 4 pack",
    "COL Price": 3,
    "COL ppu": "$6.00 per 1Kg",
    "COL Size": "4 pack"
  },
  {
    "Brand_Product_Size": "Coles Sparkling Italian Mineral Water 1.5L",
    "COL Price": 1.8,
    "COL ppu": "$1.20 per 1L",
    "COL Size": "1.5L"
  },
  {
    "Brand_Product_Size": "Garden Mate 2 Hour Tap Timer each",
    "COL Price": 11.5,
    "COL ppu": "$11.50 per 1Ea",
    "COL Size": "each"
  },
  {
    "Brand_Product_Size": "Raro Sweet Navel Orange Flavoured Beverage Mix 80g",
    "COL Price": 1.5,
    "COL ppu": "$0.19 per 10G",
    "COL Size": "80g"
  },
  {
    "Brand_Product_Size": "Coles Cracked Black Peppercorns 48g",
    "COL Price": 2.5,
    "COL ppu": "$0.52 per 10G",
    "COL Size": "48g"
  },
  {
    "Brand_Product_Size": "Pattu Sweet Paprika Powder 200g",
    "COL Price": 2.5,
    "COL ppu": "$1.25 per 100G",
    "COL Size": "200g"
  },
  {
    "Brand_Product_Size": "Cook & Dine Neutral Terry Tea Towels 5 pack",
    "COL Price": 10,
    "COL ppu": "$2.00 per 1Ea",
    "COL Size": "5 pack"
  },
  {
    "Brand_Product_Size": "Garlos Junior Lean Beef Pies 12 pack 760g",
    "COL Price": 10.95,
    "COL ppu": "$1.44 per 100G",
    "COL Size": "760g"
  },
  {
    "Brand_Product_Size": "Cetaphil Baby Daily Lotion With Shea Butter 400mL",
    "COL Price": 8.4,
    "COL ppu": "$2.10 per 100mL",
    "COL Size": "400mL"
  },
  {
    "Brand_Product_Size": "Revlon Ultra HD Matte Lipcolor Devotion Lipstick 5.9mL",
    "COL Price": 25,
    "COL ppu": "$42.37 per 10mL",
    "COL Size": "5.9mL"
  },
  {
    "Brand_Product_Size": "Colgate My First Child Toothbrush 1 pack",
    "COL Price": 2.8,
    "COL ppu": "$2.80 per 1Ea",
    "COL Size": "1 pack"
  },
  {
    "Brand_Product_Size": "Deeko Clear Cups 225mL 20 pack",
    "COL Price": 3.2,
    "COL ppu": "$0.16 per 1Ea",
    "COL Size": "20 pack"
  },
  {
    "Brand_Product_Size": "Peters Frosty Fruits Tropical 8 pack 600mL",
    "COL Price": 7,
    "COL ppu": "$1.17 per 100mL",
    "COL Size": "600mL"
  },
  {
    "Brand_Product_Size": "Steggles Nacho Chicken Mexican Salsa 350g",
    "COL Price": 6,
    "COL ppu": "$17.14 per 1Kg",
    "COL Size": "350g"
  },
  {
    "Brand_Product_Size": "Royal Fields Lemon Dressing 500mL",
    "COL Price": 2.3,
    "COL ppu": "$0.46 per 100mL",
    "COL Size": "500mL"
  },
  {
    "Brand_Product_Size": "Abbott's Village Bakery Light Rye Sandwich Thins 6 pack 240g",
    "COL Price": 3,
    "COL ppu": "$1.25 per 100G",
    "COL Size": "240g"
  },
  {
    "Brand_Product_Size": "Gillette Fusion ProGlide Limited Edition Gift Pack 1 pack",
    "COL Price": 30,
    "COL ppu": "$30.00 per 1Ea",
    "COL Size": "1 pack"
  },
  {
    "Brand_Product_Size": "Powerade Mango Sports Drink 600mL",
    "COL Price": 3.6,
    "COL ppu": "$6.00 per 1L",
    "COL Size": "600mL"
  },
  {
    "Brand_Product_Size": "Coles Roasted Peanuts In Shell 500g",
    "COL Price": 6,
    "COL ppu": "$1.20 per 100G",
    "COL Size": "500g"
  },
  {
    "Brand_Product_Size": "Oral B Charcoal White Toothbrush 1 pack",
    "COL Price": 3,
    "COL ppu": "$3.00 per 1Ea",
    "COL Size": "1 pack"
  },
  {
    "Brand_Product_Size": "Coles Thai Green Curry Kit 450g",
    "COL Price": 5,
    "COL ppu": "$11.11 per 1Kg",
    "COL Size": "450g"
  },
  {
    "Brand_Product_Size": "Coles Brioche Hamburger Buns 4 Pack 200g",
    "COL Price": 2.7,
    "COL ppu": "$1.35 per 100G",
    "COL Size": "200g"
  },
  {
    "Brand_Product_Size": "Olay Total Effects Whip UV SPF 30 Active Moisturiser 50g",
    "COL Price": 49,
    "COL ppu": "$98.00 per 100G",
    "COL Size": "50g"
  },
  {
    "Brand_Product_Size": "John West Tempters Olive Oil Blend Tuna Multipack 4x95g 380g",
    "COL Price": 5,
    "COL ppu": "$13.16 per 1Kg",
    "COL Size": "380g"
  },
  {
    "Brand_Product_Size": "Sistema Klip It Plus Rectangle Container 3.35 Litre each",
    "COL Price": 4.5,
    "COL ppu": "$4.50 per 1Ea",
    "COL Size": "each"
  },
  {
    "Brand_Product_Size": "Health Lab Choc Mint Ball 40g",
    "COL Price": 3,
    "COL ppu": "$7.50 per 100G",
    "COL Size": "40g"
  },
  {
    "Brand_Product_Size": "Barkly Grandmother Full Leg Ham approx. 125g each",
    "COL Price": 4.375,
    "COL ppu": "$35.00 per 1Kg",
    "COL Size": "approx. 125g each"
  },
  {
    "Brand_Product_Size": "Equal Sweetener Tablets 300 pack",
    "COL Price": 9.35,
    "COL ppu": "$0.03 per 1Ea",
    "COL Size": "300 pack"
  },
  {
    "Brand_Product_Size": "San Remo Penne Pasta 750g",
    "COL Price": 2.9,
    "COL ppu": "$0.39 per 100G",
    "COL Size": "750g"
  },
  {
    "Brand_Product_Size": "Le Phare Du Cap Bon Harissa 70g",
    "COL Price": 2.6,
    "COL ppu": "$0.37 per 10G",
    "COL Size": "70g"
  },
  {
    "Brand_Product_Size": "Coles Honeydew Melon Whole each",
    "COL Price": 4.9,
    "COL ppu": "$4.90 per 1Ea",
    "COL Size": "each"
  },
  {
    "Brand_Product_Size": "Kroon Goats Milk Gouda Cheese approx. 100g",
    "COL Price": 5,
    "COL ppu": "$50.00 per 1Kg",
    "COL Size": "approx. 100g"
  },
  {
    "Brand_Product_Size": "Harpic Blue Power Toilet Cleaner 39g",
    "COL Price": 5,
    "COL ppu": "$12.82 per 100G",
    "COL Size": "39g"
  },
  {
    "Brand_Product_Size": "Pets Own Dog & Puppy Milk 1L",
    "COL Price": 3.9,
    "COL ppu": "$0.39 per 100mL",
    "COL Size": "1L"
  },
  {
    "Brand_Product_Size": "Cottons Super 100% Cotton Tampons 16 pack",
    "COL Price": 4.8,
    "COL ppu": "$0.30 per 1Ea",
    "COL Size": "16 pack"
  },
  {
    "Brand_Product_Size": "Yoosh Aloe Vera With A Hint Of Honey Drink 1.5L",
    "COL Price": 3.82,
    "COL ppu": "$2.55 per 1L",
    "COL Size": "1.5L"
  },
  {
    "Brand_Product_Size": "Coles Mandarin in Syrup Fruit Cups 4 Pack 480g",
    "COL Price": 2,
    "COL ppu": "$0.42 per 100G",
    "COL Size": "480g"
  },
  {
    "Brand_Product_Size": "Coles RSPCA Approved Chicken Drumstick Fillets Small Pack approx. 600g",
    "COL Price": 6.6,
    "COL ppu": "$11.00 per 1Kg",
    "COL Size": "approx. 600g"
  },
  {
    "Brand_Product_Size": "Sole Mare Mackerel Fillets In Olive Oil Skinless and Boneless 120g",
    "COL Price": 2.55,
    "COL ppu": "$21.25 per 1Kg",
    "COL Size": "120g"
  },
  {
    "Brand_Product_Size": "Sanitarium So Good Vanilla Bliss Frozen Dessert Tub 1L",
    "COL Price": 6.6,
    "COL ppu": "$6.60 per 1L",
    "COL Size": "1L"
  },
  {
    "Brand_Product_Size": "Pitango Free Range Spring Lamb Soup 600g",
    "COL Price": 6.5,
    "COL ppu": "$1.08 per 100G",
    "COL Size": "600g"
  },
  {
    "Brand_Product_Size": "Tamar Valley Kids Greek Natural Raspberry Yoghurt Pouch 110g",
    "COL Price": 1.3,
    "COL ppu": "$1.18 per 100G",
    "COL Size": "110g"
  },
  {
    "Brand_Product_Size": "Luv A Duck Rendered Duck Fat 200g",
    "COL Price": 5.7,
    "COL ppu": "$28.50 per 1Kg",
    "COL Size": "200g"
  },
  {
    "Brand_Product_Size": "Philadelphia Original Cream Cheese Block 2 pack 500g",
    "COL Price": 8.5,
    "COL ppu": "$17.00 per 1Kg",
    "COL Size": "500g"
  },
  {
    "Brand_Product_Size": "Coles Deli Salads Tub Large Classic Coleslaw Large",
    "COL Price": 6,
    "COL ppu": "$6.00 per 1Ea",
    "COL Size": "Large"
  },
  {
    "Brand_Product_Size": "Finish Dishwasher Cleaner Tablets 3 pack",
    "COL Price": 10,
    "COL ppu": "$3.33 per 1Ea",
    "COL Size": "3 pack"
  },
  {
    "Brand_Product_Size": "Happy Snack Company Dark Choc & Raspberry Roasted Chickpeas 5 pack 100g",
    "COL Price": 4.2,
    "COL ppu": "$4.20 per 100G",
    "COL Size": "100g"
  },
  {
    "Brand_Product_Size": "Braun Silk Epilator 3 each",
    "COL Price": 60,
    "COL ppu": "$60.00 per 1Ea",
    "COL Size": "each"
  },
  {
    "Brand_Product_Size": "Coles Mandarin Segments in Orange Jelly Fruit Cups 4 Pack 500g",
    "COL Price": 2.2,
    "COL ppu": "$4.40 per 1Kg",
    "COL Size": "500g"
  },
  {
    "Brand_Product_Size": "Danone YoPro Strawberry Yoghurt 160g",
    "COL Price": 2.4,
    "COL ppu": "$1.50 per 100G",
    "COL Size": "160g"
  },
  {
    "Brand_Product_Size": "Australian Gold Creamy Brie Cheese 115g",
    "COL Price": 3.6,
    "COL ppu": "$31.30 per 1Kg",
    "COL Size": "115g"
  },
  {
    "Brand_Product_Size": "Multix Greener Recycled Alfoil 25m each",
    "COL Price": 7,
    "COL ppu": "$0.28 per 1Ea",
    "COL Size": "each"
  },
  {
    "Brand_Product_Size": "Nobby's Salted Cashews 300g",
    "COL Price": 9.55,
    "COL ppu": "$31.83 per 1Kg",
    "COL Size": "300g"
  },
  {
    "Brand_Product_Size": "Jiinju Avocado Sheet Mask 20mL",
    "COL Price": 5,
    "COL ppu": "$25.00 per 100mL",
    "COL Size": "20mL"
  },
  {
    "Brand_Product_Size": "Coles Oat & Raisin Cookies 6 pack",
    "COL Price": 3,
    "COL ppu": "$0.50 per 1Ea",
    "COL Size": "6 pack"
  },
  {
    "Brand_Product_Size": "Huon Premium Fresh Salmon Skin On Portion 2 Pack 280g",
    "COL Price": 11,
    "COL ppu": "$39.29 per 1Kg",
    "COL Size": "280g"
  },
  {
    "Brand_Product_Size": "Coles Kitchen Chicken Noodle Soup 1 kg",
    "COL Price": 8,
    "COL ppu": "$0.80 per 100G",
    "COL Size": "1 kg"
  },
  {
    "Brand_Product_Size": "Coles Ultimate Vanilla Cookie Dough Chocolate Ripple Ice Cream 473mL",
    "COL Price": 6,
    "COL ppu": "$1.27 per 100mL",
    "COL Size": "473mL"
  },
  {
    "Brand_Product_Size": "Coca-Cola Sprite Soft Drink Lemon Lime 375mL 10 pack",
    "COL Price": 13.75,
    "COL ppu": "$3.67 per 1L",
    "COL Size": "10 pack"
  },
  {
    "Brand_Product_Size": "Harmony No More Waste Wild Bird Block 330g",
    "COL Price": 4,
    "COL ppu": "$1.21 per 100G",
    "COL Size": "330g"
  },
  {
    "Brand_Product_Size": "Schwarzkopf Brilliance Red Passion Permanent Hair Colour 1 pack",
    "COL Price": 14.4,
    "COL ppu": "$14.40 per 1Ea",
    "COL Size": "1 pack"
  },
  {
    "Brand_Product_Size": "Coles Bakery Stone Baked Wholemeal Pane Di Casa Loaf each",
    "COL Price": 4,
    "COL ppu": "$4.00 per 1Ea",
    "COL Size": "each"
  },
  {
    "Brand_Product_Size": "Coles Thawed Cooked Vannamei Prawns approx. 250g",
    "COL Price": 4.25,
    "COL ppu": "$17.00 per 1Kg",
    "COL Size": "approx. 250g"
  },
  {
    "Brand_Product_Size": "Carman's Almond Hazelnut & Vanilla Roasted Nut 10 Bars 350g",
    "COL Price": 9,
    "COL ppu": "$2.57 per 100G",
    "COL Size": "350g"
  },
  {
    "Brand_Product_Size": "Leggo's Bolognese with Chunky Tomato Garlic & Herbs Pasta Sauce 500g",
    "COL Price": 3.3,
    "COL ppu": "$0.66 per 100G",
    "COL Size": "500g"
  },
  {
    "Brand_Product_Size": "Coles Pro Teeth Defense Mouthwash 500 mL",
    "COL Price": 8,
    "COL ppu": "",
    "COL Size": "500 mL"
  },
  {
    "Brand_Product_Size": "Lindt Excellence Mint Intense Chocolate Block 100g",
    "COL Price": 4.5,
    "COL ppu": "$4.50 per 100G",
    "COL Size": "100g"
  },
  {
    "Brand_Product_Size": "Ajax Spray N Wipe Bathroom Trigger 500mL",
    "COL Price": 3,
    "COL ppu": "$0.60 per 100mL",
    "COL Size": "500mL"
  },
  {
    "Brand_Product_Size": "Coles Bakery Jam Lamingtons 6 Pack 350g",
    "COL Price": 2.5,
    "COL ppu": "$0.71 per 100G",
    "COL Size": "350g"
  },
  {
    "Brand_Product_Size": "Coles Urban Coffee Culture Intensity 6 Medium Coffee Capsules 10 Pack 52g",
    "COL Price": 3.7,
    "COL ppu": "$7.12 per 100G",
    "COL Size": "52g"
  },
  {
    "Brand_Product_Size": "Protea Foods Lekker Traditional Biltong Stokkies 100g",
    "COL Price": 11.8,
    "COL ppu": "$11.80 per 100G",
    "COL Size": "100g"
  },
  {
    "Brand_Product_Size": "Sanitarium UP&GO Protein Energize Choc 250mL 3 pack",
    "COL Price": 4.95,
    "COL ppu": "$0.66 per 100mL",
    "COL Size": "3 pack"
  },
  {
    "Brand_Product_Size": "Big M Strawberry Flavoured Milk 2L",
    "COL Price": 4.3,
    "COL ppu": "$2.15 per 1L",
    "COL Size": "2L"
  },
  {
    "Brand_Product_Size": "L'Oreal Brow Artist Xpert Cool Brown Brow Pencil 3g",
    "COL Price": 14,
    "COL ppu": "$46.67 per 10G",
    "COL Size": "3g"
  },
  {
    "Brand_Product_Size": "Bundaberg Tropical Mango Flavour Sparkling Drink Multipack Bottles  375mL 4 pack",
    "COL Price": 6.35,
    "COL ppu": "$4.23 per 1L",
    "COL Size": "4 pack"
  },
  {
    "Brand_Product_Size": "Herron Nicaway Nicotine Lozenge 4mg 72 pack",
    "COL Price": 20,
    "COL ppu": "$0.28 per 1Ea",
    "COL Size": "72 pack"
  },
  {
    "Brand_Product_Size": "SPC Baked Beans in Rich Tomato Salt Reduced 425g",
    "COL Price": 1.4,
    "COL ppu": "$0.33 per 100G",
    "COL Size": "425g"
  },
  {
    "Brand_Product_Size": "Coles Ballpoint Pen Assorted 15 pack",
    "COL Price": 3.5,
    "COL ppu": "$0.23 per 1Ea",
    "COL Size": "15 pack"
  },
  {
    "Brand_Product_Size": "Coles Plastic 2 Hole Sharpener each",
    "COL Price": 2,
    "COL ppu": "$2.00 per 1Ea",
    "COL Size": "each"
  },
  {
    "Brand_Product_Size": "Nivea Men Skin And Stubble Balm 125mL",
    "COL Price": 15,
    "COL ppu": "$12.00 per 100mL",
    "COL Size": "125mL"
  },
  {
    "Brand_Product_Size": "Coles School Pack 30 pieces 4 pack",
    "COL Price": 3.5,
    "COL ppu": "$0.88 per 1Ea",
    "COL Size": "4 pack"
  },
  {
    "Brand_Product_Size": "Coles Californian Walnuts 350g",
    "COL Price": 7,
    "COL ppu": "$2.00 per 100G",
    "COL Size": "350g"
  },
  {
    "Brand_Product_Size": "Coles Kitchen Pea & Ham Soup 300g",
    "COL Price": 3,
    "COL ppu": "$1.00 per 100G",
    "COL Size": "300g"
  },
  {
    "Brand_Product_Size": "Bonjela Fast Acting Teething Gel 87mg/g Choline Salicylate 15g",
    "COL Price": 9.4,
    "COL ppu": "$62.67 per 100G",
    "COL Size": "15g"
  },
  {
    "Brand_Product_Size": "Yarra Valley Persian Fetta With Chilli Cheese 180g",
    "COL Price": 7,
    "COL ppu": "$38.89 per 1Kg",
    "COL Size": "180g"
  },
  {
    "Brand_Product_Size": "Maui Shea Butter Conditioner 385mL",
    "COL Price": 22,
    "COL ppu": "$5.71 per 100mL",
    "COL Size": "385mL"
  },
  {
    "Brand_Product_Size": "Wallaby Bites Gluten Free Dark Chocolate Orange Almond & Coconut Yoghurt 150g",
    "COL Price": 5,
    "COL ppu": "$3.33 per 100G",
    "COL Size": "150g"
  },
  {
    "Brand_Product_Size": "Cadbury Curly Wurly Squirlies 110g",
    "COL Price": 4,
    "COL ppu": "$3.64 per 100G",
    "COL Size": "110g"
  },
  {
    "Brand_Product_Size": "Palmolive Luminous Oils Moroccan Argan Oil & Camellia Shampoo 700mL",
    "COL Price": 9,
    "COL ppu": "$1.29 per 100mL",
    "COL Size": "700mL"
  },
  {
    "Brand_Product_Size": "S & B Japanese Instant Tofu Miso Soup 30g",
    "COL Price": 3.75,
    "COL ppu": "$12.50 per 100G",
    "COL Size": "30g"
  },
  {
    "Brand_Product_Size": "Wildly Good Fritter Bites Pumpkin Chilli 210g",
    "COL Price": 4,
    "COL ppu": "$1.90 per 100G",
    "COL Size": "210g"
  },
  {
    "Brand_Product_Size": "Coles I'M Free From Cheese Rings 90g",
    "COL Price": 2,
    "COL ppu": "$2.22 per 100G",
    "COL Size": "90g"
  },
  {
    "Brand_Product_Size": "Modo Ecoliving Sugarcane Cups 10 pack",
    "COL Price": 3,
    "COL ppu": "$0.30 per 1Ea",
    "COL Size": "10 pack"
  },
  {
    "Brand_Product_Size": "Fruit & Seeds Cracker Raisin Chia 90g",
    "COL Price": 3,
    "COL ppu": "$3.33 per 100G",
    "COL Size": "90g"
  },
  {
    "Brand_Product_Size": "Remedy Kombucha Peach 1.25L",
    "COL Price": 6,
    "COL ppu": "$4.80 per 1L",
    "COL Size": "1.25L"
  },
  {
    "Brand_Product_Size": "Vicks Vaporub Easy Applicator each",
    "COL Price": 11.9,
    "COL ppu": "$11.90 per 1Ea",
    "COL Size": "each"
  },
  {
    "Brand_Product_Size": "Barkers Of Nz Butterscotch Sauce 365g",
    "COL Price": 5,
    "COL ppu": "$1.37 per 100G",
    "COL Size": "365g"
  },
  {
    "Brand_Product_Size": "Ayam Malaysian Laksa Soup Paste 185g",
    "COL Price": 2.75,
    "COL ppu": "$1.49 per 100G",
    "COL Size": "185g"
  },
  {
    "Brand_Product_Size": "Nescafe Farmers Origins India Espresso Capsules 10 pack",
    "COL Price": 6.2,
    "COL ppu": "$0.62 per 1Ea",
    "COL Size": "10 pack"
  },
  {
    "Brand_Product_Size": "Coles Large Pesto Pasta Salad each",
    "COL Price": 7,
    "COL ppu": "$7.00 per 1Ea",
    "COL Size": "each"
  },
  {
    "Brand_Product_Size": "Bonds 1089s Ladies Bikini Briefs Size 10 2 pack",
    "COL Price": 22,
    "COL ppu": "",
    "COL Size": "2 pack"
  },
  {
    "Brand_Product_Size": "Coles Lactose Free Full Cream Milk 1L",
    "COL Price": 2.15,
    "COL ppu": "$2.15 per 1L",
    "COL Size": "1L"
  },
  {
    "Brand_Product_Size": "Eylure Naturalites Intense Lashes each",
    "COL Price": 13,
    "COL ppu": "$13.00 per 1Ea",
    "COL Size": "each"
  },
  {
    "Brand_Product_Size": "Nicabate Extra Fresh Mint Gum Quit Smoking 4mg 100 pack",
    "COL Price": 28,
    "COL ppu": "$0.28 per 1Ea",
    "COL Size": "100 pack"
  },
  {
    "Brand_Product_Size": "Smiths Crinkle Crispy Bacon Potato Chips 150g",
    "COL Price": 3.5,
    "COL ppu": "$2.33 per 100G",
    "COL Size": "150g"
  },
  {
    "Brand_Product_Size": "Lindt Crispy Sensation Milk Chocolate 140g",
    "COL Price": 6,
    "COL ppu": "$4.29 per 100G",
    "COL Size": "140g"
  },
  {
    "Brand_Product_Size": "The Lady Shake Variety 10 Pack 560g",
    "COL Price": 36,
    "COL ppu": "$6.43 per 100G",
    "COL Size": "560g"
  },
  {
    "Brand_Product_Size": "NRG Super Alkaline AA 24 pack",
    "COL Price": 18,
    "COL ppu": "$0.75 per 1Ea",
    "COL Size": "24 pack"
  },
  {
    "Brand_Product_Size": "Ratsak Catch & Hold Mouse Trap 1 pack",
    "COL Price": 14,
    "COL ppu": "$14.00 per 1Ea",
    "COL Size": "1 pack"
  },
  {
    "Brand_Product_Size": "Golden Pancakes 6 Pack 360g",
    "COL Price": 5,
    "COL ppu": "$1.39 per 100G",
    "COL Size": "360g"
  },
  {
    "Brand_Product_Size": "Starbucks By Nespresso House Blend Lungo Capsules 10 pack",
    "COL Price": 6.9,
    "COL ppu": "$0.69 per 1Ea",
    "COL Size": "10 pack"
  },
  {
    "Brand_Product_Size": "Old El Paso Enchilada Kit Mild 520g",
    "COL Price": 5,
    "COL ppu": "$0.96 per 100G",
    "COL Size": "520g"
  },
  {
    "Brand_Product_Size": "Coles Bake & Create White Chocolate Block 200g",
    "COL Price": 2.5,
    "COL ppu": "$1.25 per 100G",
    "COL Size": "200g"
  },
  {
    "Brand_Product_Size": "Moccona Classic Medium Roast Instant Coffee 100g",
    "COL Price": 9.95,
    "COL ppu": "$9.95 per 100G",
    "COL Size": "100g"
  },
  {
    "Brand_Product_Size": "Cook & Dine Cooling Rack each",
    "COL Price": 7,
    "COL ppu": "$7.00 per 1Ea",
    "COL Size": "each"
  },
  {
    "Brand_Product_Size": "Coles New York Style Baked Cheesecake Slice 2 Pack 220g",
    "COL Price": 5,
    "COL ppu": "$2.27 per 100G",
    "COL Size": "220g"
  },
  {
    "Brand_Product_Size": "Compeed Cold Sore Patch 15 pack",
    "COL Price": 12.5,
    "COL ppu": "$0.83 per 1Ea",
    "COL Size": "15 pack"
  },
  {
    "Brand_Product_Size": "Brunnings Rose Spray 1L",
    "COL Price": 9,
    "COL ppu": "$9.00 per 1L",
    "COL Size": "1L"
  },
  {
    "Brand_Product_Size": "Leiber's Lemon Pie Filling 595g",
    "COL Price": 6,
    "COL ppu": "$1.01 per 100G",
    "COL Size": "595g"
  },
  {
    "Brand_Product_Size": "Impressed Ginger Ninja Juice 1L",
    "COL Price": 5,
    "COL ppu": "$5.00 per 1L",
    "COL Size": "1L"
  },
  {
    "Brand_Product_Size": "Table Of Plenty Veggie Roasters Classic Paprika 25g",
    "COL Price": 3,
    "COL ppu": "$1.20 per 10G",
    "COL Size": "25g"
  },
  {
    "Brand_Product_Size": "Elite Sugar Free  Must Peppermint Flavoured Chewing Gum 30g",
    "COL Price": 2.55,
    "COL ppu": "$8.50 per 100G",
    "COL Size": "30g"
  },
  {
    "Brand_Product_Size": "Dodoni Greek Feta Cheese approx. 100g",
    "COL Price": 2.15,
    "COL ppu": "$21.50 per 1Kg",
    "COL Size": "approx. 100g"
  },
  {
    "Brand_Product_Size": "Well Naturally Dark Chocolate Coconut Rough 45g",
    "COL Price": 2.85,
    "COL ppu": "$6.33 per 100G",
    "COL Size": "45g"
  },
  {
    "Brand_Product_Size": "Only Organic Free Range Chicken Bolognese 10+ Months 170g",
    "COL Price": 2.9,
    "COL ppu": "$1.71 per 100G",
    "COL Size": "170g"
  },
  {
    "Brand_Product_Size": "Smash Brick Duo 150mL 2 pack",
    "COL Price": 4,
    "COL ppu": "$2.00 per 1Ea",
    "COL Size": "2 pack"
  },
  {
    "Brand_Product_Size": "Bulldog Original Moisturiser Skincare For Men 100mL",
    "COL Price": 12.5,
    "COL ppu": "$12.50 per 100mL",
    "COL Size": "100mL"
  },
  {
    "Brand_Product_Size": "Oral B Pro Health Protect Refreshing Clean Toothpaste 200g",
    "COL Price": 8,
    "COL ppu": "$4.00 per 100G",
    "COL Size": "200g"
  },
  {
    "Brand_Product_Size": "Nivea Men Shaving Foam for Sensitive Skin 200mL",
    "COL Price": 2.9,
    "COL ppu": "$1.45 per 100mL",
    "COL Size": "200mL"
  },
  {
    "Brand_Product_Size": "Coles Bakery Christmas Shortbread 24 pack",
    "COL Price": 6,
    "COL ppu": "$0.25 per 1Ea",
    "COL Size": "24 pack"
  },
  {
    "Brand_Product_Size": "Continental Naturally Tasty Chilli Con Carne Recipe Mix 64g",
    "COL Price": 2.4,
    "COL ppu": "$3.75 per 100G",
    "COL Size": "64g"
  },
  {
    "Brand_Product_Size": "Smith's Salt & Vinegar Thinly Cut Potato Chips 175g",
    "COL Price": 2,
    "COL ppu": "$1.14 per 100G",
    "COL Size": "175g"
  },
  {
    "Brand_Product_Size": "Cleaver's Gluten Free Organic Paleo Beef Sausage 450g",
    "COL Price": 10,
    "COL ppu": "$22.22 per 1Kg",
    "COL Size": "450g"
  },
  {
    "Brand_Product_Size": "V.I.P. Natures Goodness Adult Dog Roll Roast Meat With Sweet Potato 2.15kg",
    "COL Price": 5.6,
    "COL ppu": "$0.26 per 100G",
    "COL Size": "2.15kg"
  },
  {
    "Brand_Product_Size": "Coles I'M Free From Garlic Bread 400g",
    "COL Price": 6,
    "COL ppu": "$1.50 per 100G",
    "COL Size": "400g"
  },
  {
    "Brand_Product_Size": "Nature Valley Salted Caramel Protein Bar 160g",
    "COL Price": 5.3,
    "COL ppu": "$3.31 per 100G",
    "COL Size": "160g"
  },
  {
    "Brand_Product_Size": "Coles Mini Parmesan & Onion Pane Di Casa each",
    "COL Price": 2.85,
    "COL ppu": "$2.85 per 1Ea",
    "COL Size": "each"
  },
  {
    "Brand_Product_Size": "Campbell's Country Ladle Farmhouse Vegetable Soup Can 495g",
    "COL Price": 3.5,
    "COL ppu": "$0.71 per 100G",
    "COL Size": "495g"
  },
  {
    "Brand_Product_Size": "Nature's Way Vanilla Instant Protein Powder 375g",
    "COL Price": 21,
    "COL ppu": "$5.60 per 100G",
    "COL Size": "375g"
  },
  {
    "Brand_Product_Size": "Coles Yellow Squash loose approx. 50g each",
    "COL Price": 0.745,
    "COL ppu": "$14.90 per 1Kg",
    "COL Size": "approx. 50g each"
  },
  {
    "Brand_Product_Size": "Coles Ultimate Salt Caramel Chip Cookie 400g",
    "COL Price": 3.5,
    "COL ppu": "$0.88 per 100G",
    "COL Size": "400g"
  },
  {
    "Brand_Product_Size": "Coles White Flat Mushrooms Prepacked 375g",
    "COL Price": 5.5,
    "COL ppu": "$14.67 per 1Kg",
    "COL Size": "375g"
  },
  {
    "Brand_Product_Size": "Lucky Smart Snax Antioxidants 140g",
    "COL Price": 4,
    "COL ppu": "$28.57 per 1Kg",
    "COL Size": "140g"
  },
  {
    "Brand_Product_Size": "Schweppes Zero Sugar Ginger Ale  Mixers 1.1L",
    "COL Price": 2.15,
    "COL ppu": "$1.95 per 1L",
    "COL Size": "1.1L"
  },
  {
    "Brand_Product_Size": "Gaganis Hulled Tahini 375g",
    "COL Price": 6,
    "COL ppu": "$1.60 per 100G",
    "COL Size": "375g"
  },
  {
    "Brand_Product_Size": "Coles Chocolate Fudge Dessert Topping 250mL",
    "COL Price": 3.5,
    "COL ppu": "$1.40 per 100mL",
    "COL Size": "250mL"
  },
  {
    "Brand_Product_Size": "L'Oreal Preference 11.21 Moscow Hair Colour 1 pack",
    "COL Price": 9.5,
    "COL ppu": "$9.50 per 1Ea",
    "COL Size": "1 pack"
  },
  {
    "Brand_Product_Size": "Barker's Strawberry Jam 455g",
    "COL Price": 5,
    "COL ppu": "$1.10 per 100G",
    "COL Size": "455g"
  },
  {
    "Brand_Product_Size": "Rafferty's Garden Blueberry Banana & Apple Snack Bars 12+ Months 8 pack 128g",
    "COL Price": 3.5,
    "COL ppu": "$2.73 per 100G",
    "COL Size": "128g"
  },
  {
    "Brand_Product_Size": "Coles Finest British Oak Smoked Cheddar approx. 100g",
    "COL Price": 4,
    "COL ppu": "$40.00 per 1Kg",
    "COL Size": "approx. 100g"
  },
  {
    "Brand_Product_Size": "Sharpie Pens 2 pack",
    "COL Price": 5.85,
    "COL ppu": "$2.93 per 1ea",
    "COL Size": "2 pack"
  },
  {
    "Brand_Product_Size": "Queen Victoria English Breakfast Tea 50 pack",
    "COL Price": 6,
    "COL ppu": "$0.12 per 1Ea",
    "COL Size": "50 pack"
  },
  {
    "Brand_Product_Size": "Flora Margarine Spread With Butter 400g",
    "COL Price": 4,
    "COL ppu": "$1.00 per 100G",
    "COL Size": "400g"
  },
  {
    "Brand_Product_Size": "Dove Beauty Soap Bar Regular 2 pack 200g",
    "COL Price": 3.8,
    "COL ppu": "$1.90 per 100G",
    "COL Size": "200g"
  },
  {
    "Brand_Product_Size": "Four Seasons Naked Classic Condoms 12 pack",
    "COL Price": 7,
    "COL ppu": "$0.58 per 1Ea",
    "COL Size": "12 pack"
  },
  {
    "Brand_Product_Size": "Divella Pronto Mediterraneo Pasta Sauce 680g",
    "COL Price": 3.25,
    "COL ppu": "$0.48 per 100G",
    "COL Size": "680g"
  },
  {
    "Brand_Product_Size": "Cool Pak Popcorn Variety 16 Pack 198g",
    "COL Price": 4,
    "COL ppu": "$2.02 per 100G",
    "COL Size": "198g"
  },
  {
    "Brand_Product_Size": "Coon Classics Mozzarella Cheese Slices 12 Pack 250g",
    "COL Price": 6,
    "COL ppu": "$2.40 per 100G",
    "COL Size": "250g"
  },
  {
    "Brand_Product_Size": "Twinings Pure Green Tea Bags 10 pack 15g",
    "COL Price": 2.9,
    "COL ppu": "$0.29 per 1Ea",
    "COL Size": "15g"
  },
  {
    "Brand_Product_Size": "MasterFoods Finely Crushed Garlic 170g",
    "COL Price": 3,
    "COL ppu": "$0.18 per 10G",
    "COL Size": "170g"
  },
  {
    "Brand_Product_Size": "Coles Kitchen Loaded Chilli Wedges 1.2 kg",
    "COL Price": 14,
    "COL ppu": "$1.17 per 100G",
    "COL Size": "1.2 kg"
  },
  {
    "Brand_Product_Size": "John West Tempters Onion & Tomato Light Tuna 95g",
    "COL Price": 2.3,
    "COL ppu": "$24.21 per 1Kg",
    "COL Size": "95g"
  },
  {
    "Brand_Product_Size": "Savour Spicy Broad Beans 100g",
    "COL Price": 1.8,
    "COL ppu": "$1.80 per 100G",
    "COL Size": "100g"
  },
  {
    "Brand_Product_Size": "Coles Kitchen Butter Chicken With Rice 350g",
    "COL Price": 6.5,
    "COL ppu": "$1.86 per 100G",
    "COL Size": "350g"
  },
  {
    "Brand_Product_Size": "Carman's Nutty Delights Health Snacks Dark Choc Cherry & Coconut 160g",
    "COL Price": 6,
    "COL ppu": "$3.75 per 100G",
    "COL Size": "160g"
  },
  {
    "Brand_Product_Size": "Pavlides Canned Apricot Halves Peeled 420g",
    "COL Price": 2,
    "COL ppu": "$4.76 per 1Kg",
    "COL Size": "420g"
  },
  {
    "Brand_Product_Size": "Living Planet Goats Long Life Milk 1L",
    "COL Price": 4.7,
    "COL ppu": "$4.70 per 1L",
    "COL Size": "1L"
  },
  {
    "Brand_Product_Size": "Coles Banana Crunch Mix 75g",
    "COL Price": 2,
    "COL ppu": "$26.67 per 1Kg",
    "COL Size": "75g"
  },
  {
    "Brand_Product_Size": "Morning Fresh Ultra Concentrate Antibacterial Orange & Tea Tree Dishwashing Liquid 650mL",
    "COL Price": 5,
    "COL ppu": "$0.77 per 100mL",
    "COL Size": "650mL"
  },
  {
    "Brand_Product_Size": "Praise Traditional 99% Fat Free Mayo 410g",
    "COL Price": 1.7,
    "COL ppu": "$0.41 per 100G",
    "COL Size": "410g"
  },
  {
    "Brand_Product_Size": "Aveeno Active Naturals Skin Relief Body Wash 532mL",
    "COL Price": 15,
    "COL ppu": "$2.82 per 100mL",
    "COL Size": "532mL"
  },
  {
    "Brand_Product_Size": "Coles Paper Stem Cotton Wool Tips 400 pack",
    "COL Price": 4,
    "COL ppu": "$0.01 per 1Ea",
    "COL Size": "400 pack"
  },
  {
    "Brand_Product_Size": "Bref Turquoise Active Ocean 50g",
    "COL Price": 3,
    "COL ppu": "$6.00 per 100G",
    "COL Size": "50g"
  },
  {
    "Brand_Product_Size": "Tempo Soft Spreadable Quarg Cheese 500g",
    "COL Price": 8,
    "COL ppu": "$16.00 per 1Kg",
    "COL Size": "500g"
  },
  {
    "Brand_Product_Size": "Udder Delights Goat Chevre 150g",
    "COL Price": 9,
    "COL ppu": "$0.06 per 1g",
    "COL Size": "150g"
  },
  {
    "Brand_Product_Size": "Woofin Good Dog Food Meatballs Chicken 750g",
    "COL Price": 5.5,
    "COL ppu": "$0.73 per 100G",
    "COL Size": "750g"
  },
  {
    "Brand_Product_Size": "Woofin Good Grainfree Dry Chicken & Vegetables Dog Food 2.5kg",
    "COL Price": 17,
    "COL ppu": "$0.68 per 100G",
    "COL Size": "2.5kg"
  },
  {
    "Brand_Product_Size": "Latina Lasagne with Angus Beef & Vegetables 800g",
    "COL Price": 13.75,
    "COL ppu": "$1.72 per 100G",
    "COL Size": "800g"
  },
  {
    "Brand_Product_Size": "Barker's Three Berry Jam 455g",
    "COL Price": 5,
    "COL ppu": "$1.10 per 100G",
    "COL Size": "455g"
  },
  {
    "Brand_Product_Size": "Gatorade Blue Bolt Sports Drink 1L",
    "COL Price": 2.5,
    "COL ppu": "$2.50 per 1L",
    "COL Size": "1L"
  },
  {
    "Brand_Product_Size": "Coles Basa Skin Off Fillet 400g",
    "COL Price": 7,
    "COL ppu": "$1.75 per 100G",
    "COL Size": "400g"
  },
  {
    "Brand_Product_Size": "Goulburn Valley Fruit Salad In Juice 170g 2 pack",
    "COL Price": 4,
    "COL ppu": "$1.18 per 100G",
    "COL Size": "2 pack"
  },
  {
    "Brand_Product_Size": "Coles Mozzarella Shredded Cheese 700g",
    "COL Price": 7.7,
    "COL ppu": "$1.10 per 100G",
    "COL Size": "700g"
  },
  {
    "Brand_Product_Size": "Decor Match Ups Basics Container Oblong Blue 2L each",
    "COL Price": 7.5,
    "COL ppu": "$7.50 per 1Ea",
    "COL Size": "each"
  },
  {
    "Brand_Product_Size": "Activia Probiotic Mango Yoghurt 4 pack 125g",
    "COL Price": 3.5,
    "COL ppu": "$2.80 per 100G",
    "COL Size": "125g"
  },
  {
    "Brand_Product_Size": "Modo Ecoliving A5 Stitched Notebook 2 pack",
    "COL Price": 4,
    "COL ppu": "$2.00 per 1Ea",
    "COL Size": "2 pack"
  },
  {
    "Brand_Product_Size": "Band-Aid Advanced Healing Regular Adhesive Dressing 10 pack",
    "COL Price": 6.4,
    "COL ppu": "$0.64 per 1Ea",
    "COL Size": "10 pack"
  },
  {
    "Brand_Product_Size": "Coles Chopped Tomatoes 400g",
    "COL Price": 0.6,
    "COL ppu": "$1.50 per 1Kg",
    "COL Size": "400g"
  },
  {
    "Brand_Product_Size": "Tresemme Repair & Protect Conditioner 675mL",
    "COL Price": 9,
    "COL ppu": "$1.33 per 100mL",
    "COL Size": "675mL"
  },
  {
    "Brand_Product_Size": "Coles Plum Jam 480g",
    "COL Price": 2,
    "COL ppu": "$0.42 per 100G",
    "COL Size": "480g"
  },
  {
    "Brand_Product_Size": "Uncle Tobys Oats Quick Sachets Creamy Honey 350g",
    "COL Price": 5,
    "COL ppu": "$1.43 per 100G",
    "COL Size": "350g"
  },
  {
    "Brand_Product_Size": "Ogx Brazil Keratine Conditioner 385mL",
    "COL Price": 20,
    "COL ppu": "$5.19 per 100mL",
    "COL Size": "385mL"
  },
  {
    "Brand_Product_Size": "Heinz Spaghetti Tomato Sauce 300g",
    "COL Price": 1,
    "COL ppu": "$0.33 per 100G",
    "COL Size": "300g"
  },
  {
    "Brand_Product_Size": "Multix Extra Wide Drawtight Garbage Bags 80cm x 70cm 56L 20 pack",
    "COL Price": 4,
    "COL ppu": "$0.20 per 1Ea",
    "COL Size": "20 pack"
  },
  {
    "Brand_Product_Size": "Coles Dip Hommus 200g",
    "COL Price": 1.9,
    "COL ppu": "$0.95 per 100G",
    "COL Size": "200g"
  },
  {
    "Brand_Product_Size": "Coles Baby Broccoli 1 bunch",
    "COL Price": 2.5,
    "COL ppu": "$2.50 per 1Ea",
    "COL Size": "1 bunch"
  },
  {
    "Brand_Product_Size": "Stonefire Roasted Garlic Naan 2 pack 250g",
    "COL Price": 3.5,
    "COL ppu": "$1.40 per 100G",
    "COL Size": "250g"
  },
  {
    "Brand_Product_Size": "Golden Circle Raspberry Cordial 2L",
    "COL Price": 3,
    "COL ppu": "$1.50 per 1L",
    "COL Size": "2L"
  },
  {
    "Brand_Product_Size": "Tandaco Sage & Onion Stuffing Mix 200g",
    "COL Price": 2.45,
    "COL ppu": "$0.12 per 10G",
    "COL Size": "200g"
  },
  {
    "Brand_Product_Size": "Nature's Gift Just Natural Meal Time Chicken Turkey & Vegetables Dog Food 700g",
    "COL Price": 2,
    "COL ppu": "$0.29 per 100G",
    "COL Size": "700g"
  },
  {
    "Brand_Product_Size": "Organic Care Vanilla Ylang Ylang Moisturising Body Wash 725mL",
    "COL Price": 4.9,
    "COL ppu": "$0.68 per 100mL",
    "COL Size": "725mL"
  },
  {
    "Brand_Product_Size": "Aptamil Prosyneo Sensitive Baby Infant Formula Formulated For Tolerance From Birth to 12 Months 900g",
    "COL Price": 30,
    "COL ppu": "$3.33 per 100G",
    "COL Size": "900g"
  },
  {
    "Brand_Product_Size": "Garnier Olia Dark Brown 4.0 Hair Colour 1 pack",
    "COL Price": 8.5,
    "COL ppu": "$8.50 per 1Ea",
    "COL Size": "1 pack"
  },
  {
    "Brand_Product_Size": "Springhill Farm Slice Biscuit Choc Chip Dough 150g",
    "COL Price": 4,
    "COL ppu": "$2.67 per 100G",
    "COL Size": "150g"
  },
  {
    "Brand_Product_Size": "Nestle Coffee Mate French Vanilla Flavoured Liquid Coffee Whitener 150mL",
    "COL Price": 4,
    "COL ppu": "$2.67 per 100mL",
    "COL Size": "150mL"
  },
  {
    "Brand_Product_Size": "Go Natural Protein Double Choc Snap 40g",
    "COL Price": 3,
    "COL ppu": "$7.50 per 100G",
    "COL Size": "40g"
  },
  {
    "Brand_Product_Size": "Farmers Union Greek Style Strawberry Yoghurt Pouch 130g",
    "COL Price": 1,
    "COL ppu": "$0.77 per 100G",
    "COL Size": "130g"
  },
  {
    "Brand_Product_Size": "Coles Hair Scrunchie Large each",
    "COL Price": 4,
    "COL ppu": "$4.00 per 1Ea",
    "COL Size": "each"
  },
  {
    "Brand_Product_Size": "Sandhurst Sicilian Green Olives 280g",
    "COL Price": 3.5,
    "COL ppu": "$12.50 per 1Kg",
    "COL Size": "280g"
  },
  {
    "Brand_Product_Size": "Boost Mango Sunshine Juice Chilled 1L",
    "COL Price": 4.4,
    "COL ppu": "$4.40 per 1L",
    "COL Size": "1L"
  },
  {
    "Brand_Product_Size": "Cook & Dine Plastic Clear Wine Glasses 10 pack",
    "COL Price": 3,
    "COL ppu": "$0.30 per 1Ea",
    "COL Size": "10 pack"
  },
  {
    "Brand_Product_Size": "Deb Instant Mashed Onion Potato 115g",
    "COL Price": 1.95,
    "COL ppu": "$16.96 per 1Kg",
    "COL Size": "115g"
  },
  {
    "Brand_Product_Size": "Latina Fresh Veal Tortellini 625g",
    "COL Price": 8,
    "COL ppu": "$1.28 per 100G",
    "COL Size": "625g"
  },
  {
    "Brand_Product_Size": "Darrell Lea Milk Choc Raspberry Bullets 250g",
    "COL Price": 4.4,
    "COL ppu": "$1.76 per 100G",
    "COL Size": "250g"
  },
  {
    "Brand_Product_Size": "Starbucks By Nespresso Dark Espresso Roast Capsules 10 pack",
    "COL Price": 6.9,
    "COL ppu": "$0.69 per 1Ea",
    "COL Size": "10 pack"
  },
  {
    "Brand_Product_Size": "Coles Lens Wipes 40 pack",
    "COL Price": 5,
    "COL ppu": "$0.13 per 1Ea",
    "COL Size": "40 pack"
  },
  {
    "Brand_Product_Size": "Cook & Dine Stainless Steel Grater each",
    "COL Price": 6.5,
    "COL ppu": "$6.50 per 1Ea",
    "COL Size": "each"
  },
  {
    "Brand_Product_Size": "Difflam Plus Sore Throat Lozenge Plus Anaesthetic Blackcurrant Flavour 16 pack",
    "COL Price": 10,
    "COL ppu": "$0.63 per 1Ea",
    "COL Size": "16 pack"
  },
  {
    "Brand_Product_Size": "Coles Garlic Bread Twin Pack 450g",
    "COL Price": 1.9,
    "COL ppu": "$0.42 per 100G",
    "COL Size": "450g"
  },
  {
    "Brand_Product_Size": "I Love Cookies Cookie Ginger Ninja Single Big 50g",
    "COL Price": 2,
    "COL ppu": "$4.00 per 100G",
    "COL Size": "50g"
  },
  {
    "Brand_Product_Size": "Neutrogena Beach Defence Sunscreen Spray SPF 50+ 184g",
    "COL Price": 17.3,
    "COL ppu": "$9.40 per 100G",
    "COL Size": "184g"
  },
  {
    "Brand_Product_Size": "Coles GU5.3 12V 500 Lumens 6 watt Cool White LED Globe 2 pack",
    "COL Price": 10,
    "COL ppu": "$5.00 per 1Ea",
    "COL Size": "2 pack"
  },
  {
    "Brand_Product_Size": "Cadbury Dairy Milk Caramello Molten Pudding 2 pack 200g",
    "COL Price": 5,
    "COL ppu": "$2.50 per 100G",
    "COL Size": "200g"
  },
  {
    "Brand_Product_Size": "Comfort Aromatherapy Amber And Rose Fabric Conditioner 750mL",
    "COL Price": 5,
    "COL ppu": "$6.67 per 1L",
    "COL Size": "750mL"
  },
  {
    "Brand_Product_Size": "Pitango Organic Soup Minestrone 600g",
    "COL Price": 6.5,
    "COL ppu": "$1.08 per 100G",
    "COL Size": "600g"
  },
  {
    "Brand_Product_Size": "Coles Plum Jam 480g",
    "COL Price": 2,
    "COL ppu": "$0.42 per 100G",
    "COL Size": "480g"
  },
  {
    "Brand_Product_Size": "MasterFoods Portuguese Chicken Seasoning 50g",
    "COL Price": 3.75,
    "COL ppu": "$0.75 per 10G",
    "COL Size": "50g"
  },
  {
    "Brand_Product_Size": "Ansell Nitrile Heavy Duty Disposable Gloves 50 pack",
    "COL Price": 8.45,
    "COL ppu": "$0.17 per 1Ea",
    "COL Size": "50 pack"
  },
  {
    "Brand_Product_Size": "Bulla Thickened Cream 600mL",
    "COL Price": 4.4,
    "COL ppu": "$0.73 per 100mL",
    "COL Size": "600mL"
  },
  {
    "Brand_Product_Size": "Schweppes Blood Orange and Passionfruit Flavour Drink 1.1L",
    "COL Price": 2.15,
    "COL ppu": "$1.95 per 1L",
    "COL Size": "1.1L"
  },
  {
    "Brand_Product_Size": "Coles 23 watt Bayonet Cap 2700k Warm White CFL Spiral 2 pack",
    "COL Price": 10,
    "COL ppu": "$5.00 per 1Ea",
    "COL Size": "2 pack"
  },
  {
    "Brand_Product_Size": "Freedom Foods Active Balance Buckwheat & Quinoa Cereal 350g",
    "COL Price": 6,
    "COL ppu": "$1.71 per 100G",
    "COL Size": "350g"
  },
  {
    "Brand_Product_Size": "Coles Deli Thawed Cooked Extra Large Black Tiger Prawns approx. 250g",
    "COL Price": 7.25,
    "COL ppu": "$29.00 per 1Kg",
    "COL Size": "approx. 250g"
  },
  {
    "Brand_Product_Size": "Dairy Farmers Heart Active Fat Free Milk Carton 1L",
    "COL Price": 3.2,
    "COL ppu": "$3.20 per 1L",
    "COL Size": "1L"
  },
  {
    "Brand_Product_Size": "Simple Replenishing Rich Moisturiser 125mL",
    "COL Price": 10.5,
    "COL ppu": "$8.40 per 100mL",
    "COL Size": "125mL"
  },
  {
    "Brand_Product_Size": "Clive of India Curry Powder 100g",
    "COL Price": 3.45,
    "COL ppu": "$0.35 per 10G",
    "COL Size": "100g"
  },
  {
    "Brand_Product_Size": "Maui Moisture Shea Butter Hair Mask 340g",
    "COL Price": 22,
    "COL ppu": "$6.47 per 100G",
    "COL Size": "340g"
  },
  {
    "Brand_Product_Size": "Cook & Dine Large Baking Sheet each",
    "COL Price": 8,
    "COL ppu": "$8.00 per 1Ea",
    "COL Size": "each"
  },
  {
    "Brand_Product_Size": "Coles Casserole With Lamb Pasta & Vegetable Canned Dog Food Adult 1-7 Years 1.2kg",
    "COL Price": 2.4,
    "COL ppu": "$0.20 per 100G",
    "COL Size": "1.2kg"
  },
  {
    "Brand_Product_Size": "Maybelline Lash Sensational Blackest Black Mascara 9.5mL",
    "COL Price": 16.1,
    "COL ppu": "$16.95 per 10mL",
    "COL Size": "9.5mL"
  },
  {
    "Brand_Product_Size": "Coles Bakery Hi Fibre Low GI Harvest Grain Sandwich Bread Loaf 800g",
    "COL Price": 3,
    "COL ppu": "$0.38 per 100G",
    "COL Size": "800g"
  },
  {
    "Brand_Product_Size": "Pyrenel Head Lice Foam 100mL",
    "COL Price": 7.2,
    "COL ppu": "$7.20 per 100mL",
    "COL Size": "100mL"
  },
  {
    "Brand_Product_Size": "Red Bull Zero Can 473mL",
    "COL Price": 4.85,
    "COL ppu": "$1.03 per 100mL",
    "COL Size": "473mL"
  },
  {
    "Brand_Product_Size": "Schweppes Solo Lemon Multipack Cans 375mL 24 pack",
    "COL Price": 24.55,
    "COL ppu": "$2.73 per 1L",
    "COL Size": "24 pack"
  },
  {
    "Brand_Product_Size": "MasterFoods Mild American Mustard Smooth & Tangy 550g",
    "COL Price": 3.5,
    "COL ppu": "$0.64 per 100G",
    "COL Size": "550g"
  },
  {
    "Brand_Product_Size": "Vittoria Coffee Ground Special Italian Blend 1kg",
    "COL Price": 19,
    "COL ppu": "$1.90 per 100G",
    "COL Size": "1kg"
  },
  {
    "Brand_Product_Size": "Twinings Pure Peppermint Herbal Infusions Tea Bags 40 pack 80g",
    "COL Price": 7,
    "COL ppu": "$8.75 per 100G",
    "COL Size": "80g"
  },
  {
    "Brand_Product_Size": "Rockstar Punched Tropical Guava Flavoured Energy Drink 500mL 4 pack",
    "COL Price": 10,
    "COL ppu": "$5.00 per 1L",
    "COL Size": "4 pack"
  },
  {
    "Brand_Product_Size": "Peckish Sour Cream & Chives Rice Crackers 100g",
    "COL Price": 2.2,
    "COL ppu": "$2.20 per 100G",
    "COL Size": "100g"
  },
  {
    "Brand_Product_Size": "Uncle Toby's Nutritious Snacks Oat Slice Peanut Butter 140g",
    "COL Price": 5.5,
    "COL ppu": "$3.93 per 100G",
    "COL Size": "140g"
  },
  {
    "Brand_Product_Size": "On The Menu Frozen Cheese Burger 161g",
    "COL Price": 2.9,
    "COL ppu": "$1.80 per 100G",
    "COL Size": "161g"
  },
  {
    "Brand_Product_Size": "LPO Micellar Facial Cleansing Wipes 25pack",
    "COL Price": 4.2,
    "COL ppu": "$0.17 per 1Ea",
    "COL Size": "25pack"
  },
  {
    "Brand_Product_Size": "Coles Lamb Shanks approx. 775g each",
    "COL Price": 11.2375,
    "COL ppu": "$14.50 per 1Kg",
    "COL Size": "approx. 775g each"
  },
  {
    "Brand_Product_Size": "Coles Gluten Free Five Seed Rolls 2 pack 140g",
    "COL Price": 3,
    "COL ppu": "$2.14 per 100G",
    "COL Size": "140g"
  },
  {
    "Brand_Product_Size": "Coles Deli Thawed Barramundi Fillets approx. 350g each",
    "COL Price": 4.9,
    "COL ppu": "$14.00 per 1Kg",
    "COL Size": "approx. 350g each"
  },
  {
    "Brand_Product_Size": "Coles Bakery Choc On Choc Scroll 2 pack",
    "COL Price": 3,
    "COL ppu": "$1.50 per 1Ea",
    "COL Size": "2 pack"
  },
  {
    "Brand_Product_Size": "Liebers Strawberry Jelly 85g",
    "COL Price": 3,
    "COL ppu": "$3.53 per 100G",
    "COL Size": "85g"
  },
  {
    "Brand_Product_Size": "Tommee Tippee Advanced Anti Colic Feeding Bottle 260mL",
    "COL Price": 24,
    "COL ppu": "$9.23 per 100mL",
    "COL Size": "260mL"
  },
  {
    "Brand_Product_Size": "Bonne Maman Raspberry Jam 370g",
    "COL Price": 5.2,
    "COL ppu": "$1.41 per 100G",
    "COL Size": "370g"
  },
  {
    "Brand_Product_Size": "Wei Lih Ichiban Noodle Bowl Spicy Sichuan Beef 140g",
    "COL Price": 4.4,
    "COL ppu": "$3.14 per 100G",
    "COL Size": "140g"
  },
  {
    "Brand_Product_Size": "Hanabi Cabbage & Pork Dumplings 500g",
    "COL Price": 10,
    "COL ppu": "$2.00 per 100G",
    "COL Size": "500g"
  },
  {
    "Brand_Product_Size": "Coles Finest Angus Beef Rump Steak approx. 450g each",
    "COL Price": 15.995,
    "COL ppu": "$35.54 per 1kg",
    "COL Size": "approx. 450g each"
  },
  {
    "Brand_Product_Size": "Lavazza Qualita Oro Medium Roast Smooth Coffee Beans 500g",
    "COL Price": 8,
    "COL ppu": "$1.60 per 100G",
    "COL Size": "500g"
  },
  {
    "Brand_Product_Size": "Katzy's Kosher Frozen Sausage Roll 425g",
    "COL Price": 10.39,
    "COL ppu": "$2.44 per 100G",
    "COL Size": "425g"
  },
  {
    "Brand_Product_Size": "Schweppes Sarsaparilla 1.1L",
    "COL Price": 2.15,
    "COL ppu": "$1.95 per 1L",
    "COL Size": "1.1L"
  },
  {
    "Brand_Product_Size": "Hedys Quiche Lorraine 1.1kg",
    "COL Price": 13.5,
    "COL ppu": "$1.23 per 100G",
    "COL Size": "1.1kg"
  },
  {
    "Brand_Product_Size": "Cook & Dine Stainless Steel Solid Spoon each",
    "COL Price": 6,
    "COL ppu": "$6.00 per 1Ea",
    "COL Size": "each"
  },
  {
    "Brand_Product_Size": "Dynamo Professional 7 In 1 Discs 14 pack",
    "COL Price": 10,
    "COL ppu": "$0.71 per 1Ea",
    "COL Size": "14 pack"
  },
  {
    "Brand_Product_Size": "Coles Caulini Prepacked 180g",
    "COL Price": 4,
    "COL ppu": "$2.22 per 100G",
    "COL Size": "180g"
  },
  {
    "Brand_Product_Size": "Lo Bros Organic Lemon Lime and Bitters Soda Chilled 330mL",
    "COL Price": 4,
    "COL ppu": "$12.12 per 1L",
    "COL Size": "330mL"
  },
  {
    "Brand_Product_Size": "Dettol Parents Approved Citrus Hand Wash Soap 250mL",
    "COL Price": 3,
    "COL ppu": "$1.20 per 100mL",
    "COL Size": "250mL"
  },
  {
    "Brand_Product_Size": "The Spice Tailor Rustic Rogan Josh 300g",
    "COL Price": 5.5,
    "COL ppu": "$1.83 per 100G",
    "COL Size": "300g"
  },
  {
    "Brand_Product_Size": "Sukin Cleansing Handwash Eucalyptus Tea Tree Pump 500mL",
    "COL Price": 9.95,
    "COL ppu": "$1.99 per 100mL",
    "COL Size": "500mL"
  },
  {
    "Brand_Product_Size": "Annabel Karmel Meals Mac Cheese 200g",
    "COL Price": 4,
    "COL ppu": "$2.00 per 100G",
    "COL Size": "200g"
  },
  {
    "Brand_Product_Size": "Colgate Smile For Good Mouthwash Protect 500mL",
    "COL Price": 8,
    "COL ppu": "$1.60 per 100mL",
    "COL Size": "500mL"
  },
  {
    "Brand_Product_Size": "Coles So Soft & Strong Facial Tissue Eucalyptus 95 pack",
    "COL Price": 2,
    "COL ppu": "$0.02 per 1Ea",
    "COL Size": "95 pack"
  },
  {
    "Brand_Product_Size": "Air Wick Vanilla & Soft Cashmere Electric Diffuser Air Freshener Refill Twin Pack 42mL",
    "COL Price": 10,
    "COL ppu": "$2.38 per 10mL",
    "COL Size": "42mL"
  },
  {
    "Brand_Product_Size": "Yumi's Mini Avocado Dip 3 Pack 195g",
    "COL Price": 3.5,
    "COL ppu": "$1.79 per 100G",
    "COL Size": "195g"
  },
  {
    "Brand_Product_Size": "Coles Deli Small Greek Salad each",
    "COL Price": 5,
    "COL ppu": "$5.00 per 1Ea",
    "COL Size": "each"
  },
  {
    "Brand_Product_Size": "Arnott's Tim Tam White Chocolate Biscuits 165g",
    "COL Price": 4,
    "COL ppu": "$2.42 per 100G",
    "COL Size": "165g"
  },
  {
    "Brand_Product_Size": "Strephen Intensive Honey & Lemon Lozenges 16 pack",
    "COL Price": 10,
    "COL ppu": "$0.63 per 1Ea",
    "COL Size": "16 pack"
  },
  {
    "Brand_Product_Size": "Coles Thawed Seafood Cooked XL Black Tiger Prawn 3kg",
    "COL Price": 87,
    "COL ppu": "$29.00 per 1Kg",
    "COL Size": "3kg"
  },
  {
    "Brand_Product_Size": "Cenovis Men's Multi Once Daily Capsules 50 pack",
    "COL Price": 16,
    "COL ppu": "$32.00 per 100Ea",
    "COL Size": "50 pack"
  },
  {
    "Brand_Product_Size": "Continental Mild Mince Curry Recipe Base Serves 4 40g",
    "COL Price": 1.6,
    "COL ppu": "$4.00 per 100G",
    "COL Size": "40g"
  },
  {
    "Brand_Product_Size": "Twinings Caffeine Free Ginger & Apple Flavour Herbal Infusions Tea Bags 10 pack 20g",
    "COL Price": 2.9,
    "COL ppu": "$0.29 per 1Ea",
    "COL Size": "20g"
  },
  {
    "Brand_Product_Size": "Dettol Biodegradable 90 Multipurpose Cleaning Wipes Lemon 1 pack",
    "COL Price": 10,
    "COL ppu": "$11.11 per 100Ea",
    "COL Size": "1 pack"
  },
  {
    "Brand_Product_Size": "Coles Compost Tidy Bag Small 25 pack",
    "COL Price": 3,
    "COL ppu": "$0.12 per 1Ea",
    "COL Size": "25 pack"
  },
  {
    "Brand_Product_Size": "Cottee's Squeezy Chocolate Topping 615g",
    "COL Price": 3.2,
    "COL ppu": "$0.52 per 100G",
    "COL Size": "615g"
  },
  {
    "Brand_Product_Size": "Coles Apple Fruit Drink Multipack 250mL 6 pack",
    "COL Price": 2.65,
    "COL ppu": "$1.77 per 1L",
    "COL Size": "6 pack"
  },
  {
    "Brand_Product_Size": "Loacker Gardena Fingers Chocolate 125g",
    "COL Price": 2.5,
    "COL ppu": "$2.00 per 100G",
    "COL Size": "125g"
  },
  {
    "Brand_Product_Size": "Coles Bake & Create Mini Polka Dot Patty Pans 100 pack",
    "COL Price": 2.5,
    "COL ppu": "$0.03 per 1Ea",
    "COL Size": "100 pack"
  },
  {
    "Brand_Product_Size": "Pauls Milky Max Chocolate Dairy Snack 12 pack 1.2kg",
    "COL Price": 6.9,
    "COL ppu": "$0.58 per 100G",
    "COL Size": "1.2kg"
  },
  {
    "Brand_Product_Size": "Coles Belgian White Chocolate Block 200g",
    "COL Price": 2.3,
    "COL ppu": "$1.15 per 100G",
    "COL Size": "200g"
  },
  {
    "Brand_Product_Size": "Dr Oetker Vanilla Aromali Puding 125g",
    "COL Price": 2,
    "COL ppu": "$1.60 per 100G",
    "COL Size": "125g"
  },
  {
    "Brand_Product_Size": "S26 Original Alula Formula Toddler 900g",
    "COL Price": 14,
    "COL ppu": "$1.56 per 100G",
    "COL Size": "900g"
  },
  {
    "Brand_Product_Size": "Richmond Valley Wagyu Scotch Fillet Steak approx. 360g",
    "COL Price": 39.6,
    "COL ppu": "$110.00 per 1Kg",
    "COL Size": "approx. 360g"
  },
  {
    "Brand_Product_Size": "Coles Smooth Ricotta 375g",
    "COL Price": 3,
    "COL ppu": "$8.00 per 1Kg",
    "COL Size": "375g"
  },
  {
    "Brand_Product_Size": "Olay Regenerist Cleansing Device 1 pack",
    "COL Price": 35,
    "COL ppu": "$35.00 per 1Ea",
    "COL Size": "1 pack"
  },
  {
    "Brand_Product_Size": "Coles Kitchen Beef Bolognese Sauce 425g",
    "COL Price": 4.2,
    "COL ppu": "$0.99 per 100G",
    "COL Size": "425g"
  },
  {
    "Brand_Product_Size": "Coles Thawed Seafood Basa Fillet 5kg each",
    "COL Price": 50,
    "COL ppu": "$50.00 per 1Ea",
    "COL Size": "each"
  },
  {
    "Brand_Product_Size": "My Dog Chicken Supreme With Cheese Dog Food 6 pack",
    "COL Price": 8.5,
    "COL ppu": "$1.42 per 1Ea",
    "COL Size": "6 pack"
  },
  {
    "Brand_Product_Size": "Maseur Heel & Arch Support Women 1 pair",
    "COL Price": 12.95,
    "COL ppu": "$12.95 per 1Ea",
    "COL Size": "1 pair"
  },
  {
    "Brand_Product_Size": "Herbal Essences Bio Renew Hydrate Coconut Milk Conditioner 600mL",
    "COL Price": 18,
    "COL ppu": "$3.00 per 100mL",
    "COL Size": "600mL"
  },
  {
    "Brand_Product_Size": "Artisan Wild Baby Figs 150g",
    "COL Price": 9,
    "COL ppu": "$60.00 per 1Kg",
    "COL Size": "150g"
  },
  {
    "Brand_Product_Size": "Coles Cauliflower & Broccoli Soup With Cashew Nuts 430g",
    "COL Price": 2.7,
    "COL ppu": "$0.63 per 100G",
    "COL Size": "430g"
  },
  {
    "Brand_Product_Size": "Cub Organic Toddler Milk Drink Stage 3 900 gram",
    "COL Price": 22,
    "COL ppu": "",
    "COL Size": "900 gram"
  },
  {
    "Brand_Product_Size": "The Dutch Company Dark Chocolate Sprinkles 200g",
    "COL Price": 4,
    "COL ppu": "$2.00 per 100G",
    "COL Size": "200g"
  },
  {
    "Brand_Product_Size": "Dove Sensitive Skin 4 Bars 400g",
    "COL Price": 6.8,
    "COL ppu": "$1.70 per 100G",
    "COL Size": "400g"
  },
  {
    "Brand_Product_Size": "Doritos Mexicana Corn Chips 170g",
    "COL Price": 1.75,
    "COL ppu": "$1.03 per 100G",
    "COL Size": "170g"
  },
  {
    "Brand_Product_Size": "Royal Kerry Roasted Red Peppers Pickle 1kg",
    "COL Price": 7,
    "COL ppu": "$7.00 per 1Kg",
    "COL Size": "1kg"
  },
  {
    "Brand_Product_Size": "Garlos Chunky Steak Pie 200g",
    "COL Price": 4.5,
    "COL ppu": "$2.25 per 100G",
    "COL Size": "200g"
  },
  {
    "Brand_Product_Size": "Coles Lime Leaves Prepacked 10g",
    "COL Price": 2.98,
    "COL ppu": "$2.98 per 10G",
    "COL Size": "10g"
  },
  {
    "Brand_Product_Size": "Fantastic Oriental Noodle Cup 70g",
    "COL Price": 1.6,
    "COL ppu": "$2.29 per 100G",
    "COL Size": "70g"
  },
  {
    "Brand_Product_Size": "Dagim Crunchy Frozen Fish Sticks 708g",
    "COL Price": 14,
    "COL ppu": "$19.77 per 1Kg",
    "COL Size": "708g"
  },
  {
    "Brand_Product_Size": "Coles Kitchen Made For Sharing Greek Style Salad Kit 500g",
    "COL Price": 9,
    "COL ppu": "$1.80 per 100G",
    "COL Size": "500g"
  },
  {
    "Brand_Product_Size": "Coles Full Cream Milk Carton 600mL",
    "COL Price": 1.1,
    "COL ppu": "$1.83 per 1L",
    "COL Size": "600mL"
  },
  {
    "Brand_Product_Size": "Ogx Argan Oil Of Morocco Shampoo 88.7mL",
    "COL Price": 4.5,
    "COL ppu": "$5.07 per 100mL",
    "COL Size": "88.7mL"
  },
  {
    "Brand_Product_Size": "Toolworx Rope Cord 1 pack",
    "COL Price": 6.75,
    "COL ppu": "$6.75 per 1Ea",
    "COL Size": "1 pack"
  },
  {
    "Brand_Product_Size": "Diet Rite Strawberry Guava Cordial 1L",
    "COL Price": 3,
    "COL ppu": "$3.00 per 1L",
    "COL Size": "1L"
  },
  {
    "Brand_Product_Size": "Dove Daily Care Shampoo 640mL",
    "COL Price": 11.9,
    "COL ppu": "$1.86 per 100mL",
    "COL Size": "640mL"
  },
  {
    "Brand_Product_Size": "Valcom Bamboo Shoot Slices 225g",
    "COL Price": 1.1,
    "COL ppu": "$4.89 per 1Kg",
    "COL Size": "225g"
  },
  {
    "Brand_Product_Size": "Five:AM Organic Natural Yoghurt 700g",
    "COL Price": 6,
    "COL ppu": "$0.86 per 100G",
    "COL Size": "700g"
  },
  {
    "Brand_Product_Size": "Coles Roasted Capsicum 160g",
    "COL Price": 5,
    "COL ppu": "$3.13 per 100G",
    "COL Size": "160g"
  },
  {
    "Brand_Product_Size": "U By Kotex Mini Slim Tampons 16 pack",
    "COL Price": 4.25,
    "COL ppu": "$0.27 per 1Ea",
    "COL Size": "16 pack"
  },
  {
    "Brand_Product_Size": "Dari's Table Pine Nut Hummus Dip 200g",
    "COL Price": 5,
    "COL ppu": "$2.50 per 100G",
    "COL Size": "200g"
  },
  {
    "Brand_Product_Size": "Off! Skintastic Tropical Strength Insect Repellent Aerosol 150g",
    "COL Price": 7.6,
    "COL ppu": "$5.07 per 100G",
    "COL Size": "150g"
  },
  {
    "Brand_Product_Size": "Hercules Twinzip Sandwich Bags Large 22cm x 22cm 25 pack",
    "COL Price": 1.95,
    "COL ppu": "$0.08 per 1Ea",
    "COL Size": "25 pack"
  },
  {
    "Brand_Product_Size": "Coles Primo HGP Free Silverside approx. 130g",
    "COL Price": 2.34,
    "COL ppu": "$18.00 per 1Kg",
    "COL Size": "approx. 130g"
  },
  {
    "Brand_Product_Size": "Mamma Lucia Mozzarella Pears 500g",
    "COL Price": 10,
    "COL ppu": "$20.00 per 1Kg",
    "COL Size": "500g"
  },
  {
    "Brand_Product_Size": "Cook & Dine Tongs 24cm each",
    "COL Price": 5,
    "COL ppu": "$5.00 per 1Ea",
    "COL Size": "each"
  },
  {
    "Brand_Product_Size": "MasterFoods Tuscan Seasoning 155g",
    "COL Price": 6.3,
    "COL ppu": "$0.41 per 10G",
    "COL Size": "155g"
  },
  {
    "Brand_Product_Size": "Huggies Ultra Dry Nappy For Girls 13-18 Kg Size 5 32 pack",
    "COL Price": 13,
    "COL ppu": "$0.41 per 1Ea",
    "COL Size": "32 pack"
  },
  {
    "Brand_Product_Size": "Kirks Pasito Multipack Cans 375 mL 10 pack",
    "COL Price": 6.2,
    "COL ppu": "$1.65 per 1L",
    "COL Size": "10 pack"
  },
  {
    "Brand_Product_Size": "Coles Disposable Twin Blade Men's Razor 16 pack",
    "COL Price": 3.3,
    "COL ppu": "$0.21 per 1Ea",
    "COL Size": "16 pack"
  },
  {
    "Brand_Product_Size": "Praise Whole Egg Mayonnaise 335g",
    "COL Price": 4,
    "COL ppu": "$1.19 per 100G",
    "COL Size": "335g"
  },
  {
    "Brand_Product_Size": "Heinz Pureed Fruity Pears 4+ Months Glass Jar 110g",
    "COL Price": 1,
    "COL ppu": "$0.91 per 100G",
    "COL Size": "110g"
  },
  {
    "Brand_Product_Size": "U By Kotex Super Tampons 32 pack",
    "COL Price": 6.8,
    "COL ppu": "$0.21 per 1Ea",
    "COL Size": "32 pack"
  },
  {
    "Brand_Product_Size": "MasterFoods New York Flame Grill Style Mustard Sauce 270g",
    "COL Price": 3.5,
    "COL ppu": "$1.30 per 100G",
    "COL Size": "270g"
  },
  {
    "Brand_Product_Size": "Old El Paso Taco Sauce Medium 200mL",
    "COL Price": 2.4,
    "COL ppu": "$1.20 per 100G",
    "COL Size": "200mL"
  },
  {
    "Brand_Product_Size": "Kiri Soft Cream Cheese Portions 6 pack 108g",
    "COL Price": 3.5,
    "COL ppu": "$32.41 per 1Kg",
    "COL Size": "108g"
  },
  {
    "Brand_Product_Size": "Sabco Swish Spray Mop Refill each",
    "COL Price": 12.5,
    "COL ppu": "$12.50 per 1Ea",
    "COL Size": "each"
  },
  {
    "Brand_Product_Size": "Fussy Cat Cat Food Pouch Gravy Favourites 12x80g 12 pack",
    "COL Price": 12.5,
    "COL ppu": "$1.30 per 100G",
    "COL Size": "12 pack"
  },
  {
    "Brand_Product_Size": "Biozet Attack + Softener Front & Top Loader Laundry Powder 2kg",
    "COL Price": 22,
    "COL ppu": "$11.00 per 1Kg",
    "COL Size": "2kg"
  },
  {
    "Brand_Product_Size": "Farmers Union Yoghurt Passionfruit 950g",
    "COL Price": 5.5,
    "COL ppu": "$0.58 per 100G",
    "COL Size": "950g"
  },
  {
    "Brand_Product_Size": "Diet Rite Lemon Cordial 1L",
    "COL Price": 3,
    "COL ppu": "$3.00 per 1L",
    "COL Size": "1L"
  },
  {
    "Brand_Product_Size": "Helga's Traditional White Bread 750g",
    "COL Price": 3.9,
    "COL ppu": "$0.52 per 100G",
    "COL Size": "750g"
  },
  {
    "Brand_Product_Size": "Wonder White Bread Sandwich High Fibre Plus 700g",
    "COL Price": 3.4,
    "COL ppu": "$0.49 per 100G",
    "COL Size": "700g"
  },
  {
    "Brand_Product_Size": "Unibic Anzac Biscuits 300g",
    "COL Price": 3,
    "COL ppu": "$1.00 per 100G",
    "COL Size": "300g"
  },
  {
    "Brand_Product_Size": "Coles Creme Royale Brushed Potatoes loose approx. 200g each",
    "COL Price": 0.7,
    "COL ppu": "$3.50 per 1Kg",
    "COL Size": "approx. 200g each"
  },
  {
    "Brand_Product_Size": "Nicorette Cooldrops Extra Strength Icy Mint Lozenges 80 pack",
    "COL Price": 36,
    "COL ppu": "$0.45 per 1Ea",
    "COL Size": "80 pack"
  },
  {
    "Brand_Product_Size": "Arnott's Shapes Multipack Variety 15 Pack 375g",
    "COL Price": 5,
    "COL ppu": "$1.33 per 100G",
    "COL Size": "375g"
  },
  {
    "Brand_Product_Size": "Coles Lamb Leg Roast Whole approx. 2.43kg",
    "COL Price": 34.02,
    "COL ppu": "$14.00 per 1Kg",
    "COL Size": "approx. 2.43kg"
  },
  {
    "Brand_Product_Size": "Pentavite Kids Calcium + Vitamin D3 & K2 Chewables 60 pack",
    "COL Price": 17.5,
    "COL ppu": "$29.17 per 100Ea",
    "COL Size": "60 pack"
  },
  {
    "Brand_Product_Size": "Carefree Regular Purse Pack Liners 30 pack",
    "COL Price": 3.5,
    "COL ppu": "$0.12 per 1Ea",
    "COL Size": "30 pack"
  },
  {
    "Brand_Product_Size": "Primo Thin Frankfurts approx. 60g each",
    "COL Price": 0.39,
    "COL ppu": "$6.50 per 1Kg",
    "COL Size": "approx. 60g each"
  },
  {
    "Brand_Product_Size": "Coles Mint Punnet 15g",
    "COL Price": 3,
    "COL ppu": "$2.00 per 10G",
    "COL Size": "15g"
  },
  {
    "Brand_Product_Size": "Coles Spicy Capsicum Dip Mild 200g",
    "COL Price": 1.9,
    "COL ppu": "$0.95 per 100G",
    "COL Size": "200g"
  },
  {
    "Brand_Product_Size": "Wild Tides Smoke Flavour Tuna 95g",
    "COL Price": 1,
    "COL ppu": "$1.05 per 100G",
    "COL Size": "95g"
  },
  {
    "Brand_Product_Size": "Madame Flavour Luscious Licorice Tisane Tea Bags 18 Pack 36g",
    "COL Price": 5.96,
    "COL ppu": "$16.56 per 100G",
    "COL Size": "36g"
  },
  {
    "Brand_Product_Size": "Cleaver's Beef Thin Sliced Sandwich Steak Organic 250g",
    "COL Price": 10.5,
    "COL ppu": "$4.20 per 100G",
    "COL Size": "250g"
  },
  {
    "Brand_Product_Size": "Burger Rings Snacks 90g",
    "COL Price": 1.5,
    "COL ppu": "$1.67 per 100G",
    "COL Size": "90g"
  },
  {
    "Brand_Product_Size": "Coles Cheese Rice Crackers 100g",
    "COL Price": 0.9,
    "COL ppu": "$0.90 per 100G",
    "COL Size": "100g"
  },
  {
    "Brand_Product_Size": "Latina Gluten Free Lasagne Sheets 280g",
    "COL Price": 7,
    "COL ppu": "$2.50 per 100G",
    "COL Size": "280g"
  },
  {
    "Brand_Product_Size": "Coles Deli Hot Chorizo Salami approx. 125g",
    "COL Price": 4.125,
    "COL ppu": "$33.00 per 1Kg",
    "COL Size": "approx. 125g"
  },
  {
    "Brand_Product_Size": "Sunrice Gluten Free Supergrains Active Blend Cups 2 pack 250g",
    "COL Price": 3,
    "COL ppu": "$1.20 per 100G",
    "COL Size": "250g"
  },
  {
    "Brand_Product_Size": "Mountain Bread Rye Wraps 8 pack 200g",
    "COL Price": 4,
    "COL ppu": "$2.00 per 100G",
    "COL Size": "200g"
  },
  {
    "Brand_Product_Size": "Connoisseur Queensland Mango & Toasted Coconut Gourmet Ice Cream Sticks 4 Pack 456mL",
    "COL Price": 8.6,
    "COL ppu": "$1.89 per 100mL",
    "COL Size": "456mL"
  },
  {
    "Brand_Product_Size": "Coles Deli Pansize Bacon approx. 250g each",
    "COL Price": 4,
    "COL ppu": "$16.00 per 1Kg",
    "COL Size": "approx. 250g each"
  },
  {
    "Brand_Product_Size": "Herbert Adams Frozen Gourmet King Island Beef Party Pies 12 pack 420g",
    "COL Price": 8.7,
    "COL ppu": "$2.07 per 100G",
    "COL Size": "420g"
  },
  {
    "Brand_Product_Size": "Deep Heat Original Heat Rub 100g",
    "COL Price": 7,
    "COL ppu": "$7.00 per 100G",
    "COL Size": "100g"
  },
  {
    "Brand_Product_Size": "Dr Beckmann Carpet Brush Cleaner 650mL",
    "COL Price": 6.4,
    "COL ppu": "$0.98 per 100mL",
    "COL Size": "650mL"
  },
  {
    "Brand_Product_Size": "Nature Valley Crunchy Variety 12 Twin Bars 504g",
    "COL Price": 8,
    "COL ppu": "$1.59 per 100G",
    "COL Size": "504g"
  },
  {
    "Brand_Product_Size": "Continental Creamy Chicken Stroganoff Recipe Base Serves 4 40g",
    "COL Price": 1.6,
    "COL ppu": "$4.00 per 100G",
    "COL Size": "40g"
  },
  {
    "Brand_Product_Size": "Purina One Succulent Ocean Fish In Gravy Adult Cat Food Pouch 70g",
    "COL Price": 1.8,
    "COL ppu": "$2.57 per 100G",
    "COL Size": "70g"
  },
  {
    "Brand_Product_Size": "Coles Reduced Sugar Banana Bread Slices 5pack 500g",
    "COL Price": 4.5,
    "COL ppu": "$0.90 per 100G",
    "COL Size": "500g"
  },
  {
    "Brand_Product_Size": "Coles Mini Naan Garlic 6pack 270g",
    "COL Price": 2.5,
    "COL ppu": "$0.93 per 100G",
    "COL Size": "270g"
  },
  {
    "Brand_Product_Size": "Bega Light & Tasty Natural Cheese Slices 30 pack 500g",
    "COL Price": 9,
    "COL ppu": "$18.00 per 1Kg",
    "COL Size": "500g"
  },
  {
    "Brand_Product_Size": "Carmans Gourmet Porridge Almond Pecan & Hazelnut 320g",
    "COL Price": 4,
    "COL ppu": "$1.25 per 100G",
    "COL Size": "320g"
  },
  {
    "Brand_Product_Size": "Ito En Matcha Green Tea Organic Matcha Powder 12 pack",
    "COL Price": 15,
    "COL ppu": "$1.25 per 1Ea",
    "COL Size": "12 pack"
  },
  {
    "Brand_Product_Size": "Praise Squeeze Aioli Classic 250mL",
    "COL Price": 4,
    "COL ppu": "$1.60 per 100mL",
    "COL Size": "250mL"
  },
  {
    "Brand_Product_Size": "Coles Organic Soy Milk 1L",
    "COL Price": 1.6,
    "COL ppu": "$1.60 per 1L",
    "COL Size": "1L"
  },
  {
    "Brand_Product_Size": "Fibre One Milk Chocolate Popcorn Bars 105g",
    "COL Price": 5.5,
    "COL ppu": "$5.24 per 100G",
    "COL Size": "105g"
  },
  {
    "Brand_Product_Size": "Macro Meats Pets Mince 2kg",
    "COL Price": 10.45,
    "COL ppu": "$0.52 per 100G",
    "COL Size": "2kg"
  },
  {
    "Brand_Product_Size": "Swisse Ultiboost Vitamin D Capsules 60 pack",
    "COL Price": 11,
    "COL ppu": "$0.18 per 1Ea",
    "COL Size": "60 pack"
  },
  {
    "Brand_Product_Size": "Lifestyles Party Mix Condoms 20 pack",
    "COL Price": 9.9,
    "COL ppu": "$0.50 per 1Ea",
    "COL Size": "20 pack"
  },
  {
    "Brand_Product_Size": "Colgate Proclinical 250r Charcoal With Refill 1 pack",
    "COL Price": 50,
    "COL ppu": "$50.00 per 1Ea",
    "COL Size": "1 pack"
  },
  {
    "Brand_Product_Size": "Tostitos Splash Of Lime Tortilla Chips 175g",
    "COL Price": 3,
    "COL ppu": "$1.71 per 100G",
    "COL Size": "175g"
  },
  {
    "Brand_Product_Size": "Nivea Men Everyday Active Fresh Aerosol Antiperspirant Deodorant 250mL",
    "COL Price": 6.5,
    "COL ppu": "$2.60 per 100mL",
    "COL Size": "250mL"
  },
  {
    "Brand_Product_Size": "Tao Kae Noi Original Crispy Seaweed 32g",
    "COL Price": 2.6,
    "COL ppu": "$8.13 per 100G",
    "COL Size": "32g"
  },
  {
    "Brand_Product_Size": "Elevate Dry Dog Food Small Breed Lamb And Rice With Sweet Potato 3kg",
    "COL Price": 20,
    "COL ppu": "$0.67 per 100G",
    "COL Size": "3kg"
  },
  {
    "Brand_Product_Size": "Golden Circle Tropical Juice 2L",
    "COL Price": 3,
    "COL ppu": "$1.50 per 1L",
    "COL Size": "2L"
  },
  {
    "Brand_Product_Size": "Val Verde Passata With Basil 680g",
    "COL Price": 2.8,
    "COL ppu": "$0.41 per 100G",
    "COL Size": "680g"
  },
  {
    "Brand_Product_Size": "Blackmores Executive B Stress Tablets 62 pack",
    "COL Price": 26,
    "COL ppu": "$41.94 per 100Ea",
    "COL Size": "62 pack"
  },
  {
    "Brand_Product_Size": "Heritage Mill Deluxe Roasted Nut Muesli 500g",
    "COL Price": 7,
    "COL ppu": "$1.40 per 100G",
    "COL Size": "500g"
  },
  {
    "Brand_Product_Size": "Rexona Men's Antiperspirant Aerosol Deodorant Quantum 250mL",
    "COL Price": 5,
    "COL ppu": "$2.00 per 100mL",
    "COL Size": "250mL"
  },
  {
    "Brand_Product_Size": "Maybelline Fit Me Matte Pore Foundation Sunbeige 20mL",
    "COL Price": 15.4,
    "COL ppu": "$5.13 per 10mL",
    "COL Size": "20mL"
  },
  {
    "Brand_Product_Size": "Monster Zero Ultra Energy Drink Cans 4 Pack 500mL",
    "COL Price": 12.5,
    "COL ppu": "$6.25 per 1L",
    "COL Size": "500mL"
  },
  {
    "Brand_Product_Size": "Only Organic Sweet Potato Lamb & Couscous Baby Food Pouch 10+ Months 170g",
    "COL Price": 2.9,
    "COL ppu": "$1.71 per 100G",
    "COL Size": "170g"
  },
  {
    "Brand_Product_Size": "Nexba Ice Tea Lemoncello 1L",
    "COL Price": 3.15,
    "COL ppu": "$3.15 per 1L",
    "COL Size": "1L"
  },
  {
    "Brand_Product_Size": "Maui Moisture Hibiscus Water Conditioner 385mL",
    "COL Price": 22,
    "COL ppu": "$5.71 per 100mL",
    "COL Size": "385mL"
  },
  {
    "Brand_Product_Size": "Coles Dairy Free Coconut Mango Yoghurt 125g",
    "COL Price": 2.5,
    "COL ppu": "$2.00 per 100G",
    "COL Size": "125g"
  },
  {
    "Brand_Product_Size": "Home Chef Roast Pork Belly With Granny Smith Apple Sauce 500g",
    "COL Price": 19.5,
    "COL ppu": "$3.90 per 100G",
    "COL Size": "500g"
  },
  {
    "Brand_Product_Size": "Dynamo Profession 7 In 1 Laundry Liquid 900mL",
    "COL Price": 6,
    "COL ppu": "$6.67 per 1L",
    "COL Size": "900mL"
  },
  {
    "Brand_Product_Size": "Sunraysia Pouch 99.9% Apple & Mango Juice 200mL",
    "COL Price": 1.4,
    "COL ppu": "$7.00 per 1L",
    "COL Size": "200mL"
  },
  {
    "Brand_Product_Size": "Coles Special Sweet Mustard Nugget Sauce 375mL",
    "COL Price": 2.75,
    "COL ppu": "$0.73 per 100mL",
    "COL Size": "375mL"
  },
  {
    "Brand_Product_Size": "Sirena Chunky Tomato & Basil Tuna 95g",
    "COL Price": 2.7,
    "COL ppu": "$28.42 per 1Kg",
    "COL Size": "95g"
  },
  {
    "Brand_Product_Size": "Herbert Adams Frozen Mixed Vegetable Pasties 4 pack 700g",
    "COL Price": 7.95,
    "COL ppu": "$1.14 per 100G",
    "COL Size": "700g"
  },
  {
    "Brand_Product_Size": "Coles Multi Flavoured Water Ice Sticks 20 Pack 1.4L",
    "COL Price": 3,
    "COL ppu": "$0.21 per 100mL",
    "COL Size": "1.4L"
  },
  {
    "Brand_Product_Size": "Coles Tasmanian Smoked Trout 150g",
    "COL Price": 8,
    "COL ppu": "$5.33 per 100G",
    "COL Size": "150g"
  },
  {
    "Brand_Product_Size": "Kellogg's Corn Flakes Breakfast Cereal 220g",
    "COL Price": 2.9,
    "COL ppu": "$1.32 per 100G",
    "COL Size": "220g"
  },
  {
    "Brand_Product_Size": "Obento Ponzu Sauce 250mL",
    "COL Price": 3,
    "COL ppu": "$1.20 per 100mL",
    "COL Size": "250mL"
  },
  {
    "Brand_Product_Size": "Pg Tips Tea Bags 40 Pack 116g",
    "COL Price": 4.4,
    "COL ppu": "$3.79 per 100G",
    "COL Size": "116g"
  },
  {
    "Brand_Product_Size": "Coles Organic Brown Rice Cakes With Chia 150g",
    "COL Price": 2.5,
    "COL ppu": "$1.67 per 100G",
    "COL Size": "150g"
  },
  {
    "Brand_Product_Size": "Palmolive Milk & Honey Shower Gel 500mL",
    "COL Price": 3.78,
    "COL ppu": "$0.76 per 100mL",
    "COL Size": "500mL"
  },
  {
    "Brand_Product_Size": "Babylove Unisex Stretchy Walker Nappy Pants 12-17 Kg Size 5 25 pack",
    "COL Price": 17,
    "COL ppu": "$0.68 per 1Ea",
    "COL Size": "25 pack"
  },
  {
    "Brand_Product_Size": "Nestle Milo 30% Less Added Sugar Chocolate Malt Powder Drink 395g",
    "COL Price": 7,
    "COL ppu": "$1.77 per 100G",
    "COL Size": "395g"
  },
  {
    "Brand_Product_Size": "Dolmio Slow Cooker Sauce Bolognese Ragu 500g",
    "COL Price": 3.7,
    "COL ppu": "$0.74 per 100G",
    "COL Size": "500g"
  },
  {
    "Brand_Product_Size": "Toblerone Frozen Cheesecake 430g",
    "COL Price": 9.75,
    "COL ppu": "$2.27 per 100G",
    "COL Size": "430g"
  },
  {
    "Brand_Product_Size": "Coles Kitchen Baby Potato Herb Butter 400g",
    "COL Price": 4,
    "COL ppu": "$1.00 per 100G",
    "COL Size": "400g"
  },
  {
    "Brand_Product_Size": "L'Oreal Elvive Dream Lengths Mask 300mL",
    "COL Price": 5,
    "COL ppu": "$1.67 per 100mL",
    "COL Size": "300mL"
  },
  {
    "Brand_Product_Size": "Coles Dairy Yoghurt Peach & Mango 1kg",
    "COL Price": 3.45,
    "COL ppu": "$3.45 per 1Kg",
    "COL Size": "1kg"
  },
  {
    "Brand_Product_Size": "Coles Kitchen Chicken & Leek Pie 400g",
    "COL Price": 7.5,
    "COL ppu": "$1.88 per 100G",
    "COL Size": "400g"
  },
  {
    "Brand_Product_Size": "Uncle Tobys Plus Fibre Breakfast Cereal 430g",
    "COL Price": 4,
    "COL ppu": "$0.93 per 100G",
    "COL Size": "430g"
  },
  {
    "Brand_Product_Size": "Coles Cabbage Wombok Precut Half each",
    "COL Price": 3.5,
    "COL ppu": "$3.50 per 1Ea",
    "COL Size": "each"
  },
  {
    "Brand_Product_Size": "Band-Aid Advanced Footcare Blister Cushion 5 pack",
    "COL Price": 12,
    "COL ppu": "$2.40 per 1Ea",
    "COL Size": "5 pack"
  },
  {
    "Brand_Product_Size": "Campbell's Chunky Beef Soup Can 505g",
    "COL Price": 3.5,
    "COL ppu": "$0.69 per 100G",
    "COL Size": "505g"
  },
  {
    "Brand_Product_Size": "Nood Wild Caught Salmon Recipe In Gravy Cat Food 80g",
    "COL Price": 1.5,
    "COL ppu": "$1.88 per 100G",
    "COL Size": "80g"
  },
  {
    "Brand_Product_Size": "Schick Sense Hydro 5 Sensitive Cartridges 4 pack",
    "COL Price": 12,
    "COL ppu": "$3.00 per 1Ea",
    "COL Size": "4 pack"
  },
  {
    "Brand_Product_Size": "Arnott's Tic Toc Biscuits 250g",
    "COL Price": 3.05,
    "COL ppu": "$1.22 per 100G",
    "COL Size": "250g"
  },
  {
    "Brand_Product_Size": "Coles Deli Large Greek Salad Large",
    "COL Price": 7,
    "COL ppu": "$7.00 per 1Ea",
    "COL Size": "Large"
  },
  {
    "Brand_Product_Size": "Gillette Fusion Proglide Sensitive Shave Value pack each",
    "COL Price": 13.5,
    "COL ppu": "$13.50 per 1Ea",
    "COL Size": "each"
  },
  {
    "Brand_Product_Size": "Doritos Cheese Supreme Corn Chips 6 pack 114g",
    "COL Price": 3.14,
    "COL ppu": "$2.75 per 100G",
    "COL Size": "114g"
  },
  {
    "Brand_Product_Size": "Nature's Gift Deli Roll with Chicken Brown Rice & Vegetables Dog Food 1.4kg",
    "COL Price": 4,
    "COL ppu": "$0.29 per 100G",
    "COL Size": "1.4kg"
  },
  {
    "Brand_Product_Size": "Coles Bake & Create Gold & Silver Birthday Candles 14 pack",
    "COL Price": 4,
    "COL ppu": "$0.29 per 1Ea",
    "COL Size": "14 pack"
  },
  {
    "Brand_Product_Size": "Palmer's Coconut Travel Lotion 1 pack",
    "COL Price": 2.5,
    "COL ppu": "$2.50 per 1Ea",
    "COL Size": "1 pack"
  },
  {
    "Brand_Product_Size": "Toni & Guy Hairspray Flexible Hold 250mL",
    "COL Price": 10,
    "COL ppu": "$4.00 per 100mL",
    "COL Size": "250mL"
  },
  {
    "Brand_Product_Size": "Coles Cranberry & White Chocolate Trail Mix Prepacked 400g",
    "COL Price": 7,
    "COL ppu": "$17.50 per 1Kg",
    "COL Size": "400g"
  },
  {
    "Brand_Product_Size": "Coles Autumn Crisp White Grapes 380g",
    "COL Price": 5,
    "COL ppu": "$13.16 per 1Kg",
    "COL Size": "380g"
  },
  {
    "Brand_Product_Size": "Coles Vanilla Orchid & Ylang Ylang Auto Refill Spray Air Freshener 180g",
    "COL Price": 4,
    "COL ppu": "$2.22 per 100G",
    "COL Size": "180g"
  },
  {
    "Brand_Product_Size": "MasterFoods Curried Sausages Cooking Sauce 500g",
    "COL Price": 3.7,
    "COL ppu": "$0.74 per 100G",
    "COL Size": "500g"
  },
  {
    "Brand_Product_Size": "Masterfoods Recipe Base San Choy Bow 175g",
    "COL Price": 2.2,
    "COL ppu": "$1.26 per 100G",
    "COL Size": "175g"
  },
  {
    "Brand_Product_Size": "Tofutti Dairy Free Almond Bark Ice Cream 474mL",
    "COL Price": 7,
    "COL ppu": "$1.48 per 100mL",
    "COL Size": "474mL"
  },
  {
    "Brand_Product_Size": "Pattu Turmeric Powder 200g",
    "COL Price": 2,
    "COL ppu": "$1.00 per 100G",
    "COL Size": "200g"
  },
  {
    "Brand_Product_Size": "Coles Crunchy Peanut Butter 980g",
    "COL Price": 6.5,
    "COL ppu": "$0.66 per 100G",
    "COL Size": "980g"
  },
  {
    "Brand_Product_Size": "San Remo Pasta Pro Protein Penne Pasta 250g",
    "COL Price": 4.2,
    "COL ppu": "$1.68 per 100G",
    "COL Size": "250g"
  },
  {
    "Brand_Product_Size": "Atkins Enduldge Coconut & Chocolate Bar 40g",
    "COL Price": 3,
    "COL ppu": "$7.50 per 100G",
    "COL Size": "40g"
  },
  {
    "Brand_Product_Size": "Cook & Dine Bamboo Skewers 100 pack",
    "COL Price": 2.4,
    "COL ppu": "$0.02 per 1Ea",
    "COL Size": "100 pack"
  },
  {
    "Brand_Product_Size": "Patak's Tikka Masala Simmer Sauce Medium 450g",
    "COL Price": 3.5,
    "COL ppu": "$0.78 per 100G",
    "COL Size": "450g"
  },
  {
    "Brand_Product_Size": "Massel Beef Stock Powder 168g",
    "COL Price": 3.45,
    "COL ppu": "$0.21 per 10G",
    "COL Size": "168g"
  },
  {
    "Brand_Product_Size": "Oxo Beef Stock Cubes 71g",
    "COL Price": 2,
    "COL ppu": "$0.28 per 10G",
    "COL Size": "71g"
  },
  {
    "Brand_Product_Size": "Coles Organic Basil Pasta Sauce 500g",
    "COL Price": 2.6,
    "COL ppu": "$0.52 per 100G",
    "COL Size": "500g"
  },
  {
    "Brand_Product_Size": "Sunsilk Supershine Shampoo & Conditioner 2 Pack 100mL",
    "COL Price": 4.7,
    "COL ppu": "$4.70 per 1ea",
    "COL Size": "100mL"
  },
  {
    "Brand_Product_Size": "Coles Seafood Sauce 230g",
    "COL Price": 2,
    "COL ppu": "$0.87 per 100G",
    "COL Size": "230g"
  },
  {
    "Brand_Product_Size": "Earth Choice Dishwashing Liquid Concentrate Antibacterial 900mL",
    "COL Price": 5.35,
    "COL ppu": "$0.59 per 100mL",
    "COL Size": "900mL"
  },
  {
    "Brand_Product_Size": "Coles Natural Almonds 80g",
    "COL Price": 2.3,
    "COL ppu": "$28.75 per 1Kg",
    "COL Size": "80g"
  },
  {
    "Brand_Product_Size": "Alegre Apple iPhone 7 32GB each",
    "COL Price": 199,
    "COL ppu": "$199.00 per 1Ea",
    "COL Size": "each"
  },
  {
    "Brand_Product_Size": "Banana Boat Simply Protect Sensitive Sunscreen Lotion SPF 50+ 100g",
    "COL Price": 20,
    "COL ppu": "$20.00 per 100G",
    "COL Size": "100g"
  },
  {
    "Brand_Product_Size": "Sunrice Long Grain Premium White Rice 1kg",
    "COL Price": 2,
    "COL ppu": "$0.20 per 100G",
    "COL Size": "1kg"
  },
  {
    "Brand_Product_Size": "Primo Red Gum Honey Leg Ham approx. 125g",
    "COL Price": 3.375,
    "COL ppu": "$27.00 per 1Kg",
    "COL Size": "approx. 125g"
  },
  {
    "Brand_Product_Size": "Kiddylicious Lil Dippers Houmus 52g",
    "COL Price": 3.6,
    "COL ppu": "$6.92 per 100G",
    "COL Size": "52g"
  },
  {
    "Brand_Product_Size": "Carman's Honey Vanilla & Cinnamon Porridge Sachets 24 each",
    "COL Price": 15,
    "COL ppu": "$0.63 per 1Ea",
    "COL Size": "24 each"
  },
  {
    "Brand_Product_Size": "Mars Pods Large 310g",
    "COL Price": 6,
    "COL ppu": "$1.94 per 100G",
    "COL Size": "310g"
  },
  {
    "Brand_Product_Size": "Sam's Frozen Pelmeni Vareniki with Sour Cherry Pasta 800g",
    "COL Price": 14,
    "COL ppu": "$1.75 per 100G",
    "COL Size": "800g"
  },
  {
    "Brand_Product_Size": "Coles Original Crinkle Cut Potato Chips 175g",
    "COL Price": 1.8,
    "COL ppu": "$1.03 per 100G",
    "COL Size": "175g"
  },
  {
    "Brand_Product_Size": "Coles Kitchen Spaghetti Carbonara 350g",
    "COL Price": 7.5,
    "COL ppu": "$2.14 per 100G",
    "COL Size": "350g"
  },
  {
    "Brand_Product_Size": "Coles Beurre Bosc Pears approx. 230g each",
    "COL Price": 0.667,
    "COL ppu": "$2.90 per 1Kg",
    "COL Size": "approx. 230g each"
  },
  {
    "Brand_Product_Size": "Bundaberg Ginger Beer Bottle 750mL",
    "COL Price": 3.15,
    "COL ppu": "$4.20 per 1L",
    "COL Size": "750mL"
  },
  {
    "Brand_Product_Size": "Gourmet Garden Lightly Dried Parsley Prepacked 8g",
    "COL Price": 3.5,
    "COL ppu": "$4.38 per 10G",
    "COL Size": "8g"
  },
  {
    "Brand_Product_Size": "Bref Power Active Juicy Lemon Toilet Cleaner 3 pack",
    "COL Price": 6.5,
    "COL ppu": "$4.33 per 100G",
    "COL Size": "3 pack"
  },
  {
    "Brand_Product_Size": "HP Original Sauce 390mL",
    "COL Price": 5,
    "COL ppu": "$1.28 per 100mL",
    "COL Size": "390mL"
  },
  {
    "Brand_Product_Size": "Nice & Natural Protein Nut Bar Salted Caramel 40g",
    "COL Price": 2.3,
    "COL ppu": "$5.75 per 100G",
    "COL Size": "40g"
  },
  {
    "Brand_Product_Size": "Neutrogena Hydro Boost 100% Hydrogel Face Mask 30g",
    "COL Price": 6,
    "COL ppu": "$20.00 per 100G",
    "COL Size": "30g"
  },
  {
    "Brand_Product_Size": "Coles Bake & Create Sherbert Sprinkles 70g",
    "COL Price": 3,
    "COL ppu": "$4.29 per 100G",
    "COL Size": "70g"
  },
  {
    "Brand_Product_Size": "MasterFoods Dijonnaise Mustard Smooth & Creamy 250g",
    "COL Price": 3.5,
    "COL ppu": "$1.40 per 100G",
    "COL Size": "250g"
  },
  {
    "Brand_Product_Size": "Coles Organic Instant Oats 500g",
    "COL Price": 2.75,
    "COL ppu": "$0.55 per 100G",
    "COL Size": "500g"
  },
  {
    "Brand_Product_Size": "Banana Boat Simply Protect Kids Sunscreen Lotion Spray SPF 50+ 175g",
    "COL Price": 17.5,
    "COL ppu": "$10.00 per 100G",
    "COL Size": "175g"
  },
  {
    "Brand_Product_Size": "MasterFoods Traditional Tartare Sauce 220g",
    "COL Price": 2.4,
    "COL ppu": "$1.09 per 100G",
    "COL Size": "220g"
  },
  {
    "Brand_Product_Size": "Garnier BB Cream Original Light 50mL",
    "COL Price": 7.87,
    "COL ppu": "$15.74 per 100mL",
    "COL Size": "50mL"
  },
  {
    "Brand_Product_Size": "Mirabella 120 Solar Led Fairy Lights each",
    "COL Price": 13,
    "COL ppu": "$13.00 per 1Ea",
    "COL Size": "each"
  },
  {
    "Brand_Product_Size": "Ayam Malaysian Rendang Curry Paste 185g",
    "COL Price": 2.75,
    "COL ppu": "$1.49 per 100G",
    "COL Size": "185g"
  },
  {
    "Brand_Product_Size": "Coles White Medium Grain Rice 1kg",
    "COL Price": 3,
    "COL ppu": "$0.30 per 100G",
    "COL Size": "1kg"
  },
  {
    "Brand_Product_Size": "Nicabate Mini Mint Lozenges 1.5mg 60 pack",
    "COL Price": 33.2,
    "COL ppu": "$0.55 per 1Ea",
    "COL Size": "60 pack"
  },
  {
    "Brand_Product_Size": "Peters Oreo Ice Cream Tub 1.2L",
    "COL Price": 9,
    "COL ppu": "$7.50 per 1L",
    "COL Size": "1.2L"
  },
  {
    "Brand_Product_Size": "Cadbury Soft Biscuit Choc Centre 156g",
    "COL Price": 2,
    "COL ppu": "$1.28 per 100G",
    "COL Size": "156g"
  },
  {
    "Brand_Product_Size": "Heinz Original Mayonnaise 295mL",
    "COL Price": 4,
    "COL ppu": "$1.36 per 100mL",
    "COL Size": "295mL"
  },
  {
    "Brand_Product_Size": "Vs The Clean Cut For Men 1 pack",
    "COL Price": 34.5,
    "COL ppu": "$34.50 per 1Ea",
    "COL Size": "1 pack"
  },
  {
    "Brand_Product_Size": "Birds Eye Frozen Peas Corn & Capsicum 500g",
    "COL Price": 2.6,
    "COL ppu": "$5.20 per 1Kg",
    "COL Size": "500g"
  },
  {
    "Brand_Product_Size": "Macleans Milk Teeth Kids Toothpaste 0-3 Years 63g",
    "COL Price": 1,
    "COL ppu": "$1.59 per 100G",
    "COL Size": "63g"
  },
  {
    "Brand_Product_Size": "Carman's Peanut Butter Brownie Protein Bar 200g",
    "COL Price": 6.3,
    "COL ppu": "$3.15 per 100G",
    "COL Size": "200g"
  },
  {
    "Brand_Product_Size": "Palmolive Luminous Oils Bar Soap Coconut 270g",
    "COL Price": 2.95,
    "COL ppu": "$1.09 per 100G",
    "COL Size": "270g"
  },
  {
    "Brand_Product_Size": "Crave Salmon & Oceanfish Adult Dry Cat food 500g",
    "COL Price": 7.5,
    "COL ppu": "$1.50 per 100G",
    "COL Size": "500g"
  },
  {
    "Brand_Product_Size": "Hedys Spinach & Feta Quiche 1.1kg",
    "COL Price": 13.5,
    "COL ppu": "$1.23 per 100G",
    "COL Size": "1.1kg"
  },
  {
    "Brand_Product_Size": "Carman's Greek Style Yoghurt & Blueberry Nut Bars 5 pack 160g",
    "COL Price": 6,
    "COL ppu": "$3.75 per 100G",
    "COL Size": "160g"
  },
  {
    "Brand_Product_Size": "Coles Frozen Diced Mango 500g",
    "COL Price": 4,
    "COL ppu": "$8.00 per 1Kg",
    "COL Size": "500g"
  },
  {
    "Brand_Product_Size": "La Costena Refried Pinto Beans 400g",
    "COL Price": 2.9,
    "COL ppu": "$0.73 per 100G",
    "COL Size": "400g"
  },
  {
    "Brand_Product_Size": "Sunrice Long Grain Jasmine Rice 1kg",
    "COL Price": 3.5,
    "COL ppu": "$0.35 per 100G",
    "COL Size": "1kg"
  },
  {
    "Brand_Product_Size": "Ben & Jerry's Phish Food Ice Cream Tub 458mL",
    "COL Price": 8,
    "COL ppu": "$1.75 per 100mL",
    "COL Size": "458mL"
  },
  {
    "Brand_Product_Size": "Johnsons Moisturing Facial Wipes 25pack",
    "COL Price": 6,
    "COL ppu": "$0.24 per 1Ea",
    "COL Size": "25pack"
  },
  {
    "Brand_Product_Size": "Coles Deli Express Double Smoked Ham 150g",
    "COL Price": 5.3,
    "COL ppu": "$35.34 per 1Kg",
    "COL Size": "150g"
  },
  {
    "Brand_Product_Size": "Radiant Odour Defence Front & Top Loader Laundry Liquid 1.8L",
    "COL Price": 9,
    "COL ppu": "$5.00 per 1L",
    "COL Size": "1.8L"
  },
  {
    "Brand_Product_Size": "COYO Organic Probiotic Coconut Milk Indulgent Yoghurt Sticky Date 125g",
    "COL Price": 3,
    "COL ppu": "$2.40 per 100G",
    "COL Size": "125g"
  },
  {
    "Brand_Product_Size": "Coles Organic Tomatoes Prepacked 500g",
    "COL Price": 9,
    "COL ppu": "$18.00 per 1Kg",
    "COL Size": "500g"
  },
  {
    "Brand_Product_Size": "Disney Minions Battery Toothbrush With Spare Head 1 pack",
    "COL Price": 9.6,
    "COL ppu": "$9.60 per 1Ea",
    "COL Size": "1 pack"
  },
  {
    "Brand_Product_Size": "Ferrero Rocher 24 Pack Diamond Gift Chocolate Box 300g",
    "COL Price": 24,
    "COL ppu": "$8.00 per 100G",
    "COL Size": "300g"
  },
  {
    "Brand_Product_Size": "Oreo Creme Biscuits Family Pack Original 370g",
    "COL Price": 3.5,
    "COL ppu": "$0.95 per 100G",
    "COL Size": "370g"
  },
  {
    "Brand_Product_Size": "Nature's Way Kids Smart Vita Gummies Multi + Omega 50 pack",
    "COL Price": 14.5,
    "COL ppu": "$0.29 per 1Ea",
    "COL Size": "50 pack"
  },
  {
    "Brand_Product_Size": "Coles Bakery Fairy Cupcakes 6 pack",
    "COL Price": 4.5,
    "COL ppu": "$0.75 per 1Ea",
    "COL Size": "6 pack"
  },
  {
    "Brand_Product_Size": "Bio-Oil Specialist Skincare 60mL",
    "COL Price": 14.5,
    "COL ppu": "$24.17 per 100mL",
    "COL Size": "60mL"
  },
  {
    "Brand_Product_Size": "Vaseline Intensive Care Body Lotion Deep Restore 750mL",
    "COL Price": 13,
    "COL ppu": "$1.73 per 100mL",
    "COL Size": "750mL"
  },
  {
    "Brand_Product_Size": "Philadelphia Caramilk Cream Cheese Tub 250g",
    "COL Price": 4.7,
    "COL ppu": "$18.80 per 1Kg",
    "COL Size": "250g"
  },
  {
    "Brand_Product_Size": "Genius Gluten Free Triple Seeded Soft Rolls 2 pack",
    "COL Price": 3.5,
    "COL ppu": "$1.75 per 1Ea",
    "COL Size": "2 pack"
  },
  {
    "Brand_Product_Size": "Ikina Glass Bottle With Silicone Sleeve 600mL each",
    "COL Price": 14,
    "COL ppu": "$14.00 per 1Ea",
    "COL Size": "each"
  },
  {
    "Brand_Product_Size": "Blue Cow French Style Triple Cream Cheese 180g",
    "COL Price": 7.5,
    "COL ppu": "$41.67 per 1Kg",
    "COL Size": "180g"
  },
  {
    "Brand_Product_Size": "Duracell Ultra AAA Batteries 20 pack",
    "COL Price": 29.9,
    "COL ppu": "$1.50 per 1Ea",
    "COL Size": "20 pack"
  },
  {
    "Brand_Product_Size": "Australia's Own Low Fat Milk 2L",
    "COL Price": 2.4,
    "COL ppu": "$1.20 per 1L",
    "COL Size": "2L"
  },
  {
    "Brand_Product_Size": "Coles I'm Free From Gluten Free Chicken Flavour Brown Rice Noodle Cup 70g",
    "COL Price": 2,
    "COL ppu": "$2.86 per 100G",
    "COL Size": "70g"
  },
  {
    "Brand_Product_Size": "Chux Heavy Duty Scourer Sponge 2 pack",
    "COL Price": 4,
    "COL ppu": "$2.00 per 1Ea",
    "COL Size": "2 pack"
  },
  {
    "Brand_Product_Size": "Pop Tops Orange Fruit Drink Multipack 250mL 6 pack",
    "COL Price": 4.9,
    "COL ppu": "$0.82 per 1Ea",
    "COL Size": "6 pack"
  },
  {
    "Brand_Product_Size": "Jeer Body Spray For Men 150mL",
    "COL Price": 5,
    "COL ppu": "$3.33 per 100mL",
    "COL Size": "150mL"
  },
  {
    "Brand_Product_Size": "Cub Unisex Walker Nappies Size 5 44 pack",
    "COL Price": 10,
    "COL ppu": "$0.23 per 1Ea",
    "COL Size": "44 pack"
  },
  {
    "Brand_Product_Size": "Uncle Ben's Par Boiled Long Grain White Rice 500g",
    "COL Price": 2,
    "COL ppu": "$0.40 per 100G",
    "COL Size": "500g"
  },
  {
    "Brand_Product_Size": "Mother Earth Baked Oaty Slices Chocolate Chip 240g",
    "COL Price": 3,
    "COL ppu": "$1.25 per 100G",
    "COL Size": "240g"
  },
  {
    "Brand_Product_Size": "Steggles Frozen Crumbed Chicken Breast Fingers 400g",
    "COL Price": 7,
    "COL ppu": "$17.50 per 1Kg",
    "COL Size": "400g"
  },
  {
    "Brand_Product_Size": "Kan Tong Satay Chicken Paste 180g",
    "COL Price": 2.9,
    "COL ppu": "$1.61 per 100G",
    "COL Size": "180g"
  },
  {
    "Brand_Product_Size": "Gippsland Dairy Mango & Blood Orange Twist Yoghurt 720g",
    "COL Price": 5.5,
    "COL ppu": "$0.76 per 100G",
    "COL Size": "720g"
  },
  {
    "Brand_Product_Size": "Syndian Pumpkin & Cashew Masala 400g",
    "COL Price": 7.5,
    "COL ppu": "$1.88 per 100G",
    "COL Size": "400g"
  },
  {
    "Brand_Product_Size": "Nature's Way Hemp Oil Pure 1000mg Capsules 60 pack",
    "COL Price": 20,
    "COL ppu": "$0.33 per 1Ea",
    "COL Size": "60 pack"
  },
  {
    "Brand_Product_Size": "Nissin Chicken Noodle Cup 73g",
    "COL Price": 1.95,
    "COL ppu": "$2.67 per 100G",
    "COL Size": "73g"
  },
  {
    "Brand_Product_Size": "Coles RSPCA Approved Chicken Portions With Herb Sprinkle approx. 1.46kg each",
    "COL Price": 8.03,
    "COL ppu": "$5.50 per 1Kg",
    "COL Size": "approx. 1.46kg each"
  },
  {
    "Brand_Product_Size": "Vitasoy Regular Soy Milk 1L",
    "COL Price": 2.6,
    "COL ppu": "$2.60 per 1L",
    "COL Size": "1L"
  },
  {
    "Brand_Product_Size": "Wrigley's Eclipse Peppermint Chewy Mints Bottle 93g",
    "COL Price": 4,
    "COL ppu": "$4.30 per 100G",
    "COL Size": "93g"
  },
  {
    "Brand_Product_Size": "Nudie Tropical Breakfast Juice Chilled 2L",
    "COL Price": 7.5,
    "COL ppu": "$3.75 per 1L",
    "COL Size": "2L"
  },
  {
    "Brand_Product_Size": "Mr Kipling Angel Slice 6 pack 165g",
    "COL Price": 4,
    "COL ppu": "$2.42 per 100G",
    "COL Size": "165g"
  },
  {
    "Brand_Product_Size": "Werther's Original Chewy Toffees 135g",
    "COL Price": 3.5,
    "COL ppu": "$2.59 per 100G",
    "COL Size": "135g"
  },
  {
    "Brand_Product_Size": "McCain Emotibites 750g",
    "COL Price": 4,
    "COL ppu": "$5.33 per 1Kg",
    "COL Size": "750g"
  },
  {
    "Brand_Product_Size": "Cypriana Haloumi Block 750g",
    "COL Price": 17,
    "COL ppu": "$22.67 per 1Kg",
    "COL Size": "750g"
  },
  {
    "Brand_Product_Size": "Restaurant Collection Baharat Spiced Flame Roast Pumpkin 820g",
    "COL Price": 14,
    "COL ppu": "$1.71 per 100G",
    "COL Size": "820g"
  },
  {
    "Brand_Product_Size": "Listerine Freshburst Oral Care Strips Pocketpacks 72 pack",
    "COL Price": 6.5,
    "COL ppu": "$0.09 per 1Ea",
    "COL Size": "72 pack"
  },
  {
    "Brand_Product_Size": "John Frieda Sheer Blonde Colour Renew Tone-Refreshing Conditioner 250mL",
    "COL Price": 18,
    "COL ppu": "$7.20 per 100mL",
    "COL Size": "250mL"
  },
  {
    "Brand_Product_Size": "Bickford's Cranberry Juice Drink 1L",
    "COL Price": 4.65,
    "COL ppu": "$4.65 per 1L",
    "COL Size": "1L"
  },
  {
    "Brand_Product_Size": "Coles Kitchen Black Bean Chicken & Egg Fried Rice 350g",
    "COL Price": 6.5,
    "COL ppu": "$1.86 per 100G",
    "COL Size": "350g"
  },
  {
    "Brand_Product_Size": "Atkins Low Carb Chocolate Flavoured Shake Mix 330g",
    "COL Price": 22,
    "COL ppu": "$6.67 per 100G",
    "COL Size": "330g"
  },
  {
    "Brand_Product_Size": "Lavazza Espresso Barista Perfetto Beans 1kg",
    "COL Price": 22,
    "COL ppu": "$2.20 per 100G",
    "COL Size": "1kg"
  },
  {
    "Brand_Product_Size": "Coles Kitchen Carrot Sticks 150g",
    "COL Price": 2,
    "COL ppu": "$13.33 per 1Kg",
    "COL Size": "150g"
  },
  {
    "Brand_Product_Size": "Lindt Dulce De Leche 123g",
    "COL Price": 6,
    "COL ppu": "$4.88 per 100G",
    "COL Size": "123g"
  },
  {
    "Brand_Product_Size": "Cook & Dine Patterned Serviettes 100 pack",
    "COL Price": 2,
    "COL ppu": "$2.00 per 100Ea",
    "COL Size": "100 pack"
  },
  {
    "Brand_Product_Size": "Femfresh Feminine Wipes 20 pack",
    "COL Price": 6.5,
    "COL ppu": "$0.33 per 1Ea",
    "COL Size": "20 pack"
  },
  {
    "Brand_Product_Size": "Coles Ocean Barramundi Portions 260g",
    "COL Price": 12,
    "COL ppu": "$46.15 per 1Kg",
    "COL Size": "260g"
  },
  {
    "Brand_Product_Size": "Lieber's Snackers 340g",
    "COL Price": 6.75,
    "COL ppu": "$2.31 per 100G",
    "COL Size": "340g"
  },
  {
    "Brand_Product_Size": "Coles Australian Peach Slices in Juice 410g",
    "COL Price": 2,
    "COL ppu": "$0.49 per 100G",
    "COL Size": "410g"
  },
  {
    "Brand_Product_Size": "Coles Cookies & Cream Cupcakes 4 pack 288g",
    "COL Price": 4,
    "COL ppu": "$1.39 per 100G",
    "COL Size": "288g"
  },
  {
    "Brand_Product_Size": "John West Tempters Tuna Onion & Tomato Savoury Sauce 95g",
    "COL Price": 2.3,
    "COL ppu": "$24.21 per 1Kg",
    "COL Size": "95g"
  },
  {
    "Brand_Product_Size": "Ecostore Baby Bubble Bath 500mL",
    "COL Price": 14,
    "COL ppu": "$2.80 per 100mL",
    "COL Size": "500mL"
  },
  {
    "Brand_Product_Size": "Clara Menstrual Cup Model One each",
    "COL Price": 40,
    "COL ppu": "$40.00 per 1Ea",
    "COL Size": "each"
  },
  {
    "Brand_Product_Size": "Kleenex 3ply Facial Tissues Allergy Comfort 85 pack",
    "COL Price": 1.8,
    "COL ppu": "$0.02 per 1Ea",
    "COL Size": "85 pack"
  },
  {
    "Brand_Product_Size": "Bakers Red Label Lemon Cream Biscuits 200g",
    "COL Price": 3.5,
    "COL ppu": "$1.75 per 100G",
    "COL Size": "200g"
  },
  {
    "Brand_Product_Size": "Dorsonga Cacciatora Hot 225g",
    "COL Price": 6.6,
    "COL ppu": "$29.33 per 1Kg",
    "COL Size": "225g"
  },
  {
    "Brand_Product_Size": "Lee Kum Kee Kung Pao Chicken Stir Fry Sauce Mild 145g",
    "COL Price": 2.2,
    "COL ppu": "$1.52 per 100G",
    "COL Size": "145g"
  },
  {
    "Brand_Product_Size": "Tuscanini Pasta Spaghetti 454g",
    "COL Price": 3.3,
    "COL ppu": "$0.73 per 100G",
    "COL Size": "454g"
  },
  {
    "Brand_Product_Size": "Fruit & Seeds Crackers Pear Cranberry Flaxseed 90g",
    "COL Price": 3,
    "COL ppu": "$3.33 per 100G",
    "COL Size": "90g"
  },
  {
    "Brand_Product_Size": "Coles Junior Soft Toothbrush 1 pack",
    "COL Price": 1.75,
    "COL ppu": "$1.75 per 1Ea",
    "COL Size": "1 pack"
  },
  {
    "Brand_Product_Size": "Freedom Foods Messy Monkeys Gluten Free Choc Crunch Cereal 240g",
    "COL Price": 4,
    "COL ppu": "$1.67 per 100G",
    "COL Size": "240g"
  },
  {
    "Brand_Product_Size": "Sweet William Original Dairy Free Chocolate Bar No Added Sugar 50g",
    "COL Price": 2.4,
    "COL ppu": "$4.80 per 100G",
    "COL Size": "50g"
  },
  {
    "Brand_Product_Size": "Armor All Chamois each",
    "COL Price": 11,
    "COL ppu": "$11.00 per 1ea",
    "COL Size": "each"
  },
  {
    "Brand_Product_Size": "Continental Cup A Soup Pepper Steak & Mushroom With Croutons Serves 2 52g",
    "COL Price": 2.1,
    "COL ppu": "$4.04 per 100G",
    "COL Size": "52g"
  },
  {
    "Brand_Product_Size": "OB Finest Apricot & Hazelnut Crackers 150g",
    "COL Price": 6,
    "COL ppu": "$4.00 per 100G",
    "COL Size": "150g"
  },
  {
    "Brand_Product_Size": "Coles Avocados Prepacked 5 pack",
    "COL Price": 8.9,
    "COL ppu": "$1.78 per 1Ea",
    "COL Size": "5 pack"
  },
  {
    "Brand_Product_Size": "Organic Choice Prewash Stain Remover 500mL",
    "COL Price": 5,
    "COL ppu": "$10.00 per 1L",
    "COL Size": "500mL"
  },
  {
    "Brand_Product_Size": "Allen's Sourz Tangy Randoms 170g",
    "COL Price": 3,
    "COL ppu": "$1.76 per 100G",
    "COL Size": "170g"
  },
  {
    "Brand_Product_Size": "Garnier Ambre Solaire Bronze Up Self Tanning Moisturising Milk 150mL",
    "COL Price": 6.1,
    "COL ppu": "$4.07 per 100mL",
    "COL Size": "150mL"
  },
  {
    "Brand_Product_Size": "Hanabi Surimi Tom Yum Fishcake 500g",
    "COL Price": 4,
    "COL ppu": "$0.80 per 100G",
    "COL Size": "500g"
  },
  {
    "Brand_Product_Size": "Pyrex Cook & Go Rectangular Storage Dish 1.7L each",
    "COL Price": 13.3,
    "COL ppu": "$13.30 per 1Ea",
    "COL Size": "each"
  },
  {
    "Brand_Product_Size": "Arnott's Milk Coffee Biscuits 250g",
    "COL Price": 2.3,
    "COL ppu": "$0.92 per 100G",
    "COL Size": "250g"
  },
  {
    "Brand_Product_Size": "Coles Happy Birthday Candle each",
    "COL Price": 3,
    "COL ppu": "$3.00 per 1Ea",
    "COL Size": "each"
  },
  {
    "Brand_Product_Size": "Seng Hork Har Gao Dumplings 300g",
    "COL Price": 9,
    "COL ppu": "$3.00 per 100G",
    "COL Size": "300g"
  },
  {
    "Brand_Product_Size": "Black Swan Caviar Dip 200g",
    "COL Price": 3.5,
    "COL ppu": "$1.75 per 100G",
    "COL Size": "200g"
  },
  {
    "Brand_Product_Size": "Ogx Moroccan Argan Penetrating Oil 100mL",
    "COL Price": 25,
    "COL ppu": "$25.00 per 100mL",
    "COL Size": "100mL"
  },
  {
    "Brand_Product_Size": "Aussie Bodies Lo Carb Whip'd Chocolate Flavour Protein Bar 120g",
    "COL Price": 9,
    "COL ppu": "$7.50 per 100G",
    "COL Size": "120g"
  },
  {
    "Brand_Product_Size": "Maybelline The Falsies Waterproof Very Black Mascara 9.6mL",
    "COL Price": 12.5,
    "COL ppu": "$13.02 per 10mL",
    "COL Size": "9.6mL"
  },
  {
    "Brand_Product_Size": "Covergirl Simply Ageless 225 Buff Beige Foundation 12g",
    "COL Price": 25.5,
    "COL ppu": "$21.25 per 10G",
    "COL Size": "12g"
  },
  {
    "Brand_Product_Size": "Palmolive Milk & Honey Shower Gel 1L",
    "COL Price": 8.5,
    "COL ppu": "$0.85 per 100mL",
    "COL Size": "1L"
  },
  {
    "Brand_Product_Size": "Bega Strong & Bitey Vintage Cheese Slices 30 Pack 500g",
    "COL Price": 9,
    "COL ppu": "$18.00 per 1Kg",
    "COL Size": "500g"
  },
  {
    "Brand_Product_Size": "Lucky Smart Snax Energy 140g",
    "COL Price": 4,
    "COL ppu": "$28.57 per 1Kg",
    "COL Size": "140g"
  },
  {
    "Brand_Product_Size": "Arnott's Cheddar Shapes 175g",
    "COL Price": 3.2,
    "COL ppu": "$1.83 per 100G",
    "COL Size": "175g"
  },
  {
    "Brand_Product_Size": "Coles Thawed Seafood Peeled Chilli Prawns approx. 250g",
    "COL Price": 6.25,
    "COL ppu": "$25.00 per 1Kg",
    "COL Size": "approx. 250g"
  },
  {
    "Brand_Product_Size": "MasterFoods Hot Chilli Flakes 18g",
    "COL Price": 2.9,
    "COL ppu": "$1.61 per 10G",
    "COL Size": "18g"
  },
  {
    "Brand_Product_Size": "Patak's Pickled Eggplant 312g",
    "COL Price": 6.4,
    "COL ppu": "$2.05 per 100G",
    "COL Size": "312g"
  },
  {
    "Brand_Product_Size": "Harvest Box Super Mix 135g",
    "COL Price": 4.95,
    "COL ppu": "$3.67 per 100G",
    "COL Size": "135g"
  },
  {
    "Brand_Product_Size": "Kez's Kitchen Choc Mud Fruit Bars 125g",
    "COL Price": 3.6,
    "COL ppu": "$2.88 per 100G",
    "COL Size": "125g"
  },
  {
    "Brand_Product_Size": "Rexona Women Antiperspirant Roll On Deodorant Classic 50mL",
    "COL Price": 4,
    "COL ppu": "$8.00 per 100mL",
    "COL Size": "50mL"
  },
  {
    "Brand_Product_Size": "La Costena Whole Black Beans 400g",
    "COL Price": 2.9,
    "COL ppu": "$0.73 per 100G",
    "COL Size": "400g"
  },
  {
    "Brand_Product_Size": "Coles Vine Ripened Tomatoes Prepacked 500g",
    "COL Price": 3.9,
    "COL ppu": "$7.80 per 1Kg",
    "COL Size": "500g"
  },
  {
    "Brand_Product_Size": "Haldirams Idli 283g",
    "COL Price": 5.25,
    "COL ppu": "$1.86 per 100G",
    "COL Size": "283g"
  },
  {
    "Brand_Product_Size": "Youfoodz Slow Cooked BBQ Beef Mash 320g",
    "COL Price": 9.95,
    "COL ppu": "$3.11 per 100G",
    "COL Size": "320g"
  },
  {
    "Brand_Product_Size": "Nood Wild Caught Salmon Recipe With Garden Vegetables Dog Food 100g",
    "COL Price": 1.8,
    "COL ppu": "$1.80 per 100G",
    "COL Size": "100g"
  },
  {
    "Brand_Product_Size": "Crazy Dragon Frozen Chicken Dumplings 1kg",
    "COL Price": 15,
    "COL ppu": "$1.50 per 100G",
    "COL Size": "1kg"
  },
  {
    "Brand_Product_Size": "Bickfords Violet Crumble Flavoured Milk 500mL",
    "COL Price": 4.5,
    "COL ppu": "$9.00 per 1L",
    "COL Size": "500mL"
  },
  {
    "Brand_Product_Size": "Holbrooks Worcestershire Sauce 500mL",
    "COL Price": 4.5,
    "COL ppu": "$0.90 per 100mL",
    "COL Size": "500mL"
  },
  {
    "Brand_Product_Size": "Gaviscon Dual Action Mixed Berry Tablets 16 pack",
    "COL Price": 5.7,
    "COL ppu": "$0.36 per 1Ea",
    "COL Size": "16 pack"
  },
  {
    "Brand_Product_Size": "Chicken Tonight Mild Indian Curry Cooking Sauce 495g",
    "COL Price": 2.5,
    "COL ppu": "$0.51 per 100G",
    "COL Size": "495g"
  },
  {
    "Brand_Product_Size": "Pilot B2P Begreen Ballpoint Blue And Black 0.7mm 2 pack",
    "COL Price": 6.5,
    "COL ppu": "$3.25 per 1Ea",
    "COL Size": "2 pack"
  },
  {
    "Brand_Product_Size": "Telstra Lite 2 each",
    "COL Price": 24,
    "COL ppu": "$24.00 per 1Ea",
    "COL Size": "each"
  },
  {
    "Brand_Product_Size": "Coles Finest French 18 Month Aged Comte approx. 100g",
    "COL Price": 6.65,
    "COL ppu": "$66.50 per 1Kg",
    "COL Size": "approx. 100g"
  },
  {
    "Brand_Product_Size": "Coles Fresh Seafood Cooked Crystal Bay Banana Prawns approx. 250g",
    "COL Price": 7.5,
    "COL ppu": "$30.00 per 1Kg",
    "COL Size": "approx. 250g"
  },
  {
    "Brand_Product_Size": "Go Natural Berry Frugos 210g",
    "COL Price": 6,
    "COL ppu": "$2.86 per 100G",
    "COL Size": "210g"
  },
  {
    "Brand_Product_Size": "Guzzi's Linguine Pasta 375g",
    "COL Price": 4,
    "COL ppu": "$1.07 per 100G",
    "COL Size": "375g"
  },
  {
    "Brand_Product_Size": "Coles Baby Beets 850g",
    "COL Price": 2.5,
    "COL ppu": "$2.94 per 1Kg",
    "COL Size": "850g"
  },
  {
    "Brand_Product_Size": "Simple Facial Moisturiser Triple Protect Spf15 40mL",
    "COL Price": 10,
    "COL ppu": "$25.00 per 100mL",
    "COL Size": "40mL"
  },
  {
    "Brand_Product_Size": "Coles Sweet Potato & Cashew Dip 200g",
    "COL Price": 1.9,
    "COL ppu": "$0.95 per 100G",
    "COL Size": "200g"
  },
  {
    "Brand_Product_Size": "Carman's Rosemary & Sea Salt Super Seed & Grain Crackers 80g",
    "COL Price": 3,
    "COL ppu": "$3.75 per 100G",
    "COL Size": "80g"
  },
  {
    "Brand_Product_Size": "Arnott's Favourites Crackers Variety 15 pack 375g",
    "COL Price": 5,
    "COL ppu": "$1.33 per 100G",
    "COL Size": "375g"
  },
  {
    "Brand_Product_Size": "Wrigley's Extra Tropical Flavour Chewing Gum 14 Pieces 27g",
    "COL Price": 2,
    "COL ppu": "$7.41 per 100G",
    "COL Size": "27g"
  },
  {
    "Brand_Product_Size": "Coles Belgian Chocolate & Raspberry Lava Cakes 180g",
    "COL Price": 4,
    "COL ppu": "$2.22 per 100G",
    "COL Size": "180g"
  },
  {
    "Brand_Product_Size": "Coles Lamb Rump Steak approx. 452g each",
    "COL Price": 12.656,
    "COL ppu": "$28.00 per 1Kg",
    "COL Size": "approx. 452g each"
  },
  {
    "Brand_Product_Size": "King Island Dairy Stokes Point Smoked Cheddar Cheese 170g",
    "COL Price": 9.35,
    "COL ppu": "$55.00 per 1Kg",
    "COL Size": "170g"
  },
  {
    "Brand_Product_Size": "Quest Caramel Choc Chunk Protein Bar 60g",
    "COL Price": 3,
    "COL ppu": "$5.00 per 100G",
    "COL Size": "60g"
  },
  {
    "Brand_Product_Size": "Moro Gourmet Glaze Italian 118mL",
    "COL Price": 4.6,
    "COL ppu": "$3.90 per 100mL",
    "COL Size": "118mL"
  },
  {
    "Brand_Product_Size": "Coles Kitchen Scalloped Potato 350g",
    "COL Price": 6,
    "COL ppu": "$1.71 per 100G",
    "COL Size": "350g"
  },
  {
    "Brand_Product_Size": "Twinings Earl Grey Tea Bags 50 pack 100g",
    "COL Price": 7,
    "COL ppu": "$7.00 per 100G",
    "COL Size": "100g"
  },
  {
    "Brand_Product_Size": "Nature's Gift Gourmet Loaf Style Chicken Dog Food 100g 9 pack",
    "COL Price": 8.5,
    "COL ppu": "$0.94 per 100G",
    "COL Size": "9 pack"
  },
  {
    "Brand_Product_Size": "Golden Days Apricot Delight Pieces 150g",
    "COL Price": 2.5,
    "COL ppu": "$1.67 per 100G",
    "COL Size": "150g"
  },
  {
    "Brand_Product_Size": "Bundaberg Diet Ginger Beer Multipack Bottles 375mL 10 pack",
    "COL Price": 14.95,
    "COL ppu": "$3.99 per 1L",
    "COL Size": "10 pack"
  },
  {
    "Brand_Product_Size": "Coles Non-Scratch Mesh Sponge Scourers 3 pack",
    "COL Price": 1.2,
    "COL ppu": "$0.40 per 1Ea",
    "COL Size": "3 pack"
  },
  {
    "Brand_Product_Size": "Tresemme Purple Shampoo Violet Blonde Shine Conditioner 350mL",
    "COL Price": 6.3,
    "COL ppu": "$1.80 per 100mL",
    "COL Size": "350mL"
  },
  {
    "Brand_Product_Size": "Devondale Moo Chocolate Flavoured Multipack Milk 200mL 6 pack",
    "COL Price": 4.35,
    "COL ppu": "$3.63 per 1L",
    "COL Size": "6 pack"
  },
  {
    "Brand_Product_Size": "Herbal Essences Bio Renew Argan Oil Of Morocco Repair Conditioner 600mL",
    "COL Price": 18,
    "COL ppu": "$3.00 per 100mL",
    "COL Size": "600mL"
  },
  {
    "Brand_Product_Size": "L'Oreal Paris Excellence 6.1 Light Ash Brown Hair Colour 1 pack",
    "COL Price": 20,
    "COL ppu": "$20.00 per 1Ea",
    "COL Size": "1 pack"
  },
  {
    "Brand_Product_Size": "Sweet William Gluten Free Choc Baking Buttons 300g",
    "COL Price": 5.7,
    "COL ppu": "$1.90 per 100G",
    "COL Size": "300g"
  },
  {
    "Brand_Product_Size": "Tempo Mild Cheddar Cheese Block 1kg",
    "COL Price": 20,
    "COL ppu": "$20.00 per 1Kg",
    "COL Size": "1kg"
  },
  {
    "Brand_Product_Size": "Hydralyte Electrolyte Powder Apple & Blackcurrant 10 pack",
    "COL Price": 14,
    "COL ppu": "$1.40 per 1Ea",
    "COL Size": "10 pack"
  },
  {
    "Brand_Product_Size": "Cold Power Advanced Clean & Smooth Laundry Liquid 1.8L",
    "COL Price": 8.75,
    "COL ppu": "$4.86 per 1L",
    "COL Size": "1.8L"
  },
  {
    "Brand_Product_Size": "Arnott's Original BBQ Shapes 175g",
    "COL Price": 3.2,
    "COL ppu": "$1.83 per 100G",
    "COL Size": "175g"
  },
  {
    "Brand_Product_Size": "Messina Chocolate Hazelnut Gelato Bar 4 Pack 400mL",
    "COL Price": 10,
    "COL ppu": "$2.50 per 100mL",
    "COL Size": "400mL"
  },
  {
    "Brand_Product_Size": "Coles Finest Caramelised Onion Relish 110g",
    "COL Price": 3.5,
    "COL ppu": "$3.18 per 100G",
    "COL Size": "110g"
  },
  {
    "Brand_Product_Size": "Coles Mixed Rubber Bands In Pouch 100g",
    "COL Price": 4,
    "COL ppu": "$4.00 per 100G",
    "COL Size": "100g"
  },
  {
    "Brand_Product_Size": "Alka Seltzer Pain Relief Effervescent Tablets Lemon-Lime 20 pack",
    "COL Price": 7.2,
    "COL ppu": "$0.36 per 1Ea",
    "COL Size": "20 pack"
  },
  {
    "Brand_Product_Size": "Golf Manual Umbrella Blue/ White each",
    "COL Price": 18,
    "COL ppu": "$18.00 per 1Ea",
    "COL Size": "each"
  },
  {
    "Brand_Product_Size": "Fix & Go Shoe Repair 50mL",
    "COL Price": 7,
    "COL ppu": "$1.40 per 10mL",
    "COL Size": "50mL"
  },
  {
    "Brand_Product_Size": "Waxworks Mozzie Repellent Terrazzo Pot Candle each",
    "COL Price": 10,
    "COL ppu": "$10.00 per 1Ea",
    "COL Size": "each"
  },
  {
    "Brand_Product_Size": "Rimmel Oh My Gloss! Crystal Clear 800 Lip Gloss 6.5mL",
    "COL Price": 8.4,
    "COL ppu": "$12.92 per 10mL",
    "COL Size": "6.5mL"
  },
  {
    "Brand_Product_Size": "Gillette Blue II UltraGrip Pivot Disposable Shaving Razor 16 pack",
    "COL Price": 13.5,
    "COL ppu": "$0.84 per 1Ea",
    "COL Size": "16 pack"
  },
  {
    "Brand_Product_Size": "Sistema Klip It Plus Container 180mL 3 pack",
    "COL Price": 3.25,
    "COL ppu": "$1.08 per 1Ea",
    "COL Size": "3 pack"
  },
  {
    "Brand_Product_Size": "Palmolive Lemon & White Citrus Hand Sanitiser 48mL",
    "COL Price": 3,
    "COL ppu": "$6.25 per 100mL",
    "COL Size": "48mL"
  },
  {
    "Brand_Product_Size": "Colgate Sensitive Advanced Clean 110g",
    "COL Price": 8,
    "COL ppu": "$7.27 per 100G",
    "COL Size": "110g"
  },
  {
    "Brand_Product_Size": "Nescafe Mocha Coffee Sachets 10 pack",
    "COL Price": 6.3,
    "COL ppu": "$0.63 per 1Ea",
    "COL Size": "10 pack"
  },
  {
    "Brand_Product_Size": "Coles Deli Garlic And Chilli Green Olives 130g",
    "COL Price": 3.5,
    "COL ppu": "$26.92 per 1Kg",
    "COL Size": "130g"
  },
  {
    "Brand_Product_Size": "Coles Kitchen Butter Chicken 350g",
    "COL Price": 7.5,
    "COL ppu": "$2.14 per 100G",
    "COL Size": "350g"
  },
  {
    "Brand_Product_Size": "Primo Hickory Smoked Bacon approx. 250g",
    "COL Price": 5.25,
    "COL ppu": "$21.00 per 1Kg",
    "COL Size": "approx. 250g"
  },
  {
    "Brand_Product_Size": "Coles Bi Carbonate Soda 500g",
    "COL Price": 1.8,
    "COL ppu": "$0.36 per 100G",
    "COL Size": "500g"
  },
  {
    "Brand_Product_Size": "Coles Beef Sausages Honey BBQ Gluten Free 8 Pack 560g",
    "COL Price": 5.5,
    "COL ppu": "$9.82 per 1Kg",
    "COL Size": "560g"
  },
  {
    "Brand_Product_Size": "Campbell's Country Ladle Chicken Noodle Soup Can 500g",
    "COL Price": 3.5,
    "COL ppu": "$0.70 per 100G",
    "COL Size": "500g"
  },
  {
    "Brand_Product_Size": "Fluffy Summer Breeze Fabric Conditioner Sachet 250mL",
    "COL Price": 1.8,
    "COL ppu": "$7.20 per 1L",
    "COL Size": "250mL"
  },
  {
    "Brand_Product_Size": "Coles Chocolate & Salted Caramel Cake 400g",
    "COL Price": 7,
    "COL ppu": "$1.75 per 100G",
    "COL Size": "400g"
  },
  {
    "Brand_Product_Size": "Coles Seafood Whole Rainbow Trout approx. 450g",
    "COL Price": 8.55,
    "COL ppu": "$19.00 per 1Kg",
    "COL Size": "approx. 450g"
  },
  {
    "Brand_Product_Size": "Coles Bakery Multigrain Block Bread Loaf 680g",
    "COL Price": 2,
    "COL ppu": "$0.29 per 100G",
    "COL Size": "680g"
  },
  {
    "Brand_Product_Size": "Coles Port Wine Flavoured Jelly Crystals 85g",
    "COL Price": 0.9,
    "COL ppu": "$1.06 per 100G",
    "COL Size": "85g"
  },
  {
    "Brand_Product_Size": "V.I.P. Fussy Cat Cat Mince With Chicken Cat Food 450g",
    "COL Price": 5.8,
    "COL ppu": "$1.29 per 100G",
    "COL Size": "450g"
  },
  {
    "Brand_Product_Size": "Only Organic Teething Rusks 6+ Months 100g",
    "COL Price": 3.1,
    "COL ppu": "$3.10 per 100G",
    "COL Size": "100g"
  },
  {
    "Brand_Product_Size": "Monster Zero Ultra Energy Drink Can 500mL",
    "COL Price": 3.6,
    "COL ppu": "$7.20 per 1L",
    "COL Size": "500mL"
  },
  {
    "Brand_Product_Size": "Streets Paddle Pop Cyclone Ice Cream Sticks 8 pack 688mL",
    "COL Price": 7,
    "COL ppu": "$1.02 per 100mL",
    "COL Size": "688mL"
  },
  {
    "Brand_Product_Size": "Red Seal Lemon & Lime Hot Or Cold Brew Tea 20 pack",
    "COL Price": 3,
    "COL ppu": "$0.15 per 1Ea",
    "COL Size": "20 pack"
  },
  {
    "Brand_Product_Size": "Oral-B Gum Care & Enamel Restore Toothpaste 110g",
    "COL Price": 10,
    "COL ppu": "$9.09 per 100G",
    "COL Size": "110g"
  },
  {
    "Brand_Product_Size": "John West Tuna Slices in Springwater 125g",
    "COL Price": 3.5,
    "COL ppu": "$28.00 per 1Kg",
    "COL Size": "125g"
  },
  {
    "Brand_Product_Size": "Elastoplast Wound Healing Ointment 50g",
    "COL Price": 8,
    "COL ppu": "$16.00 per 100G",
    "COL Size": "50g"
  },
  {
    "Brand_Product_Size": "Mission Original  Mini Wraps 8 pack 384g",
    "COL Price": 5,
    "COL ppu": "$1.30 per 100G",
    "COL Size": "384g"
  },
  {
    "Brand_Product_Size": "Nobby's Salted Peanuts 375g",
    "COL Price": 3.5,
    "COL ppu": "$9.33 per 1Kg",
    "COL Size": "375g"
  },
  {
    "Brand_Product_Size": "Quorn Sriracha Bites 465g",
    "COL Price": 7.2,
    "COL ppu": "$1.55 per 100G",
    "COL Size": "465g"
  },
  {
    "Brand_Product_Size": "Wellness Road Black Chia Seeds 300g",
    "COL Price": 5.5,
    "COL ppu": "$1.83 per 100G",
    "COL Size": "300g"
  },
  {
    "Brand_Product_Size": "Barilla La Collezione Orecchiette Pasta 500g",
    "COL Price": 2.75,
    "COL ppu": "$0.55 per 100G",
    "COL Size": "500g"
  },
  {
    "Brand_Product_Size": "Alka Power Active 1L",
    "COL Price": 3.1,
    "COL ppu": "$3.10 per 1L",
    "COL Size": "1L"
  },
  {
    "Brand_Product_Size": "Coles Special Burger Pickles 500g",
    "COL Price": 2.65,
    "COL ppu": "$0.53 per 100G",
    "COL Size": "500g"
  },
  {
    "Brand_Product_Size": "Quell Basic Smoke Alarm 9V 1 pack",
    "COL Price": 12.5,
    "COL ppu": "",
    "COL Size": "1 pack"
  },
  {
    "Brand_Product_Size": "Coles Fresh Seafood Pink Ling Fillet approx. 250g",
    "COL Price": 8.5,
    "COL ppu": "$34.00 per 1Kg",
    "COL Size": "approx. 250g"
  },
  {
    "Brand_Product_Size": "Garnier Fructis Coconut Water Shampoo 315mL",
    "COL Price": 3.5,
    "COL ppu": "$1.11 per 100mL",
    "COL Size": "315mL"
  },
  {
    "Brand_Product_Size": "Colgate Peroxyl Oral Cleanser Mouthwash 236mL",
    "COL Price": 12.5,
    "COL ppu": "$5.30 per 100mL",
    "COL Size": "236mL"
  },
  {
    "Brand_Product_Size": "Chicken Tonight Indian Chunky Vegetable Curry with Carrot & Onion Simmer Sauce 480g",
    "COL Price": 2.5,
    "COL ppu": "$0.52 per 100G",
    "COL Size": "480g"
  },
  {
    "Brand_Product_Size": "Air Wick Pure Mediterranean Sun Car Air Freshener 1 pack",
    "COL Price": 6,
    "COL ppu": "$24.00 per 10mL",
    "COL Size": "1 pack"
  },
  {
    "Brand_Product_Size": "Downy Hypoallergenic Fabric Softener Liquid 800mL",
    "COL Price": 6.6,
    "COL ppu": "$8.25 per 1L",
    "COL Size": "800mL"
  },
  {
    "Brand_Product_Size": "Bellamy's Organic Vanilla & Pear Custard With Chia Seeds 8 + Months 120g",
    "COL Price": 2,
    "COL ppu": "$1.67 per 100G",
    "COL Size": "120g"
  },
  {
    "Brand_Product_Size": "Sandhurst Jalapeno Chillies 270g",
    "COL Price": 3,
    "COL ppu": "$11.11 per 1Kg",
    "COL Size": "270g"
  },
  {
    "Brand_Product_Size": "Karicare+ Soy Milk For All Ages 900g",
    "COL Price": 19.99,
    "COL ppu": "$2.22 per 100G",
    "COL Size": "900g"
  },
  {
    "Brand_Product_Size": "Schwarzkopf Extra Care Strong Hold Hair Spray 200mL",
    "COL Price": 7,
    "COL ppu": "$3.50 per 100mL",
    "COL Size": "200mL"
  },
  {
    "Brand_Product_Size": "Yoplait Forme Berry Harvest Yoghurt 160g 6 pack",
    "COL Price": 5,
    "COL ppu": "$0.52 per 100G",
    "COL Size": "6 pack"
  },
  {
    "Brand_Product_Size": "Coles Ultra Citrus Fresh Bleach Toilet Gel 700mL",
    "COL Price": 2.3,
    "COL ppu": "$0.33 per 100mL",
    "COL Size": "700mL"
  },
  {
    "Brand_Product_Size": "Vitapet Chewz Chicken Wrapped Rawhide Sticks Dog Treat 18 pack",
    "COL Price": 13.6,
    "COL ppu": "$0.76 per 1Ea",
    "COL Size": "18 pack"
  },
  {
    "Brand_Product_Size": "Vagisil Gentle & Calming Feminine Wipes 20 pack",
    "COL Price": 6,
    "COL ppu": "$0.30 per 1Ea",
    "COL Size": "20 pack"
  },
  {
    "Brand_Product_Size": "Coles Raisin Toast 560g",
    "COL Price": 2,
    "COL ppu": "$0.36 per 100G",
    "COL Size": "560g"
  },
  {
    "Brand_Product_Size": "Health Lab Almond Nut Butter Balls 3x40g 120g",
    "COL Price": 8,
    "COL ppu": "$6.67 per 100G",
    "COL Size": "120g"
  },
  {
    "Brand_Product_Size": "L'Oreal True Match Foundation Linen 30mL",
    "COL Price": 21,
    "COL ppu": "$7.00 per 10mL",
    "COL Size": "30mL"
  },
  {
    "Brand_Product_Size": "Coles Led Bayonette Cap 6 watt Warm White Globes 2 pack",
    "COL Price": 10,
    "COL ppu": "$5.00 per 1Ea",
    "COL Size": "2 pack"
  },
  {
    "Brand_Product_Size": "Mckenzie's Whole Green Lentils 1kg",
    "COL Price": 4.65,
    "COL ppu": "$4.65 per 1Kg",
    "COL Size": "1kg"
  },
  {
    "Brand_Product_Size": "Ajax Spray N Wipe Lavender & Citrus Multi Purpose Cleaner Trigger Pack 500mL",
    "COL Price": 3,
    "COL ppu": "$0.60 per 100mL",
    "COL Size": "500mL"
  },
  {
    "Brand_Product_Size": "Cheezels Cheese Snacks 190g",
    "COL Price": 3,
    "COL ppu": "$1.58 per 100G",
    "COL Size": "190g"
  },
  {
    "Brand_Product_Size": "Coles Apple & Blackcurrant Juice 2L",
    "COL Price": 2,
    "COL ppu": "$1.00 per 1L",
    "COL Size": "2L"
  },
  {
    "Brand_Product_Size": "Kirks Ginger Beer 1.25L",
    "COL Price": 1.15,
    "COL ppu": "$0.92 per 1L",
    "COL Size": "1.25L"
  },
  {
    "Brand_Product_Size": "Nature's Gift Just Natural Meal Time Beef & Liver Meatloaf Canned Dog Food 700g",
    "COL Price": 2,
    "COL ppu": "$0.29 per 100G",
    "COL Size": "700g"
  },
  {
    "Brand_Product_Size": "Impressed Easy Greens Juice 1L",
    "COL Price": 5,
    "COL ppu": "$5.00 per 1L",
    "COL Size": "1L"
  },
  {
    "Brand_Product_Size": "Vegemite Spread 380g",
    "COL Price": 6.5,
    "COL ppu": "$1.71 per 100G",
    "COL Size": "380g"
  },
  {
    "Brand_Product_Size": "Coles Frozen Chicken Breast Tenders 400g",
    "COL Price": 3.5,
    "COL ppu": "$0.88 per 100G",
    "COL Size": "400g"
  },
  {
    "Brand_Product_Size": "Sanitarium So Good Long Life Unsweetened Almond Milk 1L",
    "COL Price": 2.7,
    "COL ppu": "$2.70 per 1L",
    "COL Size": "1L"
  },
  {
    "Brand_Product_Size": "Lyles Golden Syrup 454g",
    "COL Price": 4.35,
    "COL ppu": "$0.96 per 100G",
    "COL Size": "454g"
  },
  {
    "Brand_Product_Size": "Coles So Soft Hypo Allergenic Toilet Tissue 3 Ply 8 pack",
    "COL Price": 4,
    "COL ppu": "$0.50 per 1Ea",
    "COL Size": "8 pack"
  },
  {
    "Brand_Product_Size": "Coles Kitchen Spinach & Ricotta Canneloni 340g",
    "COL Price": 5,
    "COL ppu": "$1.47 per 100G",
    "COL Size": "340g"
  },
  {
    "Brand_Product_Size": "Indomie Mi Goreng Fried Instant Noodles 85g",
    "COL Price": 0.65,
    "COL ppu": "$0.76 per 100G",
    "COL Size": "85g"
  },
  {
    "Brand_Product_Size": "Gillette Venus Sensitive Disposable 6 pack",
    "COL Price": 17,
    "COL ppu": "$2.83 per 1Ea",
    "COL Size": "6 pack"
  },
  {
    "Brand_Product_Size": "Applaws Chicken Canned Dog Food 156g 5 pack",
    "COL Price": 12.5,
    "COL ppu": "$1.60 per 100G",
    "COL Size": "5 pack"
  },
  {
    "Brand_Product_Size": "Advanced Hair Thickening Shampoo 200mL",
    "COL Price": 15,
    "COL ppu": "$7.50 per 100mL",
    "COL Size": "200mL"
  },
  {
    "Brand_Product_Size": "Coles Natures Kitchen Dark Choc Cookie Dough 480g",
    "COL Price": 6,
    "COL ppu": "$1.25 per 100G",
    "COL Size": "480g"
  },
  {
    "Brand_Product_Size": "Provedore Mild Salami & Cheese Roll Ups 95g",
    "COL Price": 7,
    "COL ppu": "$73.68 per 1Kg",
    "COL Size": "95g"
  },
  {
    "Brand_Product_Size": "Meat Servery Free Range Chicken Thigh Fillets approx. 150g",
    "COL Price": 2.475,
    "COL ppu": "$16.50 per 1Kg",
    "COL Size": "approx. 150g"
  },
  {
    "Brand_Product_Size": "Devondale Instant Full Cream Milk Powder 1kg",
    "COL Price": 10.75,
    "COL ppu": "$1.08 per 100G",
    "COL Size": "1kg"
  },
  {
    "Brand_Product_Size": "Batiste Volume Dry Shampoo 50mL",
    "COL Price": 5,
    "COL ppu": "$10.00 per 100mL",
    "COL Size": "50mL"
  },
  {
    "Brand_Product_Size": "Nestle Caro Extra Instant Beverage 150g",
    "COL Price": 6.6,
    "COL ppu": "$4.40 per 100G",
    "COL Size": "150g"
  },
  {
    "Brand_Product_Size": "Clairol Natural Instincts 8A Linen Medium Cool Blonde Hair Colour 1 pack",
    "COL Price": 12.8,
    "COL ppu": "$12.80 per 1Ea",
    "COL Size": "1 pack"
  },
  {
    "Brand_Product_Size": "Coles Frozen Beef Pies 4 pack 700g",
    "COL Price": 3.85,
    "COL ppu": "$0.55 per 100G",
    "COL Size": "700g"
  },
  {
    "Brand_Product_Size": "Nood Grass Fed Beef & Lamb Recipe With Garden Vegetables Dog Food 80g 12 pack",
    "COL Price": 15,
    "COL ppu": "$1.56 per 100G",
    "COL Size": "12 pack"
  },
  {
    "Brand_Product_Size": "Nestle Smarties Mini Bits 150g",
    "COL Price": 4,
    "COL ppu": "$2.67 per 100G",
    "COL Size": "150g"
  },
  {
    "Brand_Product_Size": "Lewis & Son Sauerkraut 500g",
    "COL Price": 11.75,
    "COL ppu": "$2.35 per 100G",
    "COL Size": "500g"
  },
  {
    "Brand_Product_Size": "Arnott's Shapes Mini Bites Sour Cream Onion Crackers 150g",
    "COL Price": 3.2,
    "COL ppu": "$2.13 per 100G",
    "COL Size": "150g"
  },
  {
    "Brand_Product_Size": "Nicabate CQ Clear CQ Patches 14mg 7 pack",
    "COL Price": 35,
    "COL ppu": "$5.00 per 1Ea",
    "COL Size": "7 pack"
  },
  {
    "Brand_Product_Size": "Dollar Sweets Silver Luxe 4 Comp Sprinkles 135g",
    "COL Price": 6,
    "COL ppu": "$4.44 per 100G",
    "COL Size": "135g"
  },
  {
    "Brand_Product_Size": "Vitasoy Calci-Plus Long Life Soy Milk 1L 1L",
    "COL Price": 3,
    "COL ppu": "$3.00 per 1L",
    "COL Size": "1L"
  },
  {
    "Brand_Product_Size": "Brita Maxtra Filter Cartridges 6 pack",
    "COL Price": 65,
    "COL ppu": "$10.83 per 1Ea",
    "COL Size": "6 pack"
  },
  {
    "Brand_Product_Size": "San Remo Sour Cream & Chives Flavour Pasta & Sauce Single Snack 80g",
    "COL Price": 1,
    "COL ppu": "$1.25 per 100G",
    "COL Size": "80g"
  },
  {
    "Brand_Product_Size": "Coles Micro Greens Red Shiso each",
    "COL Price": 3,
    "COL ppu": "$3.00 per 1Ea",
    "COL Size": "each"
  },
  {
    "Brand_Product_Size": "Whittaker's Bundaberg Ginger Caramel Chocolate Block 250g",
    "COL Price": 6,
    "COL ppu": "$2.40 per 100G",
    "COL Size": "250g"
  },
  {
    "Brand_Product_Size": "Schmackos Chomp N Chew With Peanut Butter & Chicken Flavoured Dog Treat Large 60g",
    "COL Price": 4.3,
    "COL ppu": "$7.17 per 100G",
    "COL Size": "60g"
  },
  {
    "Brand_Product_Size": "Coles Italia Piccante Tomato & Chilli Pesto 290g",
    "COL Price": 3.5,
    "COL ppu": "$1.21 per 100G",
    "COL Size": "290g"
  },
  {
    "Brand_Product_Size": "Coles Bake & Create Caramel Dulce De Leche 430g",
    "COL Price": 6,
    "COL ppu": "$1.40 per 100G",
    "COL Size": "430g"
  },
  {
    "Brand_Product_Size": "Cook & Dine Food Containers 1.5L 6 pack",
    "COL Price": 5,
    "COL ppu": "$0.83 per 1Ea",
    "COL Size": "6 pack"
  },
  {
    "Brand_Product_Size": "Twinings Infuse Peach & Passionfruit Cold Water Infusion 12 Pack 30g",
    "COL Price": 6,
    "COL ppu": "$20.00 per 100G",
    "COL Size": "30g"
  },
  {
    "Brand_Product_Size": "Maybelline Eye Studio Satin 02 Medium Brown Brow Pencil each",
    "COL Price": 10.5,
    "COL ppu": "$10.50 per 1Ea",
    "COL Size": "each"
  },
  {
    "Brand_Product_Size": "Blue Dinosaur Paleo Bars Banana Bread 45g",
    "COL Price": 2.85,
    "COL ppu": "$6.33 per 100G",
    "COL Size": "45g"
  },
  {
    "Brand_Product_Size": "Sunsol Probiotic Almond & Manuka Honey Toasted Muesli 400g",
    "COL Price": 7,
    "COL ppu": "$1.75 per 100G",
    "COL Size": "400g"
  },
  {
    "Brand_Product_Size": "Purina Lucky Dog Bones Original Dog Treat 800g",
    "COL Price": 4.5,
    "COL ppu": "$0.56 per 100G",
    "COL Size": "800g"
  },
  {
    "Brand_Product_Size": "Pukka Three Mint Herbal Tea Sachets 20 pack 32g",
    "COL Price": 7.5,
    "COL ppu": "$0.38 per 1Ea",
    "COL Size": "32g"
  },
  {
    "Brand_Product_Size": "McCain Family Margherita Frozen Pizza 500g",
    "COL Price": 5.5,
    "COL ppu": "$1.10 per 100G",
    "COL Size": "500g"
  },
  {
    "Brand_Product_Size": "Uncle Ben's Microwave Brown Red Wild Rice Medley 250g",
    "COL Price": 2.7,
    "COL ppu": "$1.08 per 100G",
    "COL Size": "250g"
  },
  {
    "Brand_Product_Size": "Huggies Lightly Fragranced 240 Coconut Oil Baby Wipes 3x80 pack 3 pack",
    "COL Price": 11.5,
    "COL ppu": "$4.79 per 100Ea",
    "COL Size": "3 pack"
  },
  {
    "Brand_Product_Size": "Sunraysia Pomegranate Juice Bottle 1L",
    "COL Price": 4.5,
    "COL ppu": "$4.50 per 1L",
    "COL Size": "1L"
  },
  {
    "Brand_Product_Size": "Batiste Coconut & Exotic Tropical Dry Shampoo 400mL",
    "COL Price": 16,
    "COL ppu": "$4.00 per 100mL",
    "COL Size": "400mL"
  },
  {
    "Brand_Product_Size": "Go Natural Beauty Collagen Power Cookie Macadamia & White Choc 50g",
    "COL Price": 3.5,
    "COL ppu": "$7.00 per 100G",
    "COL Size": "50g"
  },
  {
    "Brand_Product_Size": "Coles Green Kiwifruit each",
    "COL Price": 0.8,
    "COL ppu": "$0.80 per 1Ea",
    "COL Size": "each"
  },
  {
    "Brand_Product_Size": "Home Chef Braised Wagyu Beef With Bbq Glaze 475g",
    "COL Price": 19.5,
    "COL ppu": "$4.11 per 100G",
    "COL Size": "475g"
  },
  {
    "Brand_Product_Size": "Cadbury Favourites Creme Egg 820g",
    "COL Price": 28,
    "COL ppu": "$3.41 per 100G",
    "COL Size": "820g"
  },
  {
    "Brand_Product_Size": "Coles Bakery Apple Crumble Scroll 2 pack",
    "COL Price": 3,
    "COL ppu": "$1.50 per 1Ea",
    "COL Size": "2 pack"
  },
  {
    "Brand_Product_Size": "Twinings Pure Green Tea Bags 100 pack 150g",
    "COL Price": 5.6,
    "COL ppu": "$0.06 per 1Ea",
    "COL Size": "150g"
  },
  {
    "Brand_Product_Size": "Sam's Frozen Pelmeni Chicken Dumplings 800g",
    "COL Price": 14,
    "COL ppu": "$1.75 per 100G",
    "COL Size": "800g"
  },
  {
    "Brand_Product_Size": "Kirks Lemon Squash Multipack Cans 375 mL 10 pack",
    "COL Price": 6.2,
    "COL ppu": "$1.65 per 1L",
    "COL Size": "10 pack"
  },
  {
    "Brand_Product_Size": "Steggles Frozen Chicken Breast Wedges 1kg",
    "COL Price": 11,
    "COL ppu": "$11.00 per 1Kg",
    "COL Size": "1kg"
  },
  {
    "Brand_Product_Size": "Coles Mi Goreng Instant Noodles 5 Pack 425g",
    "COL Price": 1.5,
    "COL ppu": "$0.35 per 100G",
    "COL Size": "425g"
  },
  {
    "Brand_Product_Size": "Bulla Creamy Classics Vanilla Ice Cream Tub 2L",
    "COL Price": 8.5,
    "COL ppu": "$0.43 per 100mL",
    "COL Size": "2L"
  },
  {
    "Brand_Product_Size": "Coles Frozen Diced Avocado 300g",
    "COL Price": 4,
    "COL ppu": "$13.33 per 1Kg",
    "COL Size": "300g"
  },
  {
    "Brand_Product_Size": "V.I.P. Lamb Dog Chunkers 1kg",
    "COL Price": 4.25,
    "COL ppu": "$0.43 per 100G",
    "COL Size": "1kg"
  },
  {
    "Brand_Product_Size": "Cottee's Instant Pudding Vanilla Dessert Mix 100g",
    "COL Price": 1.45,
    "COL ppu": "$1.45 per 100G",
    "COL Size": "100g"
  },
  {
    "Brand_Product_Size": "Bow Wow Pals Squeaker Toy Hamburger & Hot Dog 2 pack",
    "COL Price": 4,
    "COL ppu": "$2.00 per 1Ea",
    "COL Size": "2 pack"
  },
  {
    "Brand_Product_Size": "Coles Loaf Chicken Rice & Vegetable Dog Food 1.2kg",
    "COL Price": 2.4,
    "COL ppu": "$0.20 per 100G",
    "COL Size": "1.2kg"
  },
  {
    "Brand_Product_Size": "Coles Halloween Sprinkles 110g",
    "COL Price": 5,
    "COL ppu": "$4.55 per 100G",
    "COL Size": "110g"
  },
  {
    "Brand_Product_Size": "Liddells Lactose Free Spreadable Cream Cheese 250g",
    "COL Price": 4.4,
    "COL ppu": "$17.60 per 1Kg",
    "COL Size": "250g"
  },
  {
    "Brand_Product_Size": "Coles Chargrilled Peppers 280g",
    "COL Price": 2.75,
    "COL ppu": "$9.82 per 1Kg",
    "COL Size": "280g"
  },
  {
    "Brand_Product_Size": "Scholl Party Feet Heel Shield each",
    "COL Price": 10,
    "COL ppu": "$5.00 per 1Ea",
    "COL Size": "each"
  },
  {
    "Brand_Product_Size": "Coles Classic Granulated Coffee 200g",
    "COL Price": 3.7,
    "COL ppu": "$1.85 per 100G",
    "COL Size": "200g"
  },
  {
    "Brand_Product_Size": "Second House Products Salep Mix 200g",
    "COL Price": 3,
    "COL ppu": "$1.50 per 100G",
    "COL Size": "200g"
  },
  {
    "Brand_Product_Size": "Pepsi Soft Drink 10x375ml Soft Drink Max Mango 10 pack",
    "COL Price": 7.5,
    "COL ppu": "$0.75 per 1Ea",
    "COL Size": "10 pack"
  },
  {
    "Brand_Product_Size": "Thomy Mayonnaise 265g",
    "COL Price": 6.5,
    "COL ppu": "$2.45 per 100G",
    "COL Size": "265g"
  },
  {
    "Brand_Product_Size": "Dine Finest Serve Fish Selection In Gravy Tuna Salmon & Cod Wet Cat Food 50g Pouch 6 pack",
    "COL Price": 4.8,
    "COL ppu": "$1.60 per 100G",
    "COL Size": "6 pack"
  },
  {
    "Brand_Product_Size": "Prima Apple Fruit Drink Multipack 200mL 6 pack",
    "COL Price": 3.45,
    "COL ppu": "$0.58 per 1Ea",
    "COL Size": "6 pack"
  },
  {
    "Brand_Product_Size": "Noshu Marshmallow Snackles 110g",
    "COL Price": 6,
    "COL ppu": "$5.45 per 100G",
    "COL Size": "110g"
  },
  {
    "Brand_Product_Size": "Bertocchi Flat Soppressa Hot Salami approx. 125g",
    "COL Price": 3.25,
    "COL ppu": "$26.00 per 1Kg",
    "COL Size": "approx. 125g"
  },
  {
    "Brand_Product_Size": "Coles Baby Capers 110g",
    "COL Price": 1.9,
    "COL ppu": "$17.27 per 1Kg",
    "COL Size": "110g"
  },
  {
    "Brand_Product_Size": "Cook & Dine Plastic Forks 50 pack",
    "COL Price": 2,
    "COL ppu": "$4.00 per 100Ea",
    "COL Size": "50 pack"
  },
  {
    "Brand_Product_Size": "Coles Meals Indian Chicken Curry With Rice 350g",
    "COL Price": 3.8,
    "COL ppu": "$1.09 per 100G",
    "COL Size": "350g"
  },
  {
    "Brand_Product_Size": "Abbott's Village Bakery Dark Rye Bread 700g",
    "COL Price": 3.8,
    "COL ppu": "$0.54 per 100G",
    "COL Size": "700g"
  },
  {
    "Brand_Product_Size": "Dairy Farmers Light Sour Cream 250g",
    "COL Price": 2.65,
    "COL ppu": "$1.06 per 100G",
    "COL Size": "250g"
  },
  {
    "Brand_Product_Size": "Coles Raspberry Lemonade Soda Syrup 500mL",
    "COL Price": 3.5,
    "COL ppu": "$7.00 per 1L",
    "COL Size": "500mL"
  },
  {
    "Brand_Product_Size": "Bio Cheese Grated Parmesano 125g",
    "COL Price": 6,
    "COL ppu": "$48.00 per 1Kg",
    "COL Size": "125g"
  },
  {
    "Brand_Product_Size": "Maggi Dry Recipe Base Butter Chicken 29g",
    "COL Price": 1.75,
    "COL ppu": "$6.03 per 100G",
    "COL Size": "29g"
  },
  {
    "Brand_Product_Size": "Coles Crunchy Jalapeno Slices 500g",
    "COL Price": 3.15,
    "COL ppu": "$6.30 per 1Kg",
    "COL Size": "500g"
  },
  {
    "Brand_Product_Size": "The Chia Co Chia Seeds Black Pouch 500g",
    "COL Price": 10,
    "COL ppu": "$2.00 per 100G",
    "COL Size": "500g"
  },
  {
    "Brand_Product_Size": "Always Fresh Cucumbers Polskie Ogorki 680g",
    "COL Price": 3.74,
    "COL ppu": "$5.50 per 1Kg",
    "COL Size": "680g"
  },
  {
    "Brand_Product_Size": "Aussie Bodies Shine Collagen Apple Mango Protein Powder 455g",
    "COL Price": 28,
    "COL ppu": "$6.15 per 100G",
    "COL Size": "455g"
  },
  {
    "Brand_Product_Size": "Don Alvaraz Manchego approx. 100g",
    "COL Price": 6.75,
    "COL ppu": "$67.50 per 1Kg",
    "COL Size": "approx. 100g"
  },
  {
    "Brand_Product_Size": "Heinz Classic Pea & Ham Soup Can 535g",
    "COL Price": 2.5,
    "COL ppu": "$0.47 per 100G",
    "COL Size": "535g"
  },
  {
    "Brand_Product_Size": "Oral B Clic Manual Toothbrush 1 pack",
    "COL Price": 30,
    "COL ppu": "$30.00 per 1Ea",
    "COL Size": "1 pack"
  },
  {
    "Brand_Product_Size": "Igor Gorgonzola Piccante approx. 100g",
    "COL Price": 5.05,
    "COL ppu": "$50.50 per 1Kg",
    "COL Size": "approx. 100g"
  },
  {
    "Brand_Product_Size": "Easiyo Natural Unsweetened Yoghurt 140g",
    "COL Price": 4.7,
    "COL ppu": "$3.36 per 100G",
    "COL Size": "140g"
  },
  {
    "Brand_Product_Size": "Bushells Turkish Style Pulverised Coffee 250g",
    "COL Price": 6.5,
    "COL ppu": "$2.60 per 100G",
    "COL Size": "250g"
  },
  {
    "Brand_Product_Size": "Rascal & Friends Nappies Bulk Infant 48 pack",
    "COL Price": 14,
    "COL ppu": "$0.29 per 1Ea",
    "COL Size": "48 pack"
  },
  {
    "Brand_Product_Size": "Peters Gluten Free Original Vanilla Ice Cream Tub 4L",
    "COL Price": 7.5,
    "COL ppu": "$1.88 per 1L",
    "COL Size": "4L"
  },
  {
    "Brand_Product_Size": "Black Swan French Onion Dip 200g",
    "COL Price": 3.5,
    "COL ppu": "$1.75 per 100G",
    "COL Size": "200g"
  },
  {
    "Brand_Product_Size": "Clairol Nice 'N Easy Root Touch-Up 4 Dark Brown Hair Colour 1 pack",
    "COL Price": 7.8,
    "COL ppu": "$7.80 per 1Ea",
    "COL Size": "1 pack"
  },
  {
    "Brand_Product_Size": "Organic Choice Enzyme Laundry Lemon & Sage 1L",
    "COL Price": 10,
    "COL ppu": "$10.00 per 1L",
    "COL Size": "1L"
  },
  {
    "Brand_Product_Size": "Gillette Series Shaving Gel Sensitive Skin 195g",
    "COL Price": 6.3,
    "COL ppu": "$3.23 per 100G",
    "COL Size": "195g"
  },
  {
    "Brand_Product_Size": "Coles Frozen Cooked Peeled Prawns 350g",
    "COL Price": 10,
    "COL ppu": "$28.57 per 1Kg",
    "COL Size": "350g"
  },
  {
    "Brand_Product_Size": "San Remo Chickpeas Spirals Pulse Pasta 250g",
    "COL Price": 4.2,
    "COL ppu": "$1.68 per 100G",
    "COL Size": "250g"
  },
  {
    "Brand_Product_Size": "Helga's Mixed Grain Wraps 8 pack 560g",
    "COL Price": 4,
    "COL ppu": "$0.71 per 100G",
    "COL Size": "560g"
  },
  {
    "Brand_Product_Size": "Lipton Intense Extra Strong Black Tea Bags 100 pack",
    "COL Price": 6.1,
    "COL ppu": "$0.06 per 1Ea",
    "COL Size": "100 pack"
  },
  {
    "Brand_Product_Size": "Band-Aid Blister Block Regular Adhesive Dressing 4 pack",
    "COL Price": 7,
    "COL ppu": "$1.75 per 1Ea",
    "COL Size": "4 pack"
  },
  {
    "Brand_Product_Size": "Applaws Tuna Fillet with Seaweed Canned Cat Food 70g",
    "COL Price": 2,
    "COL ppu": "$2.86 per 100G",
    "COL Size": "70g"
  },
  {
    "Brand_Product_Size": "Schwarzkopf Extra Care Bio-tech Repair Conditioner 500mL",
    "COL Price": 17,
    "COL ppu": "$3.40 per 100mL",
    "COL Size": "500mL"
  },
  {
    "Brand_Product_Size": "Yumi's Gluten Free Roasted Pumpkin Hommus Classic Dip 200g",
    "COL Price": 3,
    "COL ppu": "$1.50 per 100G",
    "COL Size": "200g"
  },
  {
    "Brand_Product_Size": "Twining's Mango & Strawberry Tea Bags 10 pack",
    "COL Price": 2.9,
    "COL ppu": "$0.29 per 1Ea",
    "COL Size": "10 pack"
  },
  {
    "Brand_Product_Size": "Coles Cherry Blossom Air Freshener 150g",
    "COL Price": 1.9,
    "COL ppu": "$1.27 per 100G",
    "COL Size": "150g"
  },
  {
    "Brand_Product_Size": "Coles RSPCA Approved Chicken Drumsticks With Tuscan Style Herb & Garlic 1.4kg",
    "COL Price": 9.5,
    "COL ppu": "$6.79 per 1Kg",
    "COL Size": "1.4kg"
  },
  {
    "Brand_Product_Size": "Hoyts Whole Cumin Seeds 25g",
    "COL Price": 1.85,
    "COL ppu": "$0.74 per 10G",
    "COL Size": "25g"
  },
  {
    "Brand_Product_Size": "Bactive Disinfectant Wipes 80 pack",
    "COL Price": 6.5,
    "COL ppu": "$0.08 per 1Ea",
    "COL Size": "80 pack"
  },
  {
    "Brand_Product_Size": "Hans Oliving Hot Twiggy Sticks approx. 125g",
    "COL Price": 3.75,
    "COL ppu": "$30.00 per 1Kg",
    "COL Size": "approx. 125g"
  },
  {
    "Brand_Product_Size": "Tresemme Keratin Smooth Conditioner 350mL",
    "COL Price": 6.3,
    "COL ppu": "$1.80 per 100mL",
    "COL Size": "350mL"
  },
  {
    "Brand_Product_Size": "Sour Patch Kids Berry 220g",
    "COL Price": 4,
    "COL ppu": "$1.82 per 100G",
    "COL Size": "220g"
  },
  {
    "Brand_Product_Size": "Coles Ranch Dip 300g",
    "COL Price": 0.5,
    "COL ppu": "$0.17 per 100G",
    "COL Size": "300g"
  },
  {
    "Brand_Product_Size": "Cadbury Milk Chocolate Cake Bars 105g",
    "COL Price": 3.75,
    "COL ppu": "$3.57 per 100G",
    "COL Size": "105g"
  },
  {
    "Brand_Product_Size": "McCain Frozen Ham & Pineapple Family Pizza 500g",
    "COL Price": 5.5,
    "COL ppu": "$1.10 per 100G",
    "COL Size": "500g"
  },
  {
    "Brand_Product_Size": "Coles Finest By Laurent Charcoal Brioche Burger Buns 2 pack",
    "COL Price": 2.7,
    "COL ppu": "$1.35 per 1Ea",
    "COL Size": "2 pack"
  },
  {
    "Brand_Product_Size": "Cook & Dine Embossed Glass Tumblers 4 pack",
    "COL Price": 20,
    "COL ppu": "$5.00 per 1Ea",
    "COL Size": "4 pack"
  },
  {
    "Brand_Product_Size": "Coles Sliced Peach in Natural Juice Canned 825g",
    "COL Price": 2.8,
    "COL ppu": "$3.39 per 1Kg",
    "COL Size": "825g"
  },
  {
    "Brand_Product_Size": "Marion's Kitchen Gluten Free Sticky Chilli Ginger Marinade 240mL",
    "COL Price": 5,
    "COL ppu": "$2.08 per 100mL",
    "COL Size": "240mL"
  },
  {
    "Brand_Product_Size": "Mortein Power Gard Flea & Crawling Insect Control Bomb 2 Pack 300g",
    "COL Price": 12.5,
    "COL ppu": "$4.17 per 100G",
    "COL Size": "300g"
  },
  {
    "Brand_Product_Size": "L'Oreal Paris Magic Retouch Auburn 75mL",
    "COL Price": 12.8,
    "COL ppu": "$1.71 per 10mL",
    "COL Size": "75mL"
  },
  {
    "Brand_Product_Size": "Old El Paso Burrito Kit Mild 485g",
    "COL Price": 5,
    "COL ppu": "$1.03 per 100G",
    "COL Size": "485g"
  },
  {
    "Brand_Product_Size": "Wellgrove Immune Support Olive Leaf Extract 60 Capsules 1 pack",
    "COL Price": 10,
    "COL ppu": "$10.00 per 1Ea",
    "COL Size": "1 pack"
  },
  {
    "Brand_Product_Size": "San Remo CousCous 500g",
    "COL Price": 2,
    "COL ppu": "$0.40 per 100G",
    "COL Size": "500g"
  },
  {
    "Brand_Product_Size": "Wellness Road Skin On Peanut Butter 280g",
    "COL Price": 4,
    "COL ppu": "$1.43 per 100G",
    "COL Size": "280g"
  },
  {
    "Brand_Product_Size": "Coles Deli Medium Greek Salad each",
    "COL Price": 6,
    "COL ppu": "$6.00 per 1Ea",
    "COL Size": "each"
  },
  {
    "Brand_Product_Size": "Coles Maple Flavoured Syrup 375g",
    "COL Price": 2.5,
    "COL ppu": "$0.67 per 100G",
    "COL Size": "375g"
  },
  {
    "Brand_Product_Size": "Rafferty's Garden Natural Mini Yoghurt Drops 8M+ 8g",
    "COL Price": 1.9,
    "COL ppu": "$23.75 per 100G",
    "COL Size": "8g"
  },
  {
    "Brand_Product_Size": "Lean Cuisine Apple & Cinnamon Porridge 250g",
    "COL Price": 3.5,
    "COL ppu": "$1.40 per 100G",
    "COL Size": "250g"
  },
  {
    "Brand_Product_Size": "Halo Top Oat Milk Chocolate Hazelnut 473mL",
    "COL Price": 9,
    "COL ppu": "$1.90 per 100mL",
    "COL Size": "473mL"
  },
  {
    "Brand_Product_Size": "Green's Velvety Chocolate Cupcake Baking Mix 450g",
    "COL Price": 3.2,
    "COL ppu": "$0.71 per 100G",
    "COL Size": "450g"
  },
  {
    "Brand_Product_Size": "Coles Paracetamol 500mg 20 Tablets 1 pack",
    "COL Price": 0.7,
    "COL ppu": "$0.70 per 1Ea",
    "COL Size": "1 pack"
  },
  {
    "Brand_Product_Size": "Keep It Cleaner Chocolate Cherry Protein Bar 40g",
    "COL Price": 3,
    "COL ppu": "$7.50 per 100G",
    "COL Size": "40g"
  },
  {
    "Brand_Product_Size": "Elmers School Glue 225mL",
    "COL Price": 6,
    "COL ppu": "$2.67 per 100mL",
    "COL Size": "225mL"
  },
  {
    "Brand_Product_Size": "Coles Jam & Cream Biscuits 150g",
    "COL Price": 1.8,
    "COL ppu": "$1.20 per 100G",
    "COL Size": "150g"
  },
  {
    "Brand_Product_Size": "Coles Baby Spinach Salad Leaves Prepacked 280g",
    "COL Price": 5,
    "COL ppu": "$17.86 per 1Kg",
    "COL Size": "280g"
  },
  {
    "Brand_Product_Size": "Coles Deli Salads Tub Jumbo Classic Potato each",
    "COL Price": 10,
    "COL ppu": "$10.00 per 1Ea",
    "COL Size": "each"
  },
  {
    "Brand_Product_Size": "Masterfoods Tikka Masala Cooking Sauce 375g",
    "COL Price": 4.5,
    "COL ppu": "$1.20 per 100G",
    "COL Size": "375g"
  },
  {
    "Brand_Product_Size": "Arnott's Crackers Original Bbq Shapes 8 Pack 200g",
    "COL Price": 3,
    "COL ppu": "$1.50 per 100G",
    "COL Size": "200g"
  },
  {
    "Brand_Product_Size": "Campbell's Real Beef Stock 1L",
    "COL Price": 4,
    "COL ppu": "$0.40 per 100mL",
    "COL Size": "1L"
  },
  {
    "Brand_Product_Size": "Castania Extra Nuts 450g",
    "COL Price": 11.5,
    "COL ppu": "$25.56 per 1Kg",
    "COL Size": "450g"
  },
  {
    "Brand_Product_Size": "Coles Mild American Mustard 250g",
    "COL Price": 2,
    "COL ppu": "$0.80 per 100G",
    "COL Size": "250g"
  },
  {
    "Brand_Product_Size": "Doritos Flamin Hot Cheese Supreme 150g",
    "COL Price": 1.75,
    "COL ppu": "$1.17 per 100G",
    "COL Size": "150g"
  },
  {
    "Brand_Product_Size": "Ice Break Extra Shot Real Coffee 500mL",
    "COL Price": 3.35,
    "COL ppu": "$6.70 per 1L",
    "COL Size": "500mL"
  },
  {
    "Brand_Product_Size": "Cook & Dine Muffin Tray 24 Cups each",
    "COL Price": 8,
    "COL ppu": "$8.00 per 1Ea",
    "COL Size": "each"
  },
  {
    "Brand_Product_Size": "Wellness Road Organic Black Chia Seeds 300g",
    "COL Price": 8,
    "COL ppu": "$2.67 per 100G",
    "COL Size": "300g"
  },
  {
    "Brand_Product_Size": "Brut Endurance Fresh Shower Gel 400mL",
    "COL Price": 3.15,
    "COL ppu": "$0.79 per 100mL",
    "COL Size": "400mL"
  },
  {
    "Brand_Product_Size": "McCain Frozen Ham & Pineapple Pizza Singles 400g",
    "COL Price": 7,
    "COL ppu": "$1.75 per 100G",
    "COL Size": "400g"
  },
  {
    "Brand_Product_Size": "Solo Original Lemon Flavour Zero Sugar Multipack Can 375mL 10 pack",
    "COL Price": 7.5,
    "COL ppu": "$2.00 per 1L",
    "COL Size": "10 pack"
  },
  {
    "Brand_Product_Size": "Arnott's Family Assorted Biscuits 500g",
    "COL Price": 4,
    "COL ppu": "$0.80 per 100G",
    "COL Size": "500g"
  },
  {
    "Brand_Product_Size": "Earth Choice Citrus Fresh Dishwasher Powder 1kg",
    "COL Price": 9,
    "COL ppu": "$0.90 per 100G",
    "COL Size": "1kg"
  },
  {
    "Brand_Product_Size": "Birds Eye Frozen Salmon Cakes With Vegetables & Herbs 6 Pack 480g",
    "COL Price": 7.5,
    "COL ppu": "$15.63 per 1Kg",
    "COL Size": "480g"
  },
  {
    "Brand_Product_Size": "McCain Frozen Pub Style Fries 750g",
    "COL Price": 4.5,
    "COL ppu": "$0.60 per 100G",
    "COL Size": "750g"
  },
  {
    "Brand_Product_Size": "Coles Kitchen Potato Salad 800g",
    "COL Price": 5.9,
    "COL ppu": "$7.38 per 1Kg",
    "COL Size": "800g"
  },
  {
    "Brand_Product_Size": "5 Gum Orange Fusion Chewing Gum Stick 32g",
    "COL Price": 1.85,
    "COL ppu": "$5.78 per 100G",
    "COL Size": "32g"
  },
  {
    "Brand_Product_Size": "Vitapet Jerhigh Chicken Tenders Dog Treats 100g",
    "COL Price": 7.4,
    "COL ppu": "$7.40 per 100G",
    "COL Size": "100g"
  },
  {
    "Brand_Product_Size": "Coles Deli Express Italian Style Sliced Salami 150g",
    "COL Price": 5.5,
    "COL ppu": "$3.67 per 100G",
    "COL Size": "150g"
  },
  {
    "Brand_Product_Size": "Campbell's Chunky Pea & Ham Soup Can 505g",
    "COL Price": 3.5,
    "COL ppu": "$0.69 per 100G",
    "COL Size": "505g"
  },
  {
    "Brand_Product_Size": "Decor Match Ups Basics Container Oblong Orange 200ml each",
    "COL Price": 2.5,
    "COL ppu": "$2.50 per 1ea",
    "COL Size": "each"
  },
  {
    "Brand_Product_Size": "M & M Kosher Whole Chicken 8 Cut Skin On approx. 500g pack",
    "COL Price": 7.45,
    "COL ppu": "$14.90 per 1Kg",
    "COL Size": "approx. 500g pack"
  },
  {
    "Brand_Product_Size": "Nivea Sun Kids Roll On Moisturising Sunscreen Lotion SPF50+ 65mL",
    "COL Price": 11,
    "COL ppu": "$16.92 per 100mL",
    "COL Size": "65mL"
  },
  {
    "Brand_Product_Size": "Coles Beef Lasagne 350g",
    "COL Price": 3.8,
    "COL ppu": "$1.09 per 100G",
    "COL Size": "350g"
  },
  {
    "Brand_Product_Size": "Divella Potato Gnocchi Di Patate 500g",
    "COL Price": 2.8,
    "COL ppu": "$0.56 per 100G",
    "COL Size": "500g"
  },
  {
    "Brand_Product_Size": "Primo Cacciatori Hot each",
    "COL Price": 6,
    "COL ppu": "$6.00 per 1Ea",
    "COL Size": "each"
  },
  {
    "Brand_Product_Size": "Di Leo I Savoiardi Biscuits 400g",
    "COL Price": 4,
    "COL ppu": "$1.00 per 100G",
    "COL Size": "400g"
  },
  {
    "Brand_Product_Size": "Simply Cat Double Wall Printed Melamine Small Bowl 1 pack",
    "COL Price": 6,
    "COL ppu": "$6.00 per 1Ea",
    "COL Size": "1 pack"
  },
  {
    "Brand_Product_Size": "Banana Boat Baby Roll On Sunscreen SPF 50+ 75mL",
    "COL Price": 11,
    "COL ppu": "$14.67 per 100mL",
    "COL Size": "75mL"
  },
  {
    "Brand_Product_Size": "Coles Kids Yoghurt 12 pack 1.14kg",
    "COL Price": 4.8,
    "COL ppu": "$0.42 per 100G",
    "COL Size": "1.14kg"
  },
  {
    "Brand_Product_Size": "Bickford's Blackcurrant Fruit Juice Syrup  Bottle 750mL",
    "COL Price": 4.7,
    "COL ppu": "$6.27 per 1L",
    "COL Size": "750mL"
  },
  {
    "Brand_Product_Size": "Heinz Beanz Tomato Sauce 555g",
    "COL Price": 2.5,
    "COL ppu": "$0.45 per 100G",
    "COL Size": "555g"
  },
  {
    "Brand_Product_Size": "T.N Dickinson's Cleans & Tones Witch Hazel Toner 240mL",
    "COL Price": 7,
    "COL ppu": "$2.92 per 100mL",
    "COL Size": "240mL"
  },
  {
    "Brand_Product_Size": "Queen Victoria Vanilla Chai Tea 50 pack",
    "COL Price": 6,
    "COL ppu": "$0.12 per 1Ea",
    "COL Size": "50 pack"
  },
  {
    "Brand_Product_Size": "Ajitas Vegan Cheese Vege Rice Crackers 75g",
    "COL Price": 3.8,
    "COL ppu": "$5.07 per 100G",
    "COL Size": "75g"
  },
  {
    "Brand_Product_Size": "Birds Eye Frozen Fish Fillets With Rosemary & Garlic Crumb Oven Bake 6 Pack 425g",
    "COL Price": 10,
    "COL ppu": "$23.53 per 1Kg",
    "COL Size": "425g"
  },
  {
    "Brand_Product_Size": "Coles French Onion Dip 200g",
    "COL Price": 1.9,
    "COL ppu": "$0.95 per 100G",
    "COL Size": "200g"
  },
  {
    "Brand_Product_Size": "Coles Cling Wrap 60m each",
    "COL Price": 1.4,
    "COL ppu": "$1.40 per 1Ea",
    "COL Size": "each"
  },
  {
    "Brand_Product_Size": "Coles Thyme Leaves 18g",
    "COL Price": 2.45,
    "COL ppu": "$1.36 per 10G",
    "COL Size": "18g"
  },
  {
    "Brand_Product_Size": "Coles Hamburger Rolls 6 pack",
    "COL Price": 2.5,
    "COL ppu": "$0.42 per 1Ea",
    "COL Size": "6 pack"
  },
  {
    "Brand_Product_Size": "Mckenzie's Tapioca Flour 300g",
    "COL Price": 3.6,
    "COL ppu": "$12.00 per 1Kg",
    "COL Size": "300g"
  },
  {
    "Brand_Product_Size": "Movietime Microwave Caramel Popcorn 100g",
    "COL Price": 1.69,
    "COL ppu": "$1.69 per 100G",
    "COL Size": "100g"
  },
  {
    "Brand_Product_Size": "Sodastream Zeros Orange Mango Water 440mL",
    "COL Price": 4.8,
    "COL ppu": "$10.91 per 1L",
    "COL Size": "440mL"
  },
  {
    "Brand_Product_Size": "Coles Seafood Smoked Rainbow Trout approx. 350g",
    "COL Price": 9.8,
    "COL ppu": "$28.00 per 1Kg",
    "COL Size": "approx. 350g"
  },
  {
    "Brand_Product_Size": "La Ice Soft Drink Cola 2L",
    "COL Price": 1.6,
    "COL ppu": "$0.80 per 1L",
    "COL Size": "2L"
  },
  {
    "Brand_Product_Size": "Coles Thawed Seafood Marinara Mix approx. 250g",
    "COL Price": 3.375,
    "COL ppu": "$13.50 per 1Kg",
    "COL Size": "approx. 250g"
  },
  {
    "Brand_Product_Size": "Taste Traders Apricot & Pistachio Gourmet Crackers 100g",
    "COL Price": 3,
    "COL ppu": "$3.00 per 100G",
    "COL Size": "100g"
  },
  {
    "Brand_Product_Size": "Coles Mexican Chilli Beans 420g",
    "COL Price": 1.4,
    "COL ppu": "$3.33 per 1Kg",
    "COL Size": "420g"
  },
  {
    "Brand_Product_Size": "Coles Californian Walnuts 150g",
    "COL Price": 3.5,
    "COL ppu": "$2.33 per 100G",
    "COL Size": "150g"
  },
  {
    "Brand_Product_Size": "Mr Kipling French Fancies Selection Cakes 8 Pack 205g",
    "COL Price": 3,
    "COL ppu": "$1.46 per 100G",
    "COL Size": "205g"
  },
  {
    "Brand_Product_Size": "Coles Sweet Chilli And Lime Soy Crisps 400g",
    "COL Price": 6,
    "COL ppu": "$15.00 per 1Kg",
    "COL Size": "400g"
  },
  {
    "Brand_Product_Size": "Coles Kitchen Pull Apart Cheese And Garlic 340g",
    "COL Price": 4.5,
    "COL ppu": "$1.32 per 100G",
    "COL Size": "340g"
  },
  {
    "Brand_Product_Size": "Lilydale Free Range Chicken Breast Diced 1kg",
    "COL Price": 18,
    "COL ppu": "$18.00 per 1Kg",
    "COL Size": "1kg"
  },
  {
    "Brand_Product_Size": "Coles Dry Roasted Almonds 350g",
    "COL Price": 7,
    "COL ppu": "$20.00 per 1Kg",
    "COL Size": "350g"
  },
  {
    "Brand_Product_Size": "Coles Finest Provolone Margherita Pizza 370g",
    "COL Price": 5,
    "COL ppu": "$1.35 per 100G",
    "COL Size": "370g"
  },
  {
    "Brand_Product_Size": "Beechworth Australian Honey 1.5kg",
    "COL Price": 22,
    "COL ppu": "$14.67 per 1Kg",
    "COL Size": "1.5kg"
  },
  {
    "Brand_Product_Size": "Nivea Men Deep Anti-Blackhead Scrub 75mL",
    "COL Price": 9,
    "COL ppu": "$12.00 per 100mL",
    "COL Size": "75mL"
  },
  {
    "Brand_Product_Size": "OB Finest Sourdough Crispbread Fig 110g",
    "COL Price": 5,
    "COL ppu": "$4.55 per 100G",
    "COL Size": "110g"
  },
  {
    "Brand_Product_Size": "Maggie Beer Creamy Coconut Curry 270g",
    "COL Price": 7.5,
    "COL ppu": "$2.78 per 100G",
    "COL Size": "270g"
  },
  {
    "Brand_Product_Size": "Primo Rindless Shortcut Bacon approx. 250g",
    "COL Price": 4.25,
    "COL ppu": "$17.00 per 1Kg",
    "COL Size": "approx. 250g"
  },
  {
    "Brand_Product_Size": "Decor Match Ups Oblong Container 500ml each",
    "COL Price": 4,
    "COL ppu": "$4.00 per 1Ea",
    "COL Size": "each"
  },
  {
    "Brand_Product_Size": "Coles Kitchen BBQ Vegetable Medley 400g",
    "COL Price": 4,
    "COL ppu": "$1.00 per 100G",
    "COL Size": "400g"
  },
  {
    "Brand_Product_Size": "Ardell Natural Demi Wispies Black 1 pack",
    "COL Price": 11,
    "COL ppu": "$11.00 per 1Ea",
    "COL Size": "1 pack"
  },
  {
    "Brand_Product_Size": "Beauty Bites White Choc Raspberry 32g",
    "COL Price": 4,
    "COL ppu": "$12.50 per 100G",
    "COL Size": "32g"
  },
  {
    "Brand_Product_Size": "Campbell's V8 Juice Healthy Apple 1.25L",
    "COL Price": 4.6,
    "COL ppu": "$3.68 per 1L",
    "COL Size": "1.25L"
  },
  {
    "Brand_Product_Size": "Coles Pineapple In Juice 695g",
    "COL Price": 3.5,
    "COL ppu": "$0.50 per 100G",
    "COL Size": "695g"
  },
  {
    "Brand_Product_Size": "Mainland On The Go Lunch Pack Cheese & Balsamic Beetroot 110g",
    "COL Price": 5,
    "COL ppu": "",
    "COL Size": "110g"
  },
  {
    "Brand_Product_Size": "Snickers Chocolate Medium Party Share Bag 12 piece 216g",
    "COL Price": 5,
    "COL ppu": "$2.31 per 100G",
    "COL Size": "216g"
  },
  {
    "Brand_Product_Size": "Hask Argan Oil Pump Spray 59mL",
    "COL Price": 15,
    "COL ppu": "$25.42 per 100mL",
    "COL Size": "59mL"
  },
  {
    "Brand_Product_Size": "Nature's Way Super Foods Raw Organic Cacao Powder 125g",
    "COL Price": 8,
    "COL ppu": "$6.40 per 100G",
    "COL Size": "125g"
  },
  {
    "Brand_Product_Size": "Moccona Mocha Kenya Style Rich & Exotic Instant Coffee 200g",
    "COL Price": 13,
    "COL ppu": "$6.50 per 100G",
    "COL Size": "200g"
  },
  {
    "Brand_Product_Size": "Oates Window Washer each",
    "COL Price": 12.55,
    "COL ppu": "$12.55 per 1Ea",
    "COL Size": "each"
  },
  {
    "Brand_Product_Size": "Coles Nature's Kitchen Firm Tofu 450g",
    "COL Price": 3.75,
    "COL ppu": "$0.83 per 100G",
    "COL Size": "450g"
  },
  {
    "Brand_Product_Size": "Sabco Latex Heavy Duty Gloves Medium 1 pack",
    "COL Price": 3,
    "COL ppu": "$3.00 per 1Ea",
    "COL Size": "1 pack"
  },
  {
    "Brand_Product_Size": "Nexba Green Apple & Ginger Sparkling Switchel Multipack Bottles 330mL 4 pack",
    "COL Price": 8.6,
    "COL ppu": "$6.52 per 1L",
    "COL Size": "4 pack"
  },
  {
    "Brand_Product_Size": "Coles Finest Pork Sausages Blended With Apple & Cider 500g",
    "COL Price": 7.5,
    "COL ppu": "$1.50 per 100G",
    "COL Size": "500g"
  },
  {
    "Brand_Product_Size": "Sakata Chicken Rice Crackers 100g",
    "COL Price": 2,
    "COL ppu": "$2.00 per 100G",
    "COL Size": "100g"
  },
  {
    "Brand_Product_Size": "Atkins Day Break Cappucino Snack Bars 5 pack",
    "COL Price": 11.5,
    "COL ppu": "$6.22 per 100G",
    "COL Size": "5 pack"
  },
  {
    "Brand_Product_Size": "Heinz Mango & Vanilla Custard Pouch 8M+ 120g",
    "COL Price": 1.5,
    "COL ppu": "$1.25 per 100G",
    "COL Size": "120g"
  },
  {
    "Brand_Product_Size": "Britannia Milk Rusk Biscotte 560g",
    "COL Price": 5,
    "COL ppu": "$0.89 per 100G",
    "COL Size": "560g"
  },
  {
    "Brand_Product_Size": "Coles Bake & Create Milk Chocolate Block 200g",
    "COL Price": 2.5,
    "COL ppu": "$1.25 per 100G",
    "COL Size": "200g"
  },
  {
    "Brand_Product_Size": "Celebrate Health Recipe Base Tomato Basil Pasta Sauce 175g",
    "COL Price": 3.5,
    "COL ppu": "$2.00 per 100G",
    "COL Size": "175g"
  },
  {
    "Brand_Product_Size": "Pop Tops Apple Fruit Drink Multipack 250mL 6 pack",
    "COL Price": 4.9,
    "COL ppu": "$0.82 per 1Ea",
    "COL Size": "6 pack"
  },
  {
    "Brand_Product_Size": "Ardmona Rich & Thick Tomatoes With Herbs 410g",
    "COL Price": 1.8,
    "COL ppu": "$4.39 per 1Kg",
    "COL Size": "410g"
  },
  {
    "Brand_Product_Size": "Hoyts Italian Herb Mix 35g",
    "COL Price": 2.6,
    "COL ppu": "$0.74 per 10G",
    "COL Size": "35g"
  },
  {
    "Brand_Product_Size": "Vitasoy Oat Barista Milk 1L",
    "COL Price": 4,
    "COL ppu": "$4.00 per 1L",
    "COL Size": "1L"
  },
  {
    "Brand_Product_Size": "Lock & Lock Eco Rectangle Tall Container 1.3L 1 pack",
    "COL Price": 10,
    "COL ppu": "$10.00 per 1Ea",
    "COL Size": "1 pack"
  },
  {
    "Brand_Product_Size": "Dine Saucy Morsels With Salmon Wet Cat Food Tray 85g",
    "COL Price": 1.15,
    "COL ppu": "$1.35 per 100G",
    "COL Size": "85g"
  },
  {
    "Brand_Product_Size": "Jalna Pouch Of Purity Organic Vanilla Yoghurt 100g",
    "COL Price": 1,
    "COL ppu": "$1.00 per 100G",
    "COL Size": "100g"
  },
  {
    "Brand_Product_Size": "Eurocake Pound Cake Chocolate Sliced 220g",
    "COL Price": 4.3,
    "COL ppu": "$1.95 per 100G",
    "COL Size": "220g"
  },
  {
    "Brand_Product_Size": "T2 Gorgeous Geisha Flavoured Green Tea Bags 25 pack 50g",
    "COL Price": 16,
    "COL ppu": "$32.00 per 100G",
    "COL Size": "50g"
  },
  {
    "Brand_Product_Size": "Lean Cuisine Frozen Wholegrains Mexican Chicken & Rice Steam Meal 350g",
    "COL Price": 6.7,
    "COL ppu": "$1.91 per 100G",
    "COL Size": "350g"
  },
  {
    "Brand_Product_Size": "Coles Milk Bottles 200g",
    "COL Price": 2,
    "COL ppu": "$1.00 per 100G",
    "COL Size": "200g"
  },
  {
    "Brand_Product_Size": "Exelpet Fleaban House & Carpet Spray 375mL",
    "COL Price": 17.8,
    "COL ppu": "$47.47 per 1L",
    "COL Size": "375mL"
  },
  {
    "Brand_Product_Size": "The Spice Tailor Spicy Tarka Lentil Daal 500g",
    "COL Price": 5.5,
    "COL ppu": "$1.10 per 100G",
    "COL Size": "500g"
  },
  {
    "Brand_Product_Size": "Coles Spring Water 1.5L 8 pack",
    "COL Price": 6.3,
    "COL ppu": "$0.53 per 1L",
    "COL Size": "8 pack"
  },
  {
    "Brand_Product_Size": "Cook & Dine Ice Cube Tray each",
    "COL Price": 2,
    "COL ppu": "$2.00 per 1Ea",
    "COL Size": "each"
  },
  {
    "Brand_Product_Size": "Tip Top Multigrain English Muffins 6 Pack 400g",
    "COL Price": 2.5,
    "COL ppu": "$0.63 per 100G",
    "COL Size": "400g"
  },
  {
    "Brand_Product_Size": "Coles Garlic Popcorn Prawns 180g",
    "COL Price": 5,
    "COL ppu": "$2.78 per 100G",
    "COL Size": "180g"
  },
  {
    "Brand_Product_Size": "Revlon Colorstay Pressed Powder Light Medium 8.4g",
    "COL Price": 17.5,
    "COL ppu": "$20.83 per 10G",
    "COL Size": "8.4g"
  },
  {
    "Brand_Product_Size": "Queen Designer Icing White 140g",
    "COL Price": 4,
    "COL ppu": "$2.86 per 100G",
    "COL Size": "140g"
  },
  {
    "Brand_Product_Size": "Cook & Dine Turner each",
    "COL Price": 2,
    "COL ppu": "$2.00 per 1Ea",
    "COL Size": "each"
  },
  {
    "Brand_Product_Size": "Coles Kitchen Beef Massaman Curry With Rice 350g",
    "COL Price": 6.5,
    "COL ppu": "$1.86 per 100G",
    "COL Size": "350g"
  },
  {
    "Brand_Product_Size": "Bellamy's Organic Banana Custard With Flaxseed  6 + Months 120g",
    "COL Price": 2,
    "COL ppu": "$1.67 per 100G",
    "COL Size": "120g"
  },
  {
    "Brand_Product_Size": "Pro:Voke Touch Of Silver Leave-in Conditioner 150mL",
    "COL Price": 10,
    "COL ppu": "$6.67 per 100mL",
    "COL Size": "150mL"
  },
  {
    "Brand_Product_Size": "Haagen-Dazs Strawberries & Cream Ice Cream Tub 457mL",
    "COL Price": 7,
    "COL ppu": "$1.53 per 100mL",
    "COL Size": "457mL"
  },
  {
    "Brand_Product_Size": "Coles Lasagne Sheets 375g",
    "COL Price": 2.9,
    "COL ppu": "$0.77 per 100G",
    "COL Size": "375g"
  },
  {
    "Brand_Product_Size": "Scotts Osmocote Plus Organics Plant Food 800g",
    "COL Price": 8.92,
    "COL ppu": "$1.12 per 100G",
    "COL Size": "800g"
  },
  {
    "Brand_Product_Size": "Chris' Heritage Vintage Cheddar & Caramelised Onion Savoury Dip 170g",
    "COL Price": 8,
    "COL ppu": "$4.71 per 100G",
    "COL Size": "170g"
  },
  {
    "Brand_Product_Size": "Normandie Chicken With Cognac Pate 150g",
    "COL Price": 4.5,
    "COL ppu": "$3.00 per 100G",
    "COL Size": "150g"
  },
  {
    "Brand_Product_Size": "Lindt Caramel Square Milk Bag 124g",
    "COL Price": 6,
    "COL ppu": "$4.84 per 100G",
    "COL Size": "124g"
  },
  {
    "Brand_Product_Size": "L'Oreal Paris Excellence 3 Darkest Brown Hair Colour 1 pack",
    "COL Price": 20,
    "COL ppu": "$20.00 per 1Ea",
    "COL Size": "1 pack"
  },
  {
    "Brand_Product_Size": "India Gate Sella Basmati Rice 5kg",
    "COL Price": 21,
    "COL ppu": "$4.20 per 1Kg",
    "COL Size": "5kg"
  },
  {
    "Brand_Product_Size": "V Energy Drink Original Sugar Free 4 x 275ml cans 4 pack",
    "COL Price": 9.95,
    "COL ppu": "$9.05 per 1L",
    "COL Size": "4 pack"
  },
  {
    "Brand_Product_Size": "Primo Traditional Bacon Pieces approx. 250g",
    "COL Price": 2.75,
    "COL ppu": "$11.00 per 1Kg",
    "COL Size": "approx. 250g"
  },
  {
    "Brand_Product_Size": "Tilda Steamed Pure Basmati Rice 250g",
    "COL Price": 3.4,
    "COL ppu": "$1.36 per 100G",
    "COL Size": "250g"
  },
  {
    "Brand_Product_Size": "L'Oreal Paris True Match Creamy Beige 3N Foundation 30mL",
    "COL Price": 21,
    "COL ppu": "$7.00 per 10mL",
    "COL Size": "30mL"
  },
  {
    "Brand_Product_Size": "Carman's Classic Fruit & Nut Muesli Bars 12 pack 540g",
    "COL Price": 9,
    "COL ppu": "$1.67 per 100G",
    "COL Size": "540g"
  },
  {
    "Brand_Product_Size": "Rimmel Lasting Matte Finish Foundation True Ivory103 30mL",
    "COL Price": 10.8,
    "COL ppu": "$36.00 per 100mL",
    "COL Size": "30mL"
  },
  {
    "Brand_Product_Size": "Head & Shoulders Clean & Balanced Shampoo 660mL",
    "COL Price": 17,
    "COL ppu": "$2.58 per 100mL",
    "COL Size": "660mL"
  },
  {
    "Brand_Product_Size": "Coles Microgreens Basil Purple each",
    "COL Price": 3,
    "COL ppu": "$3.00 per 1Ea",
    "COL Size": "each"
  },
  {
    "Brand_Product_Size": "Baby Bellies Organic Sweet Potato Pick-Up Sticks 16g",
    "COL Price": 3.5,
    "COL ppu": "$21.88 per 100G",
    "COL Size": "16g"
  },
  {
    "Brand_Product_Size": "Swisse Hemp Seed Oil + Tumeric 60 pack",
    "COL Price": 25,
    "COL ppu": "",
    "COL Size": "60 pack"
  },
  {
    "Brand_Product_Size": "Herbert Adams Quiche Bacon Chedder Zucchini 700g",
    "COL Price": 14,
    "COL ppu": "$2.00 per 100G",
    "COL Size": "700g"
  },
  {
    "Brand_Product_Size": "Kettle Sea Salt Potato Chips 175g",
    "COL Price": 4.65,
    "COL ppu": "$2.66 per 100G",
    "COL Size": "175g"
  },
  {
    "Brand_Product_Size": "Simply Wize Gluten Free Gnocchi 500g",
    "COL Price": 4.95,
    "COL ppu": "$0.99 per 100G",
    "COL Size": "500g"
  },
  {
    "Brand_Product_Size": "Coles USB-A To Micro USB Cable 1M White 1 pack",
    "COL Price": 10,
    "COL ppu": "$10.00 per 1ea",
    "COL Size": "1 pack"
  },
  {
    "Brand_Product_Size": "Bulla Crunch Multi Flavoured Ice Cream Sticks 8 pack 631mL",
    "COL Price": 7,
    "COL ppu": "$1.11 per 100mL",
    "COL Size": "631mL"
  },
  {
    "Brand_Product_Size": "Nivea Lemongrass & Oil Shower Gel & Body Wash 500mL",
    "COL Price": 8,
    "COL ppu": "$1.60 per 100mL",
    "COL Size": "500mL"
  },
  {
    "Brand_Product_Size": "Arkadia Chai Tea Low Sugar 240g",
    "COL Price": 6.5,
    "COL ppu": "$2.71 per 100G",
    "COL Size": "240g"
  },
  {
    "Brand_Product_Size": "Coles Feijoas each",
    "COL Price": 1.5,
    "COL ppu": "$1.50 per 1Ea",
    "COL Size": "each"
  },
  {
    "Brand_Product_Size": "Whole Earth Baking 100% Natural Sweetener 600g",
    "COL Price": 14.7,
    "COL ppu": "$2.45 per 100G",
    "COL Size": "600g"
  },
  {
    "Brand_Product_Size": "Vo5 Style Wax Mega Hold Gel Tube 175mL",
    "COL Price": 4,
    "COL ppu": "$2.29 per 100mL",
    "COL Size": "175mL"
  },
  {
    "Brand_Product_Size": "Plantly Revive Enhanced Water + Juice Raspberry & Hibiscus Flavour 1.25L",
    "COL Price": 3.5,
    "COL ppu": "$2.80 per 1L",
    "COL Size": "1.25L"
  },
  {
    "Brand_Product_Size": "Cook & Dine Utility Knife each",
    "COL Price": 3,
    "COL ppu": "$3.00 per 1Ea",
    "COL Size": "each"
  },
  {
    "Brand_Product_Size": "Scholastic Learning Express Workbook Level L2 Ages 7-8 each",
    "COL Price": 5,
    "COL ppu": "$5.00 per 1Ea",
    "COL Size": "each"
  },
  {
    "Brand_Product_Size": "Dare Double Espresso Iced Coffee Flavoured Milk 500mL",
    "COL Price": 2.6,
    "COL ppu": "$5.20 per 1L",
    "COL Size": "500mL"
  },
  {
    "Brand_Product_Size": "King Island Dairy Camembert Cove approx. 100g",
    "COL Price": 6,
    "COL ppu": "$60.00 per 1Kg",
    "COL Size": "approx. 100g"
  },
  {
    "Brand_Product_Size": "Five:AM Organic Vanilla Bean Yoghurt 170g",
    "COL Price": 2.6,
    "COL ppu": "$1.53 per 100G",
    "COL Size": "170g"
  },
  {
    "Brand_Product_Size": "Wai Wai Crab Flavoured Instant Noodles 55g",
    "COL Price": 0.65,
    "COL ppu": "$1.18 per 100G",
    "COL Size": "55g"
  },
  {
    "Brand_Product_Size": "Coles Bakery Stone Baked By Laurent Mini White Sourdough Vienna each",
    "COL Price": 2.85,
    "COL ppu": "$2.85 per 1Ea",
    "COL Size": "each"
  },
  {
    "Brand_Product_Size": "Sabco Ultra Grab Duster each",
    "COL Price": 8.5,
    "COL ppu": "$8.50 per 1Ea",
    "COL Size": "each"
  },
  {
    "Brand_Product_Size": "Coles Tampons Super 32 pack",
    "COL Price": 3.5,
    "COL ppu": "$0.11 per 1Ea",
    "COL Size": "32 pack"
  },
  {
    "Brand_Product_Size": "Freedom Foods Gluten Free Muesli 500g",
    "COL Price": 6.5,
    "COL ppu": "$1.30 per 100G",
    "COL Size": "500g"
  },
  {
    "Brand_Product_Size": "MasterFoods Saffron 0.5g",
    "COL Price": 7.1,
    "COL ppu": "$142.00 per 10G",
    "COL Size": "0.5g"
  },
  {
    "Brand_Product_Size": "Vitasoy Soy Milky Regular Long Life Milk 1L 1L",
    "COL Price": 2.45,
    "COL ppu": "$2.45 per 1L",
    "COL Size": "1L"
  },
  {
    "Brand_Product_Size": "Mersey Valley Original Cheddar Cheese 180g",
    "COL Price": 4.7,
    "COL ppu": "$26.11 per 1Kg",
    "COL Size": "180g"
  },
  {
    "Brand_Product_Size": "OB Finest Natural Sourdough Crispbread 110g",
    "COL Price": 5,
    "COL ppu": "$4.55 per 100G",
    "COL Size": "110g"
  },
  {
    "Brand_Product_Size": "Hershey's Chocolate Flavor Syrup 680g",
    "COL Price": 4,
    "COL ppu": "$0.59 per 100G",
    "COL Size": "680g"
  },
  {
    "Brand_Product_Size": "Blackmores Lutein Defence Tablets 60 pack",
    "COL Price": 41.5,
    "COL ppu": "$69.17 per 100Ea",
    "COL Size": "60 pack"
  },
  {
    "Brand_Product_Size": "Kirks Sugar Free Lemonade 1.25L",
    "COL Price": 1.15,
    "COL ppu": "$0.92 per 1L",
    "COL Size": "1.25L"
  },
  {
    "Brand_Product_Size": "Red  Bull Winter Edition 250mL",
    "COL Price": 3,
    "COL ppu": "$12.00 per 1L",
    "COL Size": "250mL"
  },
  {
    "Brand_Product_Size": "Berocca Energy Vitamin Mango & Orange 30 Effervescent Tablets 1 pack",
    "COL Price": 17.3,
    "COL ppu": "$17.30 per 1Ea",
    "COL Size": "1 pack"
  },
  {
    "Brand_Product_Size": "Sony Entry Overhead Monitor Headphone 1 pack",
    "COL Price": 35,
    "COL ppu": "$35.00 per 1Ea",
    "COL Size": "1 pack"
  },
  {
    "Brand_Product_Size": "Mirabella LED Globe GLS Edison Screw 9 watt Cool White each",
    "COL Price": 8,
    "COL ppu": "$8.00 per 1Ea",
    "COL Size": "each"
  },
  {
    "Brand_Product_Size": "Coles Chicken Cheese Burgers 500g",
    "COL Price": 7.5,
    "COL ppu": "$1.50 per 100G",
    "COL Size": "500g"
  },
  {
    "Brand_Product_Size": "Coles Jumbo Chalk Assorted 10 pack",
    "COL Price": 2.5,
    "COL ppu": "$0.25 per 1Ea",
    "COL Size": "10 pack"
  },
  {
    "Brand_Product_Size": "Coles Kitchen Pumpkin & Chickpea Stew 700g",
    "COL Price": 12,
    "COL ppu": "$1.71 per 100G",
    "COL Size": "700g"
  },
  {
    "Brand_Product_Size": "Coles Finest British Oak Smoked Cheddar approx. 100g",
    "COL Price": 4,
    "COL ppu": "$40.00 per 1Kg",
    "COL Size": "approx. 100g"
  },
  {
    "Brand_Product_Size": "Revlon Volume + Length Magnified Mascara Blackest Black 8.5mL",
    "COL Price": 11,
    "COL ppu": "$12.94 per 10mL",
    "COL Size": "8.5mL"
  },
  {
    "Brand_Product_Size": "Mother's Day Mum & Me Mug Set each",
    "COL Price": 6,
    "COL ppu": "$6.00 per 1Ea",
    "COL Size": "each"
  },
  {
    "Brand_Product_Size": "Modo Ecoliving Recycled Coloured Pencils 12 pack",
    "COL Price": 3.2,
    "COL ppu": "$0.27 per 1Ea",
    "COL Size": "12 pack"
  },
  {
    "Brand_Product_Size": "Steggles Frozen Crumbed Chicken Breast Nuggets 400g",
    "COL Price": 5,
    "COL ppu": "$12.50 per 1Kg",
    "COL Size": "400g"
  },
  {
    "Brand_Product_Size": "Erawan Rice Sticks Red Large Noodles 375g",
    "COL Price": 2.1,
    "COL ppu": "$0.56 per 100G",
    "COL Size": "375g"
  },
  {
    "Brand_Product_Size": "MasterFoods Slow Cooker Garlic & Herb Lamb Shanks Recipe Base 175g",
    "COL Price": 2.2,
    "COL ppu": "$1.26 per 100G",
    "COL Size": "175g"
  },
  {
    "Brand_Product_Size": "Coles Mexican Style Tuna 95g",
    "COL Price": 0.9,
    "COL ppu": "$0.95 per 100G",
    "COL Size": "95g"
  },
  {
    "Brand_Product_Size": "Coles Ultra Disinfectant Bleach Cleaner 1.25L",
    "COL Price": 2.3,
    "COL ppu": "$0.18 per 100mL",
    "COL Size": "1.25L"
  },
  {
    "Brand_Product_Size": "Joiner Coconut Drink 320mL",
    "COL Price": 1.6,
    "COL ppu": "$0.50 per 100mL",
    "COL Size": "320mL"
  },
  {
    "Brand_Product_Size": "Bega Cream Cheese Spread Original 500g",
    "COL Price": 6.5,
    "COL ppu": "$13.00 per 1Kg",
    "COL Size": "500g"
  },
  {
    "Brand_Product_Size": "Hoyts Mint Leaves 10g",
    "COL Price": 2,
    "COL ppu": "$2.00 per 10G",
    "COL Size": "10g"
  },
  {
    "Brand_Product_Size": "Holbrooks Worcestershire Sauce 500mL",
    "COL Price": 4.5,
    "COL ppu": "$0.90 per 100mL",
    "COL Size": "500mL"
  },
  {
    "Brand_Product_Size": "Lindt Lindo White Chocolate Block 100g",
    "COL Price": 4.5,
    "COL ppu": "$4.50 per 100G",
    "COL Size": "100g"
  },
  {
    "Brand_Product_Size": "Darikay Chicken And Corn Soup 550g",
    "COL Price": 6.5,
    "COL ppu": "$1.18 per 100G",
    "COL Size": "550g"
  },
  {
    "Brand_Product_Size": "Pauls Zymil Light Thickened Cream 300mL",
    "COL Price": 3.35,
    "COL ppu": "$1.12 per 100mL",
    "COL Size": "300mL"
  },
  {
    "Brand_Product_Size": "Ferrero Rocher Heart Chocolate Gift Box 8 Pieces 100g",
    "COL Price": 12,
    "COL ppu": "$12.00 per 100G",
    "COL Size": "100g"
  },
  {
    "Brand_Product_Size": "Vileda Easy Wring & Clean Mop Set each",
    "COL Price": 48.75,
    "COL ppu": "$48.75 per 1Ea",
    "COL Size": "each"
  },
  {
    "Brand_Product_Size": "Hedys Quiche Leek Bacon 1.1kg",
    "COL Price": 13.5,
    "COL ppu": "$1.23 per 100G",
    "COL Size": "1.1kg"
  },
  {
    "Brand_Product_Size": "Nicabate Extra Fresh Mint Nicotine Chewing Gum 2mg 200 pack",
    "COL Price": 40,
    "COL ppu": "$0.20 per 1Ea",
    "COL Size": "200 pack"
  },
  {
    "Brand_Product_Size": "Maybelline Fit Me #220 Natural Beige Foundation 30mL",
    "COL Price": 15.4,
    "COL ppu": "$5.13 per 10mL",
    "COL Size": "30mL"
  },
  {
    "Brand_Product_Size": "Nicabate Minis Quit Smoking Lozenge 4mg 20 pack",
    "COL Price": 12.8,
    "COL ppu": "$0.64 per 1Ea",
    "COL Size": "20 pack"
  },
  {
    "Brand_Product_Size": "Explorer Womens Lightweight Cotton Crew L1757W Size 8-11 1 pack",
    "COL Price": 14,
    "COL ppu": "$14.00 per 1Ea",
    "COL Size": "1 pack"
  },
  {
    "Brand_Product_Size": "Kurrajong Crackers Poppy Sesame Bite Size 25g",
    "COL Price": 1,
    "COL ppu": "$4.00 per 100G",
    "COL Size": "25g"
  },
  {
    "Brand_Product_Size": "Borgs Frozen Puff Pastry Sheets 1.7kg",
    "COL Price": 6.8,
    "COL ppu": "$0.40 per 100G",
    "COL Size": "1.7kg"
  },
  {
    "Brand_Product_Size": "Coles Sandwich Tuna In Brine 95g",
    "COL Price": 0.9,
    "COL ppu": "$9.47 per 1Kg",
    "COL Size": "95g"
  },
  {
    "Brand_Product_Size": "Nissin Ramen Tokyo Shoyu Noodles 5 Pack 530g",
    "COL Price": 6.75,
    "COL ppu": "$1.27 per 100G",
    "COL Size": "530g"
  },
  {
    "Brand_Product_Size": "Dodoni Halloumi Cyprus Cheese 225g",
    "COL Price": 5.5,
    "COL ppu": "$2.44 per 100G",
    "COL Size": "225g"
  },
  {
    "Brand_Product_Size": "Coles Deli Mortadella approx. 125g",
    "COL Price": 1.25,
    "COL ppu": "$10.00 per 1Kg",
    "COL Size": "approx. 125g"
  },
  {
    "Brand_Product_Size": "Guzzi's Pappardelle Pasta 375g",
    "COL Price": 4,
    "COL ppu": "$1.07 per 100G",
    "COL Size": "375g"
  },
  {
    "Brand_Product_Size": "Indomie Fried Mi Goreng Instant Noodles 5 Pack 85g",
    "COL Price": 2.75,
    "COL ppu": "$0.65 per 100G",
    "COL Size": "85g"
  },
  {
    "Brand_Product_Size": "Maybelline Superstay 24Hr Concealer 15 Light 7mL",
    "COL Price": 11,
    "COL ppu": "$15.71 per 10mL",
    "COL Size": "7mL"
  },
  {
    "Brand_Product_Size": "Red Rock Deli Sea Salt Potato Chips 165g",
    "COL Price": 3,
    "COL ppu": "$1.82 per 100G",
    "COL Size": "165g"
  },
  {
    "Brand_Product_Size": "Doritos Hot Salsa 300g",
    "COL Price": 2.5,
    "COL ppu": "$0.83 per 100G",
    "COL Size": "300g"
  },
  {
    "Brand_Product_Size": "Lavazza Cafe Italiano Classico Ground 250g",
    "COL Price": 7.5,
    "COL ppu": "$3.00 per 100G",
    "COL Size": "250g"
  },
  {
    "Brand_Product_Size": "Coles Organic Full Cream Milk 1L",
    "COL Price": 1.9,
    "COL ppu": "$1.90 per 1L",
    "COL Size": "1L"
  },
  {
    "Brand_Product_Size": "Coles Sleeved Basil each",
    "COL Price": 2.98,
    "COL ppu": "$2.98 per 1Ea",
    "COL Size": "each"
  },
  {
    "Brand_Product_Size": "Essano Rosehip Collagen Repair Night Crme 50mL",
    "COL Price": 25,
    "COL ppu": "$50.00 per 100mL",
    "COL Size": "50mL"
  },
  {
    "Brand_Product_Size": "Palmer's Cocoa Butter Lotion 400mL",
    "COL Price": 10,
    "COL ppu": "$2.50 per 100mL",
    "COL Size": "400mL"
  },
  {
    "Brand_Product_Size": "Optimum Dog Food Lamb And Rice 6 pack",
    "COL Price": 8.75,
    "COL ppu": "$1.46 per 100G",
    "COL Size": "6 pack"
  },
  {
    "Brand_Product_Size": "Pantene Micellar Rose Water Conditioner 300mL",
    "COL Price": 13,
    "COL ppu": "$4.33 per 100mL",
    "COL Size": "300mL"
  },
  {
    "Brand_Product_Size": "Purr Chicken Calming Cat Treat 50g",
    "COL Price": 4,
    "COL ppu": "$8.00 per 100G",
    "COL Size": "50g"
  },
  {
    "Brand_Product_Size": "Schwarzkopf Extra Care Volume Styling Mousse 150g",
    "COL Price": 5.1,
    "COL ppu": "$3.40 per 100G",
    "COL Size": "150g"
  },
  {
    "Brand_Product_Size": "Gillette Proglide Red Power Razor 1 pack",
    "COL Price": 20,
    "COL ppu": "$20.00 per 1Ea",
    "COL Size": "1 pack"
  },
  {
    "Brand_Product_Size": "Coles RSPCA Approved Chicken Thigh Fillets Large Pack approx. 1.2kg each",
    "COL Price": 14.4,
    "COL ppu": "$12.00 per 1Kg",
    "COL Size": "approx. 1.2kg each"
  },
  {
    "Brand_Product_Size": "Grin Kids Bio Toothbrush Orange 1 pack",
    "COL Price": 5,
    "COL ppu": "$5.00 per 1Ea",
    "COL Size": "1 pack"
  },
  {
    "Brand_Product_Size": "Maynards Wine Pastilles 160g",
    "COL Price": 4.45,
    "COL ppu": "$2.78 per 100G",
    "COL Size": "160g"
  },
  {
    "Brand_Product_Size": "CUB Nappy Pants Junior Size 6 Jumbo 42 pack",
    "COL Price": 16,
    "COL ppu": "$0.38 per 1Ea",
    "COL Size": "42 pack"
  },
  {
    "Brand_Product_Size": "SPC Baked Beans in BBQ Sauce 4 pack 220g",
    "COL Price": 5,
    "COL ppu": "$0.57 per 100G",
    "COL Size": "220g"
  },
  {
    "Brand_Product_Size": "Dilmah Chamomile Tea Bags 10 pack",
    "COL Price": 2,
    "COL ppu": "$0.20 per 1Ea",
    "COL Size": "10 pack"
  },
  {
    "Brand_Product_Size": "Moccona Indulgence Speciality Blend Coffee 200g",
    "COL Price": 16,
    "COL ppu": "$8.00 per 100G",
    "COL Size": "200g"
  },
  {
    "Brand_Product_Size": "Softmed 3ply Surgical Face Masks 10 pack",
    "COL Price": 12,
    "COL ppu": "$1.20 per 1Ea",
    "COL Size": "10 pack"
  },
  {
    "Brand_Product_Size": "Coles Thawed Seafood Garlic Prawn Skewers 5 pack",
    "COL Price": 7.5,
    "COL ppu": "$1.50 per 1Ea",
    "COL Size": "5 pack"
  },
  {
    "Brand_Product_Size": "Capi Premium Sparkling Mineral Water Bottle 750mL",
    "COL Price": 2.65,
    "COL ppu": "$3.53 per 1L",
    "COL Size": "750mL"
  },
  {
    "Brand_Product_Size": "Schwarzkopf Live Salon Dark Brown Hair Colour 1 pack",
    "COL Price": 7,
    "COL ppu": "$7.00 per 1Ea",
    "COL Size": "1 pack"
  },
  {
    "Brand_Product_Size": "Schweppes Lemonade Multipack Cans 375mL 24 pack",
    "COL Price": 24.55,
    "COL ppu": "$2.73 per 1L",
    "COL Size": "24 pack"
  },
  {
    "Brand_Product_Size": "L'Oreal Paris Wrinkle Expert 45+ Night Cream 50mL",
    "COL Price": 15,
    "COL ppu": "$30.00 per 100mL",
    "COL Size": "50mL"
  },
  {
    "Brand_Product_Size": "Hillmark Kleen Stainless Steel Cleaner 250mL",
    "COL Price": 6.75,
    "COL ppu": "$2.70 per 100mL",
    "COL Size": "250mL"
  },
  {
    "Brand_Product_Size": "Vitapet Soft Chicken Tenders Dog Treats 100g",
    "COL Price": 7.4,
    "COL ppu": "$7.40 per 100G",
    "COL Size": "100g"
  },
  {
    "Brand_Product_Size": "Vitapet Duck Tenders Dog Treat 100g",
    "COL Price": 7.4,
    "COL ppu": "$7.40 per 100G",
    "COL Size": "100g"
  },
  {
    "Brand_Product_Size": "Wrigley's Eclipse Sugar Free Intense Mints Large Tin 40g",
    "COL Price": 3,
    "COL ppu": "$7.50 per 100G",
    "COL Size": "40g"
  },
  {
    "Brand_Product_Size": "Food For Health Choc & Cherry Clusters 425g",
    "COL Price": 8,
    "COL ppu": "$1.88 per 100G",
    "COL Size": "425g"
  },
  {
    "Brand_Product_Size": "Palmolive Eco Dishwashing Liquid Coconut & Lime 450mL",
    "COL Price": 4,
    "COL ppu": "$0.89 per 100mL",
    "COL Size": "450mL"
  },
  {
    "Brand_Product_Size": "Queen Organic Vanilla Essence 100mL",
    "COL Price": 7,
    "COL ppu": "$0.70 per 10mL",
    "COL Size": "100mL"
  },
  {
    "Brand_Product_Size": "Swisse Ultiboost Mega B + Tablets 60 pack",
    "COL Price": 42,
    "COL ppu": "$70.00 per 100Ea",
    "COL Size": "60 pack"
  },
  {
    "Brand_Product_Size": "Thursday Plantation Tea Tree Oil 100% 15mL",
    "COL Price": 7.5,
    "COL ppu": "$50.00 per 100mL",
    "COL Size": "15mL"
  },
  {
    "Brand_Product_Size": "Pauls Vanilla Custard Pouch 140g",
    "COL Price": 2,
    "COL ppu": "$1.43 per 100G",
    "COL Size": "140g"
  },
  {
    "Brand_Product_Size": "Pyrex Cook & Go Rectangular Storage Dish 0.8L each",
    "COL Price": 11.2,
    "COL ppu": "$11.20 per 1Ea",
    "COL Size": "each"
  },
  {
    "Brand_Product_Size": "Lindt Nuxor Milk Ballotin 165g",
    "COL Price": 10,
    "COL ppu": "$6.06 per 100G",
    "COL Size": "165g"
  },
  {
    "Brand_Product_Size": "Coca-Cola Classic Coke 1L",
    "COL Price": 4.2,
    "COL ppu": "$4.20 per 1L",
    "COL Size": "1L"
  },
  {
    "Brand_Product_Size": "Happy Snack Company Roasted Chickpeas Dark Choc 5 Pack 100g",
    "COL Price": 4.2,
    "COL ppu": "$4.20 per 100G",
    "COL Size": "100g"
  },
  {
    "Brand_Product_Size": "Purina Felix Sensations Jellies Cat Food  85g 12 pack",
    "COL Price": 11.5,
    "COL ppu": "$11.27 per 1Kg",
    "COL Size": "12 pack"
  },
  {
    "Brand_Product_Size": "Scunci Detangle Shower Brush 1 pack",
    "COL Price": 8,
    "COL ppu": "$8.00 per 1Ea",
    "COL Size": "1 pack"
  },
  {
    "Brand_Product_Size": "Dettol Healthy Clean Multipurpose Cleaner Trigger Spray Crisp Apple 500mL",
    "COL Price": 4,
    "COL ppu": "$0.80 per 100mL",
    "COL Size": "500mL"
  },
  {
    "Brand_Product_Size": "Bsc Whey Protein Chocolate Flavoured 400g",
    "COL Price": 23,
    "COL ppu": "$5.75 per 100G",
    "COL Size": "400g"
  },
  {
    "Brand_Product_Size": "Coles Simply Dog Heat Transfer Collar Med 1 pack",
    "COL Price": 11,
    "COL ppu": "$11.00 per 1Ea",
    "COL Size": "1 pack"
  },
  {
    "Brand_Product_Size": "Coles Melting Moments Lemon 6 pack 200g",
    "COL Price": 5,
    "COL ppu": "$2.50 per 100G",
    "COL Size": "200g"
  },
  {
    "Brand_Product_Size": "Black Swan Olive Dip 200g",
    "COL Price": 3.5,
    "COL ppu": "$1.75 per 100G",
    "COL Size": "200g"
  },
  {
    "Brand_Product_Size": "Coles Vintage British Cheddar 200g",
    "COL Price": 4.5,
    "COL ppu": "$22.50 per 1Kg",
    "COL Size": "200g"
  },
  {
    "Brand_Product_Size": "Kez's Kitchen Gluten Free Raspberry Melting Moments 190g",
    "COL Price": 7,
    "COL ppu": "$3.68 per 100G",
    "COL Size": "190g"
  },
  {
    "Brand_Product_Size": "Salvital Lemon Effervescent Powder 375g",
    "COL Price": 7.5,
    "COL ppu": "$2.00 per 100G",
    "COL Size": "375g"
  },
  {
    "Brand_Product_Size": "Farex Breakfast On The Go Porridge with Apple Baby Food Cereal 120g",
    "COL Price": 1.5,
    "COL ppu": "$1.25 per 100G",
    "COL Size": "120g"
  },
  {
    "Brand_Product_Size": "Duck Fresh Discs Toilet Cleaner Limited Edition 36mL",
    "COL Price": 6,
    "COL ppu": "$16.67 per 100mL",
    "COL Size": "36mL"
  },
  {
    "Brand_Product_Size": "Waterford's Lemon Lime Bitters Lite & Fruity Sparkling Mineral Water 1L",
    "COL Price": 1.15,
    "COL ppu": "$1.15 per 1L",
    "COL Size": "1L"
  },
  {
    "Brand_Product_Size": "Kan Tong Udon Wok Ready Noodles 440g",
    "COL Price": 2.99,
    "COL ppu": "$0.68 per 100G",
    "COL Size": "440g"
  },
  {
    "Brand_Product_Size": "Surf Aqua Fresh Laundry Capsules 30 pack",
    "COL Price": 10,
    "COL ppu": "$0.33 per 1Ea",
    "COL Size": "30 pack"
  },
  {
    "Brand_Product_Size": "Cook & Dine Clear Cutlery Set 24 pack",
    "COL Price": 2.2,
    "COL ppu": "$0.09 per 1Ea",
    "COL Size": "24 pack"
  },
  {
    "Brand_Product_Size": "Nescafe Blend 43 Instant Coffee 500g",
    "COL Price": 20,
    "COL ppu": "$4.00 per 100G",
    "COL Size": "500g"
  },
  {
    "Brand_Product_Size": "Nivea Repair & Protect Moisturising Lip Balm + SPF15 4.8g",
    "COL Price": 4,
    "COL ppu": "$83.33 per 100G",
    "COL Size": "4.8g"
  },
  {
    "Brand_Product_Size": "Coles Wellness Road Cauliflower Pizza Base 250g",
    "COL Price": 4,
    "COL ppu": "$1.60 per 100G",
    "COL Size": "250g"
  },
  {
    "Brand_Product_Size": "Coles Sweetened Dried Cranberries 150g",
    "COL Price": 2.4,
    "COL ppu": "$16.00 per 1Kg",
    "COL Size": "150g"
  },
  {
    "Brand_Product_Size": "Coles Thawed Seafood Squid Tubes approx. 250g",
    "COL Price": 4.5,
    "COL ppu": "$18.00 per 1Kg",
    "COL Size": "approx. 250g"
  },
  {
    "Brand_Product_Size": "Queen Victoria Vanilla Chai Tea 50 pack",
    "COL Price": 6,
    "COL ppu": "$0.12 per 1Ea",
    "COL Size": "50 pack"
  },
  {
    "Brand_Product_Size": "Coles Garlic Crackers 200g",
    "COL Price": 1.8,
    "COL ppu": "$0.90 per 100G",
    "COL Size": "200g"
  },
  {
    "Brand_Product_Size": "Coles Deli Salad Tubs Small Quinoa Tabouleh Salad smaLL",
    "COL Price": 5,
    "COL ppu": "$5.00 per 1Ea",
    "COL Size": "smaLL"
  },
  {
    "Brand_Product_Size": "Califia Farms Mocha Noir Cold Brew Coffee With Almond Milk 310mL",
    "COL Price": 3.3,
    "COL ppu": "$10.65 per 1L",
    "COL Size": "310mL"
  },
  {
    "Brand_Product_Size": "Optimum Grain Free Salmon Sweet Potato & Carrots Wet Dog Food Trays 85g",
    "COL Price": 1.5,
    "COL ppu": "$1.76 per 100G",
    "COL Size": "85g"
  },
  {
    "Brand_Product_Size": "Heinz Original Mayonnaise 500mL",
    "COL Price": 5,
    "COL ppu": "$1.00 per 100mL",
    "COL Size": "500mL"
  },
  {
    "Brand_Product_Size": "Surf Laundry Liquid 2L",
    "COL Price": 8,
    "COL ppu": "$4.00 per 1L",
    "COL Size": "2L"
  },
  {
    "Brand_Product_Size": "Nexba Probiotic Live Sparkling Soda Pineapple 4x375mL 4 pack",
    "COL Price": 5,
    "COL ppu": "$1.25 per 1Ea",
    "COL Size": "4 pack"
  },
  {
    "Brand_Product_Size": "Rexona Men Clinical Protection Aerosol Sport Antiperspirant 180mL",
    "COL Price": 10,
    "COL ppu": "$5.56 per 100mL",
    "COL Size": "180mL"
  },
  {
    "Brand_Product_Size": "Old El Paso Taco Sauce Mild 200mL",
    "COL Price": 2.4,
    "COL ppu": "$1.20 per 100G",
    "COL Size": "200mL"
  },
  {
    "Brand_Product_Size": "Paesanella Fior Di Latte Mozzarella Cheese 300g",
    "COL Price": 6.5,
    "COL ppu": "$21.67 per 1Kg",
    "COL Size": "300g"
  },
  {
    "Brand_Product_Size": "Equal Stevia Sweetener Tablets 200 pack",
    "COL Price": 7.95,
    "COL ppu": "$0.04 per 1Ea",
    "COL Size": "200 pack"
  },
  {
    "Brand_Product_Size": "NRG Super Alkaline AAA Batteries 10 pack",
    "COL Price": 9,
    "COL ppu": "$0.90 per 1Ea",
    "COL Size": "10 pack"
  },
  {
    "Brand_Product_Size": "Aware Sensitive Laundry Powder 2kg",
    "COL Price": 9,
    "COL ppu": "$4.50 per 1Kg",
    "COL Size": "2kg"
  },
  {
    "Brand_Product_Size": "Fiji Kava Body Capsules",
    "COL Price": 30,
    "COL ppu": "",
    "COL Size": ""
  },
  {
    "Brand_Product_Size": "Obela Garnished Harissa Hommus 220g",
    "COL Price": 4.5,
    "COL ppu": "$2.05 per 100G",
    "COL Size": "220g"
  },
  {
    "Brand_Product_Size": "Stingose Gel 25g",
    "COL Price": 8.7,
    "COL ppu": "$34.80 per 100G",
    "COL Size": "25g"
  },
  {
    "Brand_Product_Size": "Taaman Spaghettini Pasta 500g",
    "COL Price": 1.9,
    "COL ppu": "$0.38 per 100G",
    "COL Size": "500g"
  },
  {
    "Brand_Product_Size": "Brylcreem Protein Enriched Regular Hair Preparation For Men 150mL",
    "COL Price": 6.25,
    "COL ppu": "$4.17 per 100mL",
    "COL Size": "150mL"
  },
  {
    "Brand_Product_Size": "Headgear Fierce Fiber Styler 100g",
    "COL Price": 9,
    "COL ppu": "$9.00 per 100G",
    "COL Size": "100g"
  },
  {
    "Brand_Product_Size": "Cadbury Soft Biscuit Classic Choc Chip 156g",
    "COL Price": 2,
    "COL ppu": "$1.28 per 100G",
    "COL Size": "156g"
  },
  {
    "Brand_Product_Size": "Myrtle Creek Cage Free Extra Large Eggs 12 Pack 700g",
    "COL Price": 3.95,
    "COL ppu": "$0.56 per 100G",
    "COL Size": "700g"
  },
  {
    "Brand_Product_Size": "MasterFoods Garlic Salt 210g",
    "COL Price": 3.6,
    "COL ppu": "$0.17 per 10G",
    "COL Size": "210g"
  },
  {
    "Brand_Product_Size": "Lucky Sunflower Kernels 200g",
    "COL Price": 2.15,
    "COL ppu": "$10.75 per 1Kg",
    "COL Size": "200g"
  },
  {
    "Brand_Product_Size": "Tamar Valley Kids Greek Strawberry Yoghurt Pouch 110g",
    "COL Price": 1.3,
    "COL ppu": "$1.18 per 100G",
    "COL Size": "110g"
  },
  {
    "Brand_Product_Size": "B Honey Squeeze 450g",
    "COL Price": 8.5,
    "COL ppu": "$1.89 per 100G",
    "COL Size": "450g"
  },
  {
    "Brand_Product_Size": "Bega Dairylea Cheddar Cheese Block 250g",
    "COL Price": 4,
    "COL ppu": "$16.00 per 1Kg",
    "COL Size": "250g"
  },
  {
    "Brand_Product_Size": "Puck Cream Cheese Spread Jar 500g",
    "COL Price": 9,
    "COL ppu": "$1.80 per 100G",
    "COL Size": "500g"
  },
  {
    "Brand_Product_Size": "Vege Original Natural Chips 100g",
    "COL Price": 3.8,
    "COL ppu": "$3.80 per 100G",
    "COL Size": "100g"
  },
  {
    "Brand_Product_Size": "Coles Pulp Free Orange Juice Chilled 2L",
    "COL Price": 5,
    "COL ppu": "$2.50 per 1L",
    "COL Size": "2L"
  },
  {
    "Brand_Product_Size": "Coles Deli Salads Tub Small Classic Pasta smaLL",
    "COL Price": 4,
    "COL ppu": "$4.00 per 1Ea",
    "COL Size": "smaLL"
  },
  {
    "Brand_Product_Size": "Arnott's Classic Dark Chocolate Tim Tam 200g",
    "COL Price": 4,
    "COL ppu": "$2.00 per 100G",
    "COL Size": "200g"
  },
  {
    "Brand_Product_Size": "Coles Kitchen Parmesan Ranch Dressing 250mL",
    "COL Price": 4,
    "COL ppu": "$1.60 per 100mL",
    "COL Size": "250mL"
  },
  {
    "Brand_Product_Size": "Burgen Traditional Rye Bread 700g",
    "COL Price": 5,
    "COL ppu": "$0.71 per 100G",
    "COL Size": "700g"
  },
  {
    "Brand_Product_Size": "Sistema Klip It Plus Rectangle Container 1L each",
    "COL Price": 2.75,
    "COL ppu": "$2.75 per 1Ea",
    "COL Size": "each"
  },
  {
    "Brand_Product_Size": "Sensodyne Sensitive Teeth Pain Complete Care Toothpaste 100g",
    "COL Price": 11,
    "COL ppu": "$11.00 per 100G",
    "COL Size": "100g"
  },
  {
    "Brand_Product_Size": "Bulla Low Fat Onion & Chives Cottage Cheese 200g",
    "COL Price": 3,
    "COL ppu": "$15.00 per 1Kg",
    "COL Size": "200g"
  },
  {
    "Brand_Product_Size": "Cook & Dine Bearly Awake Mug each",
    "COL Price": 4,
    "COL ppu": "$4.00 per 1Ea",
    "COL Size": "each"
  },
  {
    "Brand_Product_Size": "Ambi Pur Febreze Extra Strength Fabric Freshener Trigger Spray 370mL",
    "COL Price": 6.5,
    "COL ppu": "$1.76 per 100mL",
    "COL Size": "370mL"
  },
  {
    "Brand_Product_Size": "Cobs Natural Best Ever Butter Gluten Free Popcorn 100g",
    "COL Price": 2.85,
    "COL ppu": "$2.85 per 100G",
    "COL Size": "100g"
  },
  {
    "Brand_Product_Size": "Ratsak Rat & Mouse Bait 350g",
    "COL Price": 7.7,
    "COL ppu": "$2.20 per 100G",
    "COL Size": "350g"
  },
  {
    "Brand_Product_Size": "Continental Cup A Soup Hearty Beef Soup Serves 4 55g",
    "COL Price": 2,
    "COL ppu": "$3.64 per 100G",
    "COL Size": "55g"
  },
  {
    "Brand_Product_Size": "Coles Thawed Seafood Half Shell Scallops each",
    "COL Price": 1.3,
    "COL ppu": "$1.30 per 1Ea",
    "COL Size": "each"
  },
  {
    "Brand_Product_Size": "Coles Finest Australian Bark With Olive Oil And Sea Salt 150g",
    "COL Price": 4.2,
    "COL ppu": "$2.80 per 100G",
    "COL Size": "150g"
  },
  {
    "Brand_Product_Size": "Arnott's Mini Variety Biscuits 12 Pack 292g",
    "COL Price": 5,
    "COL ppu": "$1.71 per 100G",
    "COL Size": "292g"
  },
  {
    "Brand_Product_Size": "Continental Superb Chicken Stock Powder 130g",
    "COL Price": 2.5,
    "COL ppu": "$0.19 per 10G",
    "COL Size": "130g"
  },
  {
    "Brand_Product_Size": "Planet Food Organic Coconut Flour 400g",
    "COL Price": 5,
    "COL ppu": "$12.50 per 1Kg",
    "COL Size": "400g"
  },
  {
    "Brand_Product_Size": "Radiant Laundry Liquid Mixed Colour Wash 2L",
    "COL Price": 9,
    "COL ppu": "$4.50 per 1L",
    "COL Size": "2L"
  },
  {
    "Brand_Product_Size": "Coles Cocoa Puffs 300g",
    "COL Price": 1.9,
    "COL ppu": "$0.63 per 100G",
    "COL Size": "300g"
  },
  {
    "Brand_Product_Size": "Twinings Afternoon Tea Bags 100 pack 200g",
    "COL Price": 5.6,
    "COL ppu": "$0.06 per 1Ea",
    "COL Size": "200g"
  },
  {
    "Brand_Product_Size": "Hans Devon approx. 125g",
    "COL Price": 1.075,
    "COL ppu": "$8.60 per 1Kg",
    "COL Size": "approx. 125g"
  },
  {
    "Brand_Product_Size": "Coles Quiche Lorraine 180g",
    "COL Price": 5,
    "COL ppu": "$2.78 per 100G",
    "COL Size": "180g"
  },
  {
    "Brand_Product_Size": "The No Nasties Sugar Free-Zies 15 pack",
    "COL Price": 6.5,
    "COL ppu": "$0.43 per 1Ea",
    "COL Size": "15 pack"
  },
  {
    "Brand_Product_Size": "On The Menu Buttermilk Fried Chicken 320g",
    "COL Price": 4.8,
    "COL ppu": "$1.50 per 100G",
    "COL Size": "320g"
  },
  {
    "Brand_Product_Size": "Coles Finest Balsamic Vinegar 250mL",
    "COL Price": 6,
    "COL ppu": "$2.40 per 100mL",
    "COL Size": "250mL"
  },
  {
    "Brand_Product_Size": "Moccona Espresso 7 Coffee Capsules 10 pack 52g",
    "COL Price": 6,
    "COL ppu": "$11.54 per 100G",
    "COL Size": "52g"
  },
  {
    "Brand_Product_Size": "Coles Kitchen Pea & Ham Soup 300g",
    "COL Price": 3,
    "COL ppu": "$1.00 per 100G",
    "COL Size": "300g"
  },
  {
    "Brand_Product_Size": "Coles Kitchen Chicken Breast Mushroom Sauce 360g",
    "COL Price": 10,
    "COL ppu": "$2.78 per 100G",
    "COL Size": "360g"
  },
  {
    "Brand_Product_Size": "Kellogg's LCMs Kaleidos Puffed Rice Snack Bars 15 pack 330g",
    "COL Price": 7,
    "COL ppu": "$2.12 per 100G",
    "COL Size": "330g"
  },
  {
    "Brand_Product_Size": "Lenny And Larry's The Complete Cookie Chocolate Chip 113g",
    "COL Price": 4.5,
    "COL ppu": "$3.98 per 100G",
    "COL Size": "113g"
  },
  {
    "Brand_Product_Size": "Nestle Aero Hot Chocolate 10 pack",
    "COL Price": 6.3,
    "COL ppu": "$0.63 per 1Ea",
    "COL Size": "10 pack"
  },
  {
    "Brand_Product_Size": "Coles Kitchen Tomato & Smoked Bacon Sauce 425g",
    "COL Price": 4.2,
    "COL ppu": "$0.99 per 100G",
    "COL Size": "425g"
  },
  {
    "Brand_Product_Size": "Thursday Plantation Tea Tree Oil 50mL",
    "COL Price": 14.43,
    "COL ppu": "$28.86 per 100mL",
    "COL Size": "50mL"
  },
  {
    "Brand_Product_Size": "Nescafe Quality Street Hot Chocolate Fudge The Pink One 290g",
    "COL Price": 6.5,
    "COL ppu": "$2.24 per 100G",
    "COL Size": "290g"
  },
  {
    "Brand_Product_Size": "Wrigley's Eclipse Sugar Free Spearmint Ice Chewing Gum 4 x 10 Piece Pack 56g",
    "COL Price": 2.8,
    "COL ppu": "$5.00 per 100G",
    "COL Size": "56g"
  },
  {
    "Brand_Product_Size": "Murray River Organics Tropical Muesli 300g",
    "COL Price": 7.5,
    "COL ppu": "$2.50 per 100G",
    "COL Size": "300g"
  },
  {
    "Brand_Product_Size": "Olay Regenerist Luminous Face Cream Moisturiser 50g",
    "COL Price": 49,
    "COL ppu": "$98.00 per 100G",
    "COL Size": "50g"
  },
  {
    "Brand_Product_Size": "SPC Spaghetti in Rich Tomato 420g",
    "COL Price": 1.4,
    "COL ppu": "$0.33 per 100G",
    "COL Size": "420g"
  },
  {
    "Brand_Product_Size": "Cool Pak Original Popcorn 16 Pack 208g",
    "COL Price": 4,
    "COL ppu": "$1.92 per 100G",
    "COL Size": "208g"
  },
  {
    "Brand_Product_Size": "Aussie Bodies Lo Carb Whip'd Boysenberry Ripple Protein Bar 120g",
    "COL Price": 9,
    "COL ppu": "$7.50 per 100G",
    "COL Size": "120g"
  },
  {
    "Brand_Product_Size": "Coles Glace Cherries 150g",
    "COL Price": 2.5,
    "COL ppu": "$16.67 per 1Kg",
    "COL Size": "150g"
  },
  {
    "Brand_Product_Size": "Covergirl Clean Fresh Pressed Powder Translucent 10g",
    "COL Price": 19,
    "COL ppu": "$19.00 per 10G",
    "COL Size": "10g"
  },
  {
    "Brand_Product_Size": "Avent Fast Flow Teat 6+ Months 2 pack",
    "COL Price": 10,
    "COL ppu": "$5.00 per 1Ea",
    "COL Size": "2 pack"
  },
  {
    "Brand_Product_Size": "Mission Chunky Mild Salsa 300g",
    "COL Price": 4,
    "COL ppu": "$1.33 per 100G",
    "COL Size": "300g"
  },
  {
    "Brand_Product_Size": "Coles Urban Coffee Culture Single Origin Ground Columbia Coffee 250g",
    "COL Price": 6,
    "COL ppu": "$2.40 per 100G",
    "COL Size": "250g"
  },
  {
    "Brand_Product_Size": "Mountain Dew Caffeinated Citrus 1.25L",
    "COL Price": 1.3,
    "COL ppu": "$1.04 per 1L",
    "COL Size": "1.25L"
  },
  {
    "Brand_Product_Size": "Coles Kitchen Teriyaki Stir Fry Sauce 180g",
    "COL Price": 3,
    "COL ppu": "$1.67 per 100G",
    "COL Size": "180g"
  },
  {
    "Brand_Product_Size": "Cancer Council Sport Sunscreen Pump SPF 50+ 500mL",
    "COL Price": 27,
    "COL ppu": "$5.40 per 100mL",
    "COL Size": "500mL"
  },
  {
    "Brand_Product_Size": "Primo Gluten Free Streaky Bacon 200g",
    "COL Price": 5.5,
    "COL ppu": "$2.75 per 100G",
    "COL Size": "200g"
  },
  {
    "Brand_Product_Size": "Coles Natures Kitchen Butter Tofu Vegetable Curry 350g",
    "COL Price": 7,
    "COL ppu": "$2.00 per 100G",
    "COL Size": "350g"
  },
  {
    "Brand_Product_Size": "Radox Muscle Soak Bath Foam 500mL",
    "COL Price": 6.5,
    "COL ppu": "$1.30 per 100mL",
    "COL Size": "500mL"
  },
  {
    "Brand_Product_Size": "Coles Bakery White Crusty Jumbo Rolls 6 pack",
    "COL Price": 2.7,
    "COL ppu": "$0.45 per 1Ea",
    "COL Size": "6 pack"
  },
  {
    "Brand_Product_Size": "Coles Vanilla Flavoured Ice Cream Tub 4L",
    "COL Price": 4.9,
    "COL ppu": "$1.23 per 1L",
    "COL Size": "4L"
  },
  {
    "Brand_Product_Size": "Jarrah Swiss Mochaccino Coffee 250g",
    "COL Price": 3.5,
    "COL ppu": "$1.40 per 100G",
    "COL Size": "250g"
  },
  {
    "Brand_Product_Size": "Sistema Klip It Plus Square Container 3.5L each",
    "COL Price": 6.25,
    "COL ppu": "$6.25 per 1Ea",
    "COL Size": "each"
  },
  {
    "Brand_Product_Size": "Annabel Karmel Butter Chicken 200g",
    "COL Price": 4,
    "COL ppu": "$2.00 per 100G",
    "COL Size": "200g"
  },
  {
    "Brand_Product_Size": "OB Finest Fig Fruit Paste 100g",
    "COL Price": 5,
    "COL ppu": "$5.00 per 100G",
    "COL Size": "100g"
  },
  {
    "Brand_Product_Size": "Bulla Creamy Classics Cookies & Cream Ice Cream Tub 2L",
    "COL Price": 8.5,
    "COL ppu": "$0.43 per 100mL",
    "COL Size": "2L"
  },
  {
    "Brand_Product_Size": "Gillette Fusion Shaving Blades - 8 Pack Refill Cartridges 8 pack",
    "COL Price": 35.5,
    "COL ppu": "$4.44 per 1Ea",
    "COL Size": "8 pack"
  },
  {
    "Brand_Product_Size": "Coles Anti-Bacterial Wipes for Normal Skin 15 pack",
    "COL Price": 1.4,
    "COL ppu": "$0.09 per 1Ea",
    "COL Size": "15 pack"
  },
  {
    "Brand_Product_Size": "Coles RSPCA Approved Chicken Portions With Herb Sprinkle approx. 1.46kg each",
    "COL Price": 8.03,
    "COL ppu": "$5.50 per 1Kg",
    "COL Size": "approx. 1.46kg each"
  },
  {
    "Brand_Product_Size": "McCain Pub Style Extra Crispy Fries 750g",
    "COL Price": 4.5,
    "COL ppu": "$6.00 per 1Kg",
    "COL Size": "750g"
  },
  {
    "Brand_Product_Size": "Laucke Multigrain Bread Mix 5kg",
    "COL Price": 14.4,
    "COL ppu": "$2.88 per 1Kg",
    "COL Size": "5kg"
  },
  {
    "Brand_Product_Size": "Coles Assure Pants For Men Medium 8pack",
    "COL Price": 9,
    "COL ppu": "$1.13 per 1Ea",
    "COL Size": "8pack"
  },
  {
    "Brand_Product_Size": "Coles Polski Orgorki Dill Cucumbers 1.36kg",
    "COL Price": 6.5,
    "COL ppu": "$4.78 per 1Kg",
    "COL Size": "1.36kg"
  },
  {
    "Brand_Product_Size": "Earth Choice Ultra Concentrate Laundry Liquid 4L",
    "COL Price": 16,
    "COL ppu": "$4.00 per 1L",
    "COL Size": "4L"
  },
  {
    "Brand_Product_Size": "Black Swan Crafted Crispy Bacon & Caramelised Onion Dip 200g",
    "COL Price": 4.3,
    "COL ppu": "$2.15 per 100G",
    "COL Size": "200g"
  },
  {
    "Brand_Product_Size": "Dominate Matte Waxx Salon Series Long-lasting Putty 85g",
    "COL Price": 6,
    "COL ppu": "$7.06 per 100G",
    "COL Size": "85g"
  },
  {
    "Brand_Product_Size": "Mount Franklin Lightly Sparkling Water 450mL",
    "COL Price": 2.9,
    "COL ppu": "$6.44 per 1L",
    "COL Size": "450mL"
  },
  {
    "Brand_Product_Size": "Coles Red Capsicum approx. 200g each",
    "COL Price": 1.78,
    "COL ppu": "$8.90 per 1Kg",
    "COL Size": "approx. 200g each"
  },
  {
    "Brand_Product_Size": "Aussie Bodies Nourish Protein Peanut Butter 36g",
    "COL Price": 3,
    "COL ppu": "$8.33 per 100G",
    "COL Size": "36g"
  },
  {
    "Brand_Product_Size": "Sunrice Gluten Free Super Grains Multigrain Blend Cups 2 Pack 250g",
    "COL Price": 3,
    "COL ppu": "$1.20 per 100G",
    "COL Size": "250g"
  },
  {
    "Brand_Product_Size": "Kikkoman Soy Sauce 600mL",
    "COL Price": 6.3,
    "COL ppu": "$1.05 per 100mL",
    "COL Size": "600mL"
  },
  {
    "Brand_Product_Size": "Coles Kitchen Baby Spinach & Egg Salad Bowl 190g",
    "COL Price": 6,
    "COL ppu": "$3.16 per 100G",
    "COL Size": "190g"
  },
  {
    "Brand_Product_Size": "Coles Orange Jelly Cups 4 Pack 500g",
    "COL Price": 2.2,
    "COL ppu": "$0.44 per 100G",
    "COL Size": "500g"
  },
  {
    "Brand_Product_Size": "Peters Drumstick Boysenberry Swirl Ice Cream Cones 4 pack 475mL",
    "COL Price": 5,
    "COL ppu": "$1.05 per 100mL",
    "COL Size": "475mL"
  },
  {
    "Brand_Product_Size": "Bounce Banana Pecan Brekkie Bar 3 Pack 150g",
    "COL Price": 6,
    "COL ppu": "$4.00 per 100G",
    "COL Size": "150g"
  },
  {
    "Brand_Product_Size": "Arnott's Savoury Shapes 185g",
    "COL Price": 3.2,
    "COL ppu": "$1.73 per 100G",
    "COL Size": "185g"
  },
  {
    "Brand_Product_Size": "Schwarzkopf Colour Specialist 5.65 Chocolate Brown Hair Colour 1 pack",
    "COL Price": 19,
    "COL ppu": "$19.00 per 1Ea",
    "COL Size": "1 pack"
  },
  {
    "Brand_Product_Size": "Coles I'm Free From Blueberry Muffins 2 pack",
    "COL Price": 3.5,
    "COL ppu": "$1.75 per 1Ea",
    "COL Size": "2 pack"
  },
  {
    "Brand_Product_Size": "Ambi Car Mini Mould Fighter Air Freshner Aqua & Violet 2.2mL",
    "COL Price": 3.5,
    "COL ppu": "$15.91 per 10mL",
    "COL Size": "2.2mL"
  },
  {
    "Brand_Product_Size": "Berocca Energy Vitamin Orange15 Effervescent Tablets 1 pack",
    "COL Price": 8.1,
    "COL ppu": "$8.10 per 1Ea",
    "COL Size": "1 pack"
  },
  {
    "Brand_Product_Size": "Metamucil Daily Fibre Supplement Fibre Caps 160 pack",
    "COL Price": 28.9,
    "COL ppu": "$0.18 per 1Ea",
    "COL Size": "160 pack"
  },
  {
    "Brand_Product_Size": "Mars Twix Pods Chocolate Medium Bag 160g",
    "COL Price": 3,
    "COL ppu": "$1.88 per 100G",
    "COL Size": "160g"
  },
  {
    "Brand_Product_Size": "Cook & Dine Carbon Steel Wok 30cm each",
    "COL Price": 14,
    "COL ppu": "$14.00 per 1Ea",
    "COL Size": "each"
  },
  {
    "Brand_Product_Size": "Cadbury Old Gold Orange Block Chocolate 170g",
    "COL Price": 3.5,
    "COL ppu": "$2.06 per 100G",
    "COL Size": "170g"
  },
  {
    "Brand_Product_Size": "Ocean Spray Classic Cranberry Juice Drink 1.5L",
    "COL Price": 4.05,
    "COL ppu": "$2.70 per 1L",
    "COL Size": "1.5L"
  },
  {
    "Brand_Product_Size": "Dilmah Pure Ceylon Green Tea Bags 20 pack 40g",
    "COL Price": 2,
    "COL ppu": "$0.10 per 1Ea",
    "COL Size": "40g"
  },
  {
    "Brand_Product_Size": "Royal Fields Corn Flour 1kg",
    "COL Price": 4.8,
    "COL ppu": "$4.80 per 1Kg",
    "COL Size": "1kg"
  },
  {
    "Brand_Product_Size": "Four'N Twenty Frozen Jumbo Sausage Rolls 6 Pieces 700g",
    "COL Price": 7,
    "COL ppu": "$1.00 per 100G",
    "COL Size": "700g"
  },
  {
    "Brand_Product_Size": "Mirabella LED Globe GLS Bayonet Cap 9 watt Cool White each",
    "COL Price": 8,
    "COL ppu": "$8.00 per 1Ea",
    "COL Size": "each"
  },
  {
    "Brand_Product_Size": "Freedom Foods Messy Monkeys Cheese Popcorn 130g",
    "COL Price": 5.5,
    "COL ppu": "$4.23 per 100G",
    "COL Size": "130g"
  },
  {
    "Brand_Product_Size": "Coles Peach & Mango Yoghurt 150g",
    "COL Price": 1,
    "COL ppu": "$0.67 per 100G",
    "COL Size": "150g"
  },
  {
    "Brand_Product_Size": "Ambi Pur Febreze Anti Bacterial Fabric Freshener 370mL",
    "COL Price": 6.5,
    "COL ppu": "$17.57 per 1L",
    "COL Size": "370mL"
  },
  {
    "Brand_Product_Size": "Shower Power Regular Shower Cleaner Trigger Pack 500mL",
    "COL Price": 6.85,
    "COL ppu": "$1.37 per 100mL",
    "COL Size": "500mL"
  },
  {
    "Brand_Product_Size": "Nescafe Farmers Origins Brazil Lungo Capsules 10 pack",
    "COL Price": 6.2,
    "COL ppu": "$0.62 per 1Ea",
    "COL Size": "10 pack"
  },
  {
    "Brand_Product_Size": "Vegeta Beef Stew With Green Peas & Potatoes Medium Spicy 400g",
    "COL Price": 4,
    "COL ppu": "$1.00 per 100G",
    "COL Size": "400g"
  },
  {
    "Brand_Product_Size": "Coles Bayonet Cap 650 Lumens 8 Watt Cool White LED Globe 2 pack",
    "COL Price": 10,
    "COL ppu": "$5.00 per 1Ea",
    "COL Size": "2 pack"
  },
  {
    "Brand_Product_Size": "Herbal Essences Classic Replenishing Conditioner 490mL",
    "COL Price": 10,
    "COL ppu": "$2.04 per 100mL",
    "COL Size": "490mL"
  },
  {
    "Brand_Product_Size": "Tommee Tippee Closer To Nature Bottle 2 pack 260mL",
    "COL Price": 16.8,
    "COL ppu": "$8.40 per 1Ea",
    "COL Size": "260mL"
  },
  {
    "Brand_Product_Size": "Danone Yopro Peach Yoghurt 160g",
    "COL Price": 2.4,
    "COL ppu": "$1.50 per 100G",
    "COL Size": "160g"
  },
  {
    "Brand_Product_Size": "Western Star Spreadable Butter Blend 375g",
    "COL Price": 5,
    "COL ppu": "$1.33 per 100G",
    "COL Size": "375g"
  },
  {
    "Brand_Product_Size": "Barilla Penne Rigate Pasta No 73 500g",
    "COL Price": 2,
    "COL ppu": "$0.40 per 100G",
    "COL Size": "500g"
  },
  {
    "Brand_Product_Size": "Freedom Foods Cereal Rice Puffs 250g",
    "COL Price": 4,
    "COL ppu": "$1.60 per 100G",
    "COL Size": "250g"
  },
  {
    "Brand_Product_Size": "Coles Special Burger Sauce 360g",
    "COL Price": 2.75,
    "COL ppu": "$0.76 per 100G",
    "COL Size": "360g"
  },
  {
    "Brand_Product_Size": "Fine Foods Sesame Wafer Crackers 100g",
    "COL Price": 3,
    "COL ppu": "$3.00 per 100G",
    "COL Size": "100g"
  },
  {
    "Brand_Product_Size": "Tip Top White Hamburger Rolls 6 pack",
    "COL Price": 4,
    "COL ppu": "$0.67 per 1Ea",
    "COL Size": "6 pack"
  },
  {
    "Brand_Product_Size": "Cook & Dine Stainless Steel Stockpot 6L",
    "COL Price": 32,
    "COL ppu": "$32.00 per 1Ea",
    "COL Size": "6L"
  },
  {
    "Brand_Product_Size": "Nescafe Quality Street Hot Chocolate Fudge The Pink One 290g",
    "COL Price": 6.5,
    "COL ppu": "$2.24 per 100G",
    "COL Size": "290g"
  },
  {
    "Brand_Product_Size": "Marion's Kitchen Thai Green Curry Cooking Kit 475g",
    "COL Price": 7.45,
    "COL ppu": "$1.78 per 100G",
    "COL Size": "475g"
  },
  {
    "Brand_Product_Size": "Restaurant Collection Bao Buns With Chinese Pork Belly 616g",
    "COL Price": 18.5,
    "COL ppu": "$3.00 per 100G",
    "COL Size": "616g"
  },
  {
    "Brand_Product_Size": "Dare Espresso Iced Coffee 750mL",
    "COL Price": 4.1,
    "COL ppu": "$5.47 per 1L",
    "COL Size": "750mL"
  },
  {
    "Brand_Product_Size": "South Cape Cheese Selection Platter 435g",
    "COL Price": 16.8,
    "COL ppu": "$38.62 per 1Kg",
    "COL Size": "435g"
  },
  {
    "Brand_Product_Size": "Coles Perform Yellow Chicken Curry 330g",
    "COL Price": 8,
    "COL ppu": "$2.42 per 100G",
    "COL Size": "330g"
  },
  {
    "Brand_Product_Size": "Nestle Milo Snack Bars Original 6 Pack 126g",
    "COL Price": 3,
    "COL ppu": "$2.38 per 100G",
    "COL Size": "126g"
  },
  {
    "Brand_Product_Size": "Dine Cuts In Gravy with Beef & Liver Wet Cat Food Tray 85g",
    "COL Price": 1.15,
    "COL ppu": "$1.35 per 100G",
    "COL Size": "85g"
  },
  {
    "Brand_Product_Size": "The Juice Brothers Orange Pulpless 500mL",
    "COL Price": 2.75,
    "COL ppu": "$5.50 per 1L",
    "COL Size": "500mL"
  },
  {
    "Brand_Product_Size": "Arnott's Tim Tam Crafted Raspberry & Dark Chocolate Biscuits 160g",
    "COL Price": 4,
    "COL ppu": "$2.50 per 100G",
    "COL Size": "160g"
  },
  {
    "Brand_Product_Size": "Primo Pork Roast Seasoned approx. 125g",
    "COL Price": 2.5,
    "COL ppu": "$20.00 per 1Kg",
    "COL Size": "approx. 125g"
  },
  {
    "Brand_Product_Size": "Decor Delish Oblong Container 1L each",
    "COL Price": 9,
    "COL ppu": "$9.00 per 1Ea",
    "COL Size": "each"
  },
  {
    "Brand_Product_Size": "Saxa Pink Himalayan Rock Salt 500g",
    "COL Price": 4,
    "COL ppu": "$0.08 per 10G",
    "COL Size": "500g"
  },
  {
    "Brand_Product_Size": "Coon Tasty Cheese Slices 12 pack 250g",
    "COL Price": 6,
    "COL ppu": "$24.00 per 1Kg",
    "COL Size": "250g"
  },
  {
    "Brand_Product_Size": "Only Good Hand Wash Nourish 300mL",
    "COL Price": 6,
    "COL ppu": "$2.00 per 100mL",
    "COL Size": "300mL"
  },
  {
    "Brand_Product_Size": "Noshu Double Choc Snackles 110g",
    "COL Price": 6,
    "COL ppu": "$5.45 per 100G",
    "COL Size": "110g"
  },
  {
    "Brand_Product_Size": "M & M Kosher Chicken Drumstick approx. 500g pack",
    "COL Price": 7.25,
    "COL ppu": "$14.50 per 1Kg",
    "COL Size": "approx. 500g pack"
  },
  {
    "Brand_Product_Size": "Sensodyne Sensitive Teeth Pain Repair & Protect Whitening Toothpaste 100g",
    "COL Price": 11,
    "COL ppu": "$11.00 per 100G",
    "COL Size": "100g"
  },
  {
    "Brand_Product_Size": "Lotte Koala's March Strawberry Biscuits 195g",
    "COL Price": 5.9,
    "COL ppu": "$3.03 per 100G",
    "COL Size": "195g"
  },
  {
    "Brand_Product_Size": "Coco Earth Green Veggie Penne Pasta 300g",
    "COL Price": 3,
    "COL ppu": "$1.00 per 100G",
    "COL Size": "300g"
  },
  {
    "Brand_Product_Size": "Coles Paracetamol Hard Gel Capsules 500mg 20 pack",
    "COL Price": 1.25,
    "COL ppu": "$0.06 per 1Ea",
    "COL Size": "20 pack"
  },
  {
    "Brand_Product_Size": "Buttercup Country Split Wholemeal Bread 450g",
    "COL Price": 3,
    "COL ppu": "$0.67 per 100G",
    "COL Size": "450g"
  },
  {
    "Brand_Product_Size": "Swisse Ultiboost Immune Action 60 pack",
    "COL Price": 30,
    "COL ppu": "$50.00 per 100Ea",
    "COL Size": "60 pack"
  },
  {
    "Brand_Product_Size": "Arnott's Shapes Vegemite & Cheese 8 pack 200g",
    "COL Price": 3,
    "COL ppu": "$1.50 per 100G",
    "COL Size": "200g"
  },
  {
    "Brand_Product_Size": "Nutella Hazelnut Spread With Cocoa 1kg",
    "COL Price": 10.5,
    "COL ppu": "$1.05 per 100G",
    "COL Size": "1kg"
  },
  {
    "Brand_Product_Size": "Coles Vietnamese Mint Punnet 15g",
    "COL Price": 3,
    "COL ppu": "$3.00 per 15G",
    "COL Size": "15g"
  },
  {
    "Brand_Product_Size": "Daily Juice Cloudy Apple Juice Chilled 250mL",
    "COL Price": 2,
    "COL ppu": "$8.00 per 1L",
    "COL Size": "250mL"
  },
  {
    "Brand_Product_Size": "Cadbury Raspberry Mini Rolls 5 pack 130g",
    "COL Price": 3.75,
    "COL ppu": "$2.88 per 100G",
    "COL Size": "130g"
  },
  {
    "Brand_Product_Size": "Coles Personal Insect Repellent Tropical Strength Roll On 100mL",
    "COL Price": 7,
    "COL ppu": "$7.00 per 100mL",
    "COL Size": "100mL"
  },
  {
    "Brand_Product_Size": "KB Panko Crumb Squid 360g",
    "COL Price": 9.5,
    "COL ppu": "$26.39 per 1Kg",
    "COL Size": "360g"
  },
  {
    "Brand_Product_Size": "Coles Bombay Croquettes 7 Pack 175g",
    "COL Price": 5,
    "COL ppu": "$2.86 per 100G",
    "COL Size": "175g"
  },
  {
    "Brand_Product_Size": "Continental Creamy Chicken Curry Recipe Base 30g",
    "COL Price": 1.6,
    "COL ppu": "$5.33 per 100G",
    "COL Size": "30g"
  },
  {
    "Brand_Product_Size": "Coles Anzac Biscuits 12 pack",
    "COL Price": 2,
    "COL ppu": "$0.17 per 1Ea",
    "COL Size": "12 pack"
  },
  {
    "Brand_Product_Size": "Coles Halloween Vampire & Ghost Cupcake Kit 24 pack",
    "COL Price": 4,
    "COL ppu": "$0.17 per 1Ea",
    "COL Size": "24 pack"
  },
  {
    "Brand_Product_Size": "Coles Natures Kitchen Thai Green Vegetable Curry With Mixed Grain Rice 350g",
    "COL Price": 7,
    "COL ppu": "$2.00 per 100G",
    "COL Size": "350g"
  },
  {
    "Brand_Product_Size": "Obento Sushi Seasoning 250mL",
    "COL Price": 3.3,
    "COL ppu": "$1.32 per 100mL",
    "COL Size": "250mL"
  },
  {
    "Brand_Product_Size": "Coles Kitchen Pizza Double Pepperoni 470g",
    "COL Price": 5,
    "COL ppu": "$1.06 per 100G",
    "COL Size": "470g"
  },
  {
    "Brand_Product_Size": "Hot Kids Want Want Rice Crackers Senbei 112g",
    "COL Price": 2.15,
    "COL ppu": "$1.92 per 100G",
    "COL Size": "112g"
  },
  {
    "Brand_Product_Size": "Crest Wireless Mouse each",
    "COL Price": 15,
    "COL ppu": "$15.00 per 1Ea",
    "COL Size": "each"
  },
  {
    "Brand_Product_Size": "Kellogg's LCM's Popcorn Bar Caramel 108g",
    "COL Price": 4,
    "COL ppu": "$3.70 per 100G",
    "COL Size": "108g"
  },
  {
    "Brand_Product_Size": "Olay Luminous Vitamin C Super Serum 30mL",
    "COL Price": 60,
    "COL ppu": "$200.01 per 100mL",
    "COL Size": "30mL"
  },
  {
    "Brand_Product_Size": "Geelong Brush Laundry Scrub Brush each",
    "COL Price": 4.85,
    "COL ppu": "$4.85 per 1Ea",
    "COL Size": "each"
  },
  {
    "Brand_Product_Size": "Allen's Oak Strawberry Choc And Vanilla 170g",
    "COL Price": 3,
    "COL ppu": "$1.76 per 100G",
    "COL Size": "170g"
  },
  {
    "Brand_Product_Size": "Pantene 3mm Conditioner Smooth & Sleek 400mL",
    "COL Price": 15,
    "COL ppu": "$3.75 per 100mL",
    "COL Size": "400mL"
  },
  {
    "Brand_Product_Size": "McKenzie's Moist Coconut Flakes 225g",
    "COL Price": 3.3,
    "COL ppu": "$14.67 per 1Kg",
    "COL Size": "225g"
  },
  {
    "Brand_Product_Size": "Yeo's Grass Jelly Drink 300mL",
    "COL Price": 0.9,
    "COL ppu": "$3.00 per 1L",
    "COL Size": "300mL"
  },
  {
    "Brand_Product_Size": "Colgate Optic White High Impact Whitening Toothpaste 85g",
    "COL Price": 8,
    "COL ppu": "$9.41 per 100G",
    "COL Size": "85g"
  },
  {
    "Brand_Product_Size": "Neutrogena T Gel Hair Shampoo 200mL",
    "COL Price": 13,
    "COL ppu": "$6.50 per 100mL",
    "COL Size": "200mL"
  },
  {
    "Brand_Product_Size": "Coles Crepe Bandage Medium each",
    "COL Price": 6,
    "COL ppu": "$6.00 per 1Ea",
    "COL Size": "each"
  },
  {
    "Brand_Product_Size": "Yakult Fermented Light Probiotic Milk 5 Pack 65mL",
    "COL Price": 4,
    "COL ppu": "$12.31 per 1L",
    "COL Size": "65mL"
  },
  {
    "Brand_Product_Size": "Mission Street Tacos 375g",
    "COL Price": 4,
    "COL ppu": "$1.07 per 100G",
    "COL Size": "375g"
  },
  {
    "Brand_Product_Size": "Dr. Oetker Frozen Ristorante Spinaci (Spinach) Pizza 390g",
    "COL Price": 7.9,
    "COL ppu": "$2.03 per 100G",
    "COL Size": "390g"
  },
  {
    "Brand_Product_Size": "Coles Organic Brushed Potatoes Prepacked 2kg",
    "COL Price": 9.5,
    "COL ppu": "$4.75 per 1Kg",
    "COL Size": "2kg"
  },
  {
    "Brand_Product_Size": "Always Fresh Kalamata Olives Pitted 670g",
    "COL Price": 8.65,
    "COL ppu": "$12.91 per 1Kg",
    "COL Size": "670g"
  },
  {
    "Brand_Product_Size": "Birds Eye Snap Frozen Garden Peas 500g",
    "COL Price": 2.35,
    "COL ppu": "$4.70 per 1Kg",
    "COL Size": "500g"
  },
  {
    "Brand_Product_Size": "Old El Paso Black Beans Mild 425g",
    "COL Price": 2.4,
    "COL ppu": "$0.56 per 100G",
    "COL Size": "425g"
  },
  {
    "Brand_Product_Size": "Purr Tuna Crab Gravy Cat Food Pouch 85g",
    "COL Price": 1,
    "COL ppu": "$1.18 per 100G",
    "COL Size": "85g"
  },
  {
    "Brand_Product_Size": "Chang's Original Fried Noodles 100g",
    "COL Price": 1.4,
    "COL ppu": "$1.40 per 100G",
    "COL Size": "100g"
  },
  {
    "Brand_Product_Size": "Goats Milk Roll On Deodorant 100mL",
    "COL Price": 8.1,
    "COL ppu": "$8.10 per 100mL",
    "COL Size": "100mL"
  },
  {
    "Brand_Product_Size": "Latina Fresh Kids Beef & Vegetable Mini Ravioli 200g",
    "COL Price": 4.5,
    "COL ppu": "$2.25 per 100G",
    "COL Size": "200g"
  },
  {
    "Brand_Product_Size": "Rose's English Breakfast Marmalade 500g",
    "COL Price": 3.85,
    "COL ppu": "$0.77 per 100G",
    "COL Size": "500g"
  },
  {
    "Brand_Product_Size": "Maybelline Brow Fast Sculpt Brow Gel Clear Mascara 2.8mL",
    "COL Price": 10.5,
    "COL ppu": "$37.50 per 10mL",
    "COL Size": "2.8mL"
  },
  {
    "Brand_Product_Size": "Coles Kitchen 2 Plain Naan 350g",
    "COL Price": 3.5,
    "COL ppu": "$1.00 per 100G",
    "COL Size": "350g"
  },
  {
    "Brand_Product_Size": "Nature's Gift Sustain Natural Kangaroo Dry Dog Food 6kg",
    "COL Price": 18,
    "COL ppu": "$0.30 per 100G",
    "COL Size": "6kg"
  },
  {
    "Brand_Product_Size": "Coles Deli Salads Tub Small Classic Coleslaw smaLL",
    "COL Price": 4,
    "COL ppu": "$4.00 per 1Ea",
    "COL Size": "smaLL"
  },
  {
    "Brand_Product_Size": "Slow Hills RSPCA Approved Chicken Thigh Cutlets 600g",
    "COL Price": 12,
    "COL ppu": "$20.00 per 1Kg",
    "COL Size": "600g"
  },
  {
    "Brand_Product_Size": "Bosisto's Stress Pure Essential Oils 15mL",
    "COL Price": 17,
    "COL ppu": "$1.13 per 1mL",
    "COL Size": "15mL"
  },
  {
    "Brand_Product_Size": "Cleaver's Beef Stir Fry Free Range Organic approx. 500g pack",
    "COL Price": 14,
    "COL ppu": "$28.00 per 1Kg",
    "COL Size": "approx. 500g pack"
  },
  {
    "Brand_Product_Size": "Snowdonia Beechwood Smoked Cheddar approx. 100g",
    "COL Price": 6,
    "COL ppu": "$60.00 per 1Kg",
    "COL Size": "approx. 100g"
  },
  {
    "Brand_Product_Size": "Great Ocean Road Buckley Creek Extra Tasty Cheese Block 500g",
    "COL Price": 7,
    "COL ppu": "$14.00 per 1Kg",
    "COL Size": "500g"
  },
  {
    "Brand_Product_Size": "Indomie Fried BBQ Chicken Instant Noodles 5 Pack 85g",
    "COL Price": 2.75,
    "COL ppu": "$0.65 per 100G",
    "COL Size": "85g"
  },
  {
    "Brand_Product_Size": "Sanitarium So Good Long Life Unsweetened Almond & Coconut Milk 1L",
    "COL Price": 2.7,
    "COL ppu": "$2.70 per 1L",
    "COL Size": "1L"
  },
  {
    "Brand_Product_Size": "John West Barramundi With Lemon Myrtle & Murray River Salt Seasoning 2 Pack 275g",
    "COL Price": 12,
    "COL ppu": "$43.64 per 1KG",
    "COL Size": "275g"
  },
  {
    "Brand_Product_Size": "Golden Circle Sunshine Punch Fruit Drink Multipack 250mL 6 pack",
    "COL Price": 4.5,
    "COL ppu": "$0.75 per 1Ea",
    "COL Size": "6 pack"
  },
  {
    "Brand_Product_Size": "Dilmah Chamomile Tea Bags 10 pack",
    "COL Price": 2,
    "COL ppu": "$0.20 per 1Ea",
    "COL Size": "10 pack"
  },
  {
    "Brand_Product_Size": "Fromager D' Affinois Excellence Cheese approx. 100g",
    "COL Price": 8.5,
    "COL ppu": "$85.00 per 1Kg",
    "COL Size": "approx. 100g"
  },
  {
    "Brand_Product_Size": "E45 Dermatological Skin Care Cream 350g",
    "COL Price": 16,
    "COL ppu": "$4.57 per 100G",
    "COL Size": "350g"
  },
  {
    "Brand_Product_Size": "Coles Nature's Kitchen Meat Free Smokey Grill Burgers 250g",
    "COL Price": 6,
    "COL ppu": "$2.40 per 100G",
    "COL Size": "250g"
  },
  {
    "Brand_Product_Size": "Arnott's Raspberry Shortcake Biscuits 250g",
    "COL Price": 3,
    "COL ppu": "$1.20 per 100G",
    "COL Size": "250g"
  },
  {
    "Brand_Product_Size": "Audeeo Confidant Wired Earphones Assorted 1 pack",
    "COL Price": 12,
    "COL ppu": "$12.00 per 1Ea",
    "COL Size": "1 pack"
  },
  {
    "Brand_Product_Size": "Steggles Frozen Tempura Chicken Breast Dino Snacks 400g",
    "COL Price": 5,
    "COL ppu": "$12.50 per 1Kg",
    "COL Size": "400g"
  },
  {
    "Brand_Product_Size": "Multix Greener Plant Based Cling Wrap 20m each",
    "COL Price": 3,
    "COL ppu": "$3.00 per 1Ea",
    "COL Size": "each"
  },
  {
    "Brand_Product_Size": "Coles Kitchen Coleslaw Salad 800g",
    "COL Price": 5.9,
    "COL ppu": "$7.38 per 1Kg",
    "COL Size": "800g"
  },
  {
    "Brand_Product_Size": "Latina Gluten Free Lasagne Sheets 280g",
    "COL Price": 7,
    "COL ppu": "$2.50 per 100G",
    "COL Size": "280g"
  },
  {
    "Brand_Product_Size": "Provedore Mild Salami & Cheese Roll Ups 95g",
    "COL Price": 7,
    "COL ppu": "$73.68 per 1Kg",
    "COL Size": "95g"
  },
  {
    "Brand_Product_Size": "Black Swan Crafted Crispy Bacon & Caramelised Onion Dip 200g",
    "COL Price": 4.3,
    "COL ppu": "$2.15 per 100G",
    "COL Size": "200g"
  },
  {
    "Brand_Product_Size": "Natures Way Restore Digestive Tablets 28 pack",
    "COL Price": 20,
    "COL ppu": "$71.43 per 100Ea",
    "COL Size": "28 pack"
  },
  {
    "Brand_Product_Size": "Diet Rite Apple Raspberry Cordial 1L",
    "COL Price": 3,
    "COL ppu": "$3.00 per 1L",
    "COL Size": "1L"
  },
  {
    "Brand_Product_Size": "Sup Fit 30 pack",
    "COL Price": 23,
    "COL ppu": "",
    "COL Size": "30 pack"
  },
  {
    "Brand_Product_Size": "Rimmel Lasting Finish Liquid Soft Beige 200 Foundation 30mL",
    "COL Price": 11.4,
    "COL ppu": "$3.80 per 10mL",
    "COL Size": "30mL"
  },
  {
    "Brand_Product_Size": "St Remio Coffee Expressi/Caffitaly Bio-Organic Expresso Capsules 10 pack",
    "COL Price": 5,
    "COL ppu": "$0.50 per 1Ea",
    "COL Size": "10 pack"
  },
  {
    "Brand_Product_Size": "Ferrero Collection 15 Pack Boxed Chocolate Gift 172g",
    "COL Price": 13.5,
    "COL ppu": "$7.85 per 100G",
    "COL Size": "172g"
  },
  {
    "Brand_Product_Size": "Dodoni Goat's Fetta Cheese 200g",
    "COL Price": 6,
    "COL ppu": "$30.00 per 1Kg",
    "COL Size": "200g"
  },
  {
    "Brand_Product_Size": "Cook & Dine Black Single Oven Glove each",
    "COL Price": 4,
    "COL ppu": "$4.00 per 1Ea",
    "COL Size": "each"
  },
  {
    "Brand_Product_Size": "Pepsi Multipack Cans 375mL 10 pack",
    "COL Price": 7.5,
    "COL ppu": "$2.00 per 1L",
    "COL Size": "10 pack"
  },
  {
    "Brand_Product_Size": "Mission Cheesy Nachos Tortilla Triangles Corn Chips 230g",
    "COL Price": 3.1,
    "COL ppu": "$1.35 per 100G",
    "COL Size": "230g"
  },
  {
    "Brand_Product_Size": "Farmer Jo Gluten Free Paleo Granola 300g",
    "COL Price": 8.5,
    "COL ppu": "$2.83 per 100G",
    "COL Size": "300g"
  },
  {
    "Brand_Product_Size": "Coles Carrots Prepacked 1kg",
    "COL Price": 2,
    "COL ppu": "$2.00 per 1Kg",
    "COL Size": "1kg"
  },
  {
    "Brand_Product_Size": "Coles Ultra Concentrate Lemon Dishwashing Liquid 450mL",
    "COL Price": 1.7,
    "COL ppu": "$0.38 per 100mL",
    "COL Size": "450mL"
  },
  {
    "Brand_Product_Size": "Imperial Leather Original Toilet Soap 6 pack",
    "COL Price": 4.2,
    "COL ppu": "$0.70 per 100G",
    "COL Size": "6 pack"
  },
  {
    "Brand_Product_Size": "Lakanto Monkfruit Sweetener Golden 200g",
    "COL Price": 8.9,
    "COL ppu": "$4.45 per 100G",
    "COL Size": "200g"
  },
  {
    "Brand_Product_Size": "Yoosh Lychee Flavour Aloe Vera Drink 500mL",
    "COL Price": 2.85,
    "COL ppu": "$5.70 per 1L",
    "COL Size": "500mL"
  },
  {
    "Brand_Product_Size": "DermaVeen Sensitive Relief Eczema Lotion 250mL",
    "COL Price": 12,
    "COL ppu": "$4.80 per 100mL",
    "COL Size": "250mL"
  },
  {
    "Brand_Product_Size": "Deli Exp Hans Hot Twiggy 500g 500g",
    "COL Price": 12.5,
    "COL ppu": "$25.00 per 1Kg",
    "COL Size": "500g"
  },
  {
    "Brand_Product_Size": "Meat Servery Beef Porterhouse Steak approx. 400g",
    "COL Price": 14.8,
    "COL ppu": "$37.00 per 1Kg",
    "COL Size": "approx. 400g"
  },
  {
    "Brand_Product_Size": "Bickford's Lime Cordial 750mL",
    "COL Price": 3.2,
    "COL ppu": "$4.27 per 1L",
    "COL Size": "750mL"
  },
  {
    "Brand_Product_Size": "Cadbury Old Gold Original Dark Chocolate Block 180g",
    "COL Price": 3.5,
    "COL ppu": "$1.94 per 100G",
    "COL Size": "180g"
  },
  {
    "Brand_Product_Size": "Coles I'M Free From Chocolate Mint Creme Biscuits 145g",
    "COL Price": 3.5,
    "COL ppu": "$2.41 per 100G",
    "COL Size": "145g"
  },
  {
    "Brand_Product_Size": "Coles Roast Chicken With Noodles Serves 2 75g",
    "COL Price": 1,
    "COL ppu": "$1.33 per 100G",
    "COL Size": "75g"
  },
  {
    "Brand_Product_Size": "Pringles BBQ Stacked Potato Chips 134g",
    "COL Price": 2,
    "COL ppu": "$1.49 per 100G",
    "COL Size": "134g"
  },
  {
    "Brand_Product_Size": "Mckenzies Soup Mix 2.5kg",
    "COL Price": 6,
    "COL ppu": "$2.40 per 1Kg",
    "COL Size": "2.5kg"
  },
  {
    "Brand_Product_Size": "Be Natural Original Mini Bites Organic Breakfast Cereal With Whole Grains 460g",
    "COL Price": 4.87,
    "COL ppu": "$1.06 per 100G",
    "COL Size": "460g"
  },
  {
    "Brand_Product_Size": "CSR Raw Sugar Sticks 150g",
    "COL Price": 2.85,
    "COL ppu": "$1.90 per 100G",
    "COL Size": "150g"
  },
  {
    "Brand_Product_Size": "Coles Caster Sugar 1kg",
    "COL Price": 2,
    "COL ppu": "$0.20 per 100G",
    "COL Size": "1kg"
  },
  {
    "Brand_Product_Size": "Coles Nutmeg Ground 44g",
    "COL Price": 2.55,
    "COL ppu": "$0.58 per 10G",
    "COL Size": "44g"
  },
  {
    "Brand_Product_Size": "Lilydale Free Range Whole Chicken approx. 1.27kg each",
    "COL Price": 10.16,
    "COL ppu": "$8.00 per 1Kg",
    "COL Size": "approx. 1.27kg each"
  },
  {
    "Brand_Product_Size": "McCain Quick Cook Shoestring 750g",
    "COL Price": 4.3,
    "COL ppu": "$5.73 per 1Kg",
    "COL Size": "750g"
  },
  {
    "Brand_Product_Size": "Tracklements Tomato Ketchup 230mL",
    "COL Price": 12,
    "COL ppu": "$5.22 per 100mL",
    "COL Size": "230mL"
  },
  {
    "Brand_Product_Size": "Coles Turkish Delight 190g",
    "COL Price": 6,
    "COL ppu": "$3.16 per 100G",
    "COL Size": "190g"
  },
  {
    "Brand_Product_Size": "Queen Victoria English Breakfast Extra Strong Tea 100 pack",
    "COL Price": 10,
    "COL ppu": "$0.10 per 1Ea",
    "COL Size": "100 pack"
  },
  {
    "Brand_Product_Size": "Dove Women's Antiperspirant Aerosol Deodorant Go fresh pomegranate 250mL",
    "COL Price": 7,
    "COL ppu": "$2.80 per 100mL",
    "COL Size": "250mL"
  },
  {
    "Brand_Product_Size": "Heinz No Added Sugar Spaghetti 220g",
    "COL Price": 1.65,
    "COL ppu": "$0.75 per 100G",
    "COL Size": "220g"
  },
  {
    "Brand_Product_Size": "Coles Alcohol Wipes 50 pack",
    "COL Price": 2.5,
    "COL ppu": "$0.05 per 1Ea",
    "COL Size": "50 pack"
  },
  {
    "Brand_Product_Size": "Bounce Gluten Free Coconut Lemon Protein Energy Ball 40g",
    "COL Price": 2,
    "COL ppu": "$0.50 per 10G",
    "COL Size": "40g"
  },
  {
    "Brand_Product_Size": "Coles Plum Jam 480g",
    "COL Price": 2,
    "COL ppu": "$0.42 per 100G",
    "COL Size": "480g"
  },
  {
    "Brand_Product_Size": "Mars M&M's Pretzel 130g",
    "COL Price": 3,
    "COL ppu": "$2.31 per 100G",
    "COL Size": "130g"
  },
  {
    "Brand_Product_Size": "Zafarelli Elicoidali Pasta No 57 500g",
    "COL Price": 1.6,
    "COL ppu": "$0.32 per 100G",
    "COL Size": "500g"
  },
  {
    "Brand_Product_Size": "Harvest Beef & Vegetables Mild Curry 425g",
    "COL Price": 3,
    "COL ppu": "$0.71 per 100G",
    "COL Size": "425g"
  },
  {
    "Brand_Product_Size": "Cadbury Chocolate Fingers Milk Biscuits 114g",
    "COL Price": 2,
    "COL ppu": "$1.75 per 100G",
    "COL Size": "114g"
  },
  {
    "Brand_Product_Size": "V.I.P. Natures Goodness Home Style Beef Stew with Carrots & Potatoes Canned Dog Food 400g",
    "COL Price": 1.9,
    "COL ppu": "$0.48 per 100G",
    "COL Size": "400g"
  },
  {
    "Brand_Product_Size": "Coles Baby Spinach & Rocket 60g",
    "COL Price": 2,
    "COL ppu": "$3.33 per 100G",
    "COL Size": "60g"
  },
  {
    "Brand_Product_Size": "Colgate Sensitive Pro Relief Whitening Toothpaste 110g",
    "COL Price": 10,
    "COL ppu": "$9.09 per 100G",
    "COL Size": "110g"
  },
  {
    "Brand_Product_Size": "Audisol Ear Cleansing Spray 50mL",
    "COL Price": 15,
    "COL ppu": "$30.00 per 100mL",
    "COL Size": "50mL"
  },
  {
    "Brand_Product_Size": "CSR Raw Sugar 500g",
    "COL Price": 1.2,
    "COL ppu": "$0.24 per 100G",
    "COL Size": "500g"
  },
  {
    "Brand_Product_Size": "Mr Chen's Chicken & Lemongrass Dumplings 300g",
    "COL Price": 3.75,
    "COL ppu": "$1.25 per 100G",
    "COL Size": "300g"
  },
  {
    "Brand_Product_Size": "Durex Real Feel Condoms 6 pack",
    "COL Price": 7,
    "COL ppu": "$1.17 per 1Ea",
    "COL Size": "6 pack"
  },
  {
    "Brand_Product_Size": "Michel Mercier Brush For Thick Hair 1 pack",
    "COL Price": 20,
    "COL ppu": "$20.00 per 1Ea",
    "COL Size": "1 pack"
  },
  {
    "Brand_Product_Size": "Pureharvest Organic Tamari Soy Sauce Wheat Free Salt Reduced 250mL",
    "COL Price": 4,
    "COL ppu": "$1.60 per 100mL",
    "COL Size": "250mL"
  },
  {
    "Brand_Product_Size": "Vittoria Latte Blend Capsules 10 pack",
    "COL Price": 6,
    "COL ppu": "$0.60 per 1Ea",
    "COL Size": "10 pack"
  },
  {
    "Brand_Product_Size": "Connoisseur Belgian Chocolate Gourmet Ice Cream Tub 1L",
    "COL Price": 7.5,
    "COL ppu": "$0.75 per 100mL",
    "COL Size": "1L"
  },
  {
    "Brand_Product_Size": "Red Tractor Chia Seeds 500g",
    "COL Price": 10,
    "COL ppu": "$2.00 per 100G",
    "COL Size": "500g"
  },
  {
    "Brand_Product_Size": "Ogx Coconut Miracle Oil Extra Strength Mask 168g",
    "COL Price": 21,
    "COL ppu": "$12.50 per 100G",
    "COL Size": "168g"
  },
  {
    "Brand_Product_Size": "Cetaphil Moisturising Bath & Wash 230mL",
    "COL Price": 5.95,
    "COL ppu": "$2.59 per 100mL",
    "COL Size": "230mL"
  },
  {
    "Brand_Product_Size": "Coles Lamb Mince 500g",
    "COL Price": 8,
    "COL ppu": "$16.00 per 1Kg",
    "COL Size": "500g"
  },
  {
    "Brand_Product_Size": "Nood Sustainable Cage-Free Chicken Recipe With Superfoods Dry Dog Food 3kg",
    "COL Price": 20,
    "COL ppu": "$6.67 per 1Kg",
    "COL Size": "3kg"
  },
  {
    "Brand_Product_Size": "Greens Traditional Chocolate Brownie Mix 380g",
    "COL Price": 2.75,
    "COL ppu": "$0.72 per 100G",
    "COL Size": "380g"
  },
  {
    "Brand_Product_Size": "Sanitarium UP&GO Protein Energize Vanilla 250mL 3 pack",
    "COL Price": 4.95,
    "COL ppu": "$0.66 per 100mL",
    "COL Size": "3 pack"
  },
  {
    "Brand_Product_Size": "Coles Deli Fromager D'Affinois approx. 100g",
    "COL Price": 7.5,
    "COL ppu": "$75.00 per 1Kg",
    "COL Size": "approx. 100g"
  },
  {
    "Brand_Product_Size": "Finish Classic Lemon Concentrared Powder 2kg",
    "COL Price": 19.5,
    "COL ppu": "$0.98 per 100G",
    "COL Size": "2kg"
  },
  {
    "Brand_Product_Size": "Hoyts Cumin Ground 130g",
    "COL Price": 5,
    "COL ppu": "$0.38 per 10G",
    "COL Size": "130g"
  },
  {
    "Brand_Product_Size": "Life-Space Shape B420 40 Probiotic Tablets 1 pack",
    "COL Price": 27,
    "COL ppu": "$27.00 per 1Ea",
    "COL Size": "1 pack"
  },
  {
    "Brand_Product_Size": "Gatorade Orange Ice Sports Drink 1L",
    "COL Price": 2.5,
    "COL ppu": "$2.50 per 1L",
    "COL Size": "1L"
  },
  {
    "Brand_Product_Size": "Modo Ecoliving Recycled Pens 4 pack",
    "COL Price": 2.4,
    "COL ppu": "$0.60 per 1Ea",
    "COL Size": "4 pack"
  },
  {
    "Brand_Product_Size": "Coles Raisin Toast 560g",
    "COL Price": 2,
    "COL ppu": "$0.36 per 100G",
    "COL Size": "560g"
  },
  {
    "Brand_Product_Size": "Sensodyne Repair & Protect Soft Toothbrush 1 pack",
    "COL Price": 5,
    "COL ppu": "$5.00 per 1Ea",
    "COL Size": "1 pack"
  },
  {
    "Brand_Product_Size": "Steggles Southern Style Burger 360g",
    "COL Price": 6.4,
    "COL ppu": "$17.78 per 1Kg",
    "COL Size": "360g"
  },
  {
    "Brand_Product_Size": "Golden Circle Golden Pash Fruit Drink Multipack 250mL 6 pack",
    "COL Price": 4.5,
    "COL ppu": "$0.75 per 1Ea",
    "COL Size": "6 pack"
  },
  {
    "Brand_Product_Size": "Belvita Milk and Cereals Breakfast Biscuits 6 Pack 300g",
    "COL Price": 4,
    "COL ppu": "$1.33 per 100G",
    "COL Size": "300g"
  },
  {
    "Brand_Product_Size": "Auricchio Grana Padano Grated Cheese approx. 100g",
    "COL Price": 4.2,
    "COL ppu": "$42.00 per 1Kg",
    "COL Size": "approx. 100g"
  },
  {
    "Brand_Product_Size": "DermaVeen Extra Gentle Intensive Moisturising Lotion 250mL",
    "COL Price": 8.8,
    "COL ppu": "$3.52 per 100mL",
    "COL Size": "250mL"
  },
  {
    "Brand_Product_Size": "Coles \"Made Easy Bacon Wrapped Chicken Parcels With Pumpkin 600g",
    "COL Price": 12,
    "COL ppu": "$20.00 per 1Kg",
    "COL Size": "600g"
  },
  {
    "Brand_Product_Size": "Coles Diet Dry Ginger Ale Sparkling Mixer 1.25L",
    "COL Price": 1,
    "COL ppu": "$0.80 per 1L",
    "COL Size": "1.25L"
  },
  {
    "Brand_Product_Size": "Perkii Mango Passionfruit Probiotic Drink 350mL",
    "COL Price": 3.2,
    "COL ppu": "$9.14 per 1L",
    "COL Size": "350mL"
  },
  {
    "Brand_Product_Size": "Old El Paso Jumbo Tortillas 6 pack 450g",
    "COL Price": 5.3,
    "COL ppu": "$1.18 per 100G",
    "COL Size": "450g"
  },
  {
    "Brand_Product_Size": "Olay Regenerist Micro Sculpting Essence Water 150mL",
    "COL Price": 40,
    "COL ppu": "$26.67 per 100mL",
    "COL Size": "150mL"
  },
  {
    "Brand_Product_Size": "Coles High Top White Bread 750g",
    "COL Price": 2.7,
    "COL ppu": "$0.36 per 100G",
    "COL Size": "750g"
  },
  {
    "Brand_Product_Size": "Cadbury Pinky Chocolate Bar Less Fat 40g",
    "COL Price": 1.85,
    "COL ppu": "$4.63 per 100G",
    "COL Size": "40g"
  },
  {
    "Brand_Product_Size": "Yumi's Classic Hommus With Pesto Rocket & Almond 200g",
    "COL Price": 3,
    "COL ppu": "$1.50 per 100G",
    "COL Size": "200g"
  },
  {
    "Brand_Product_Size": "Coles Deli Danube Rare Blackforest Rare Roast Beef approx. 2kg",
    "COL Price": 50.4,
    "COL ppu": "$25.20 per 1Kg",
    "COL Size": "approx. 2kg"
  },
  {
    "Brand_Product_Size": "Cetaphil Moisturising Cream 100g",
    "COL Price": 9.5,
    "COL ppu": "$9.50 per 100G",
    "COL Size": "100g"
  },
  {
    "Brand_Product_Size": "Gefen Vegetable Flavour Instant Noodle Soup 66g",
    "COL Price": 2.3,
    "COL ppu": "$3.48 per 100G",
    "COL Size": "66g"
  },
  {
    "Brand_Product_Size": "Herbal Essences Colour Me Happy Shampoo 300mL",
    "COL Price": 6.5,
    "COL ppu": "$2.17 per 100mL",
    "COL Size": "300mL"
  },
  {
    "Brand_Product_Size": "Schwarzkopf Root Retoucher Spray Brown 70g",
    "COL Price": 18,
    "COL ppu": "$25.71 per 100G",
    "COL Size": "70g"
  },
  {
    "Brand_Product_Size": "Coles RSPCA Approved Chicken V Wings approx. 900g each",
    "COL Price": 6.75,
    "COL ppu": "$7.50 per 1Kg",
    "COL Size": "approx. 900g each"
  },
  {
    "Brand_Product_Size": "Swisse Ultiboost Sleep Tablets 100 pack",
    "COL Price": 18.5,
    "COL ppu": "$0.19 per 1Ea",
    "COL Size": "100 pack"
  },
  {
    "Brand_Product_Size": "Pana White Hazelnut 80g",
    "COL Price": 9,
    "COL ppu": "$11.25 per 100G",
    "COL Size": "80g"
  },
  {
    "Brand_Product_Size": "Decor Match Ups Basics Container Oblong Green 800ml each",
    "COL Price": 5.5,
    "COL ppu": "$5.50 per 1ea",
    "COL Size": "each"
  },
  {
    "Brand_Product_Size": "Coles Corn Kernels No Added Salt 420g",
    "COL Price": 1,
    "COL ppu": "$2.38 per 1Kg",
    "COL Size": "420g"
  },
  {
    "Brand_Product_Size": "Toscano Choco Chip Waffles 4 pack 360g",
    "COL Price": 5.5,
    "COL ppu": "$1.53 per 100G",
    "COL Size": "360g"
  },
  {
    "Brand_Product_Size": "Coles Popcorn Original 6 pack 90g",
    "COL Price": 3,
    "COL ppu": "$3.33 per 100G",
    "COL Size": "90g"
  },
  {
    "Brand_Product_Size": "McCain Frozen Veal Cordon Bleu 320g",
    "COL Price": 6,
    "COL ppu": "$1.88 per 100G",
    "COL Size": "320g"
  },
  {
    "Brand_Product_Size": "Coles Sweetened Dried Blueberries 130g",
    "COL Price": 4.2,
    "COL ppu": "$3.23 per 100G",
    "COL Size": "130g"
  },
  {
    "Brand_Product_Size": "Sealord Frozen Parmesan & Rosemary Ciabatta Fillets 300g",
    "COL Price": 5,
    "COL ppu": "$1.67 per 100G",
    "COL Size": "300g"
  },
  {
    "Brand_Product_Size": "Toni & Guy Dry Shampoo Brunette 250mL",
    "COL Price": 16,
    "COL ppu": "$6.40 per 100mL",
    "COL Size": "250mL"
  },
  {
    "Brand_Product_Size": "Coles Kitchen Beef Lasagne 400g",
    "COL Price": 7.5,
    "COL ppu": "$1.88 per 100G",
    "COL Size": "400g"
  },
  {
    "Brand_Product_Size": "Fancy Feast Appetizers White Meat Chicken In Savoury Broth Cat Food 31.2g",
    "COL Price": 1.6,
    "COL ppu": "$5.13 per 100G",
    "COL Size": "31.2g"
  },
  {
    "Brand_Product_Size": "Cancer Council Face day Wear BB Cream Matte Cream 50mL",
    "COL Price": 15,
    "COL ppu": "$30.00 per 100mL",
    "COL Size": "50mL"
  },
  {
    "Brand_Product_Size": "Multix Greener Plant Based Snack Bags 35 pack",
    "COL Price": 3.1,
    "COL ppu": "$0.09 per 1Ea",
    "COL Size": "35 pack"
  },
  {
    "Brand_Product_Size": "Senza Gluten Free Focaccia Garlic & Herb 250g",
    "COL Price": 5,
    "COL ppu": "$2.00 per 100G",
    "COL Size": "250g"
  },
  {
    "Brand_Product_Size": "Dr Schar Crackers 210g",
    "COL Price": 8.15,
    "COL ppu": "$3.88 per 100G",
    "COL Size": "210g"
  },
  {
    "Brand_Product_Size": "Peters Drumstick Classic Vanilla Ice Cream Cone 16 pack 1.9L",
    "COL Price": 17,
    "COL ppu": "$0.89 per 100mL",
    "COL Size": "1.9L"
  },
  {
    "Brand_Product_Size": "Coles Breakfast Marmalade 460g",
    "COL Price": 1.3,
    "COL ppu": "$0.26 per 100G",
    "COL Size": "460g"
  },
  {
    "Brand_Product_Size": "Core Power Foods Holy Meatballs Lean Beef 350g",
    "COL Price": 9,
    "COL ppu": "$2.57 per 100G",
    "COL Size": "350g"
  },
  {
    "Brand_Product_Size": "Clara Ultra Thin Pads Overnight With Wings 10 pack",
    "COL Price": 3,
    "COL ppu": "$0.30 per 1Ea",
    "COL Size": "10 pack"
  },
  {
    "Brand_Product_Size": "Gotzinger Kransky Jalapeno Cheese each",
    "COL Price": 2,
    "COL ppu": "$2.00 per 1Ea",
    "COL Size": "each"
  },
  {
    "Brand_Product_Size": "Mix Footless Tights 120 Denier 1 pack",
    "COL Price": 10,
    "COL ppu": "$10.00 per 1Ea",
    "COL Size": "1 pack"
  },
  {
    "Brand_Product_Size": "Birds Eye Snap Frozen Country Harvest Carrot Cauliflower & Broccoli 1kg",
    "COL Price": 4,
    "COL ppu": "$4.00 per 1Kg",
    "COL Size": "1kg"
  },
  {
    "Brand_Product_Size": "Uncle Tobys Lemon Yogurt Muesli 175g",
    "COL Price": 5,
    "COL ppu": "$2.86 per 100G",
    "COL Size": "175g"
  },
  {
    "Brand_Product_Size": "Outback Spirit Lemon Myrtle Coconut & Chilli Sauce 245mL",
    "COL Price": 3,
    "COL ppu": "$1.22 per 100mL",
    "COL Size": "245mL"
  },
  {
    "Brand_Product_Size": "Pan Ducale Bastoncini Almond Biscuits 100g",
    "COL Price": 2.85,
    "COL ppu": "$2.85 per 100G",
    "COL Size": "100g"
  },
  {
    "Brand_Product_Size": "Vaalia Kids Tropical Yoghurt Pouch 140g",
    "COL Price": 1.7,
    "COL ppu": "$1.21 per 100G",
    "COL Size": "140g"
  },
  {
    "Brand_Product_Size": "St Dalfour Red Raspberry Spread 284g",
    "COL Price": 3,
    "COL ppu": "$1.06 per 100G",
    "COL Size": "284g"
  },
  {
    "Brand_Product_Size": "Uncle Tobys Le Snak Tasty Cheese 6 Pack 132g",
    "COL Price": 3,
    "COL ppu": "$2.27 per 100G",
    "COL Size": "132g"
  },
  {
    "Brand_Product_Size": "Nivea Daily Essentials Rich Regenerating Night Cream Face Moisturiser + Shea Butter for Dry Skin 50mL",
    "COL Price": 13.4,
    "COL ppu": "$26.80 per 100mL",
    "COL Size": "50mL"
  },
  {
    "Brand_Product_Size": "Energizer Micro USB Cable 1.2M Black 1 pack",
    "COL Price": 10,
    "COL ppu": "$10.00 per 1Ea",
    "COL Size": "1 pack"
  },
  {
    "Brand_Product_Size": "Mars M&M's Bucket Peanut 575g",
    "COL Price": 12,
    "COL ppu": "$2.09 per 100G",
    "COL Size": "575g"
  },
  {
    "Brand_Product_Size": "Head & Shoulders Supreme Smooth Anti Dandruff Shampoo 400mL",
    "COL Price": 7.5,
    "COL ppu": "$1.88 per 100mL",
    "COL Size": "400mL"
  },
  {
    "Brand_Product_Size": "Coles Tasty Cheese Bites & Soy Crisps 45g",
    "COL Price": 2,
    "COL ppu": "",
    "COL Size": "45g"
  },
  {
    "Brand_Product_Size": "Maggi Oyster Sauce 275mL",
    "COL Price": 3,
    "COL ppu": "$1.09 per 100mL",
    "COL Size": "275mL"
  },
  {
    "Brand_Product_Size": "Sally Hansen Clip 'N Catch Nail Clippers each",
    "COL Price": 13,
    "COL ppu": "$13.00 per 1Ea",
    "COL Size": "each"
  },
  {
    "Brand_Product_Size": "Vittoria Biscotti Amaretti Biscuits 200g",
    "COL Price": 3.2,
    "COL ppu": "$1.60 per 100G",
    "COL Size": "200g"
  },
  {
    "Brand_Product_Size": "Kras Napolitanke Hazelnut Wafers 100g",
    "COL Price": 1,
    "COL ppu": "$1.00 per 100G",
    "COL Size": "100g"
  },
  {
    "Brand_Product_Size": "Biostime Premium Organic Infant Formula 800g",
    "COL Price": 33.3,
    "COL ppu": "$4.16 per 100G",
    "COL Size": "800g"
  },
  {
    "Brand_Product_Size": "Bostik Glu Dots Removable 64 pack",
    "COL Price": 4,
    "COL ppu": "$0.06 per 1Ea",
    "COL Size": "64 pack"
  },
  {
    "Brand_Product_Size": "Gillette Sensor Excel Blade Refill 10 pack",
    "COL Price": 28.5,
    "COL ppu": "$2.85 per 1Ea",
    "COL Size": "10 pack"
  },
  {
    "Brand_Product_Size": "Cub Unisex Crawler Nappies Size 3 56 pack",
    "COL Price": 10,
    "COL ppu": "$0.18 per 1Ea",
    "COL Size": "56 pack"
  },
  {
    "Brand_Product_Size": "Bow Wow Waste Bags Bone Shaped Dispenser & Refill 1 pack",
    "COL Price": 3,
    "COL ppu": "$3.00 per 1Ea",
    "COL Size": "1 pack"
  },
  {
    "Brand_Product_Size": "Europe Sesame Bar 45g",
    "COL Price": 2,
    "COL ppu": "$4.44 per 100G",
    "COL Size": "45g"
  },
  {
    "Brand_Product_Size": "Oreo Milk Chocolate Wafer Sticks 128g",
    "COL Price": 2.4,
    "COL ppu": "$1.88 per 100G",
    "COL Size": "128g"
  },
  {
    "Brand_Product_Size": "Cleaver's Beef Burger Organic Chuck And Brisket 450g",
    "COL Price": 9.5,
    "COL ppu": "$21.11 per 1Kg",
    "COL Size": "450g"
  },
  {
    "Brand_Product_Size": "Pledge Wood Magic Liquid Floor Cleaner 500mL",
    "COL Price": 4.85,
    "COL ppu": "$0.97 per 100mL",
    "COL Size": "500mL"
  },
  {
    "Brand_Product_Size": "Coles RSPCA Approved Chicken Kebabs Honey & Soy 375g",
    "COL Price": 7,
    "COL ppu": "$18.67 per 1Kg",
    "COL Size": "375g"
  },
  {
    "Brand_Product_Size": "Schwobs Multigrain Half Loaf 450g",
    "COL Price": 2.9,
    "COL ppu": "$0.64 per 100G",
    "COL Size": "450g"
  },
  {
    "Brand_Product_Size": "San Remo Penne Zita Pasta No 20 500g",
    "COL Price": 1.95,
    "COL ppu": "$0.39 per 100G",
    "COL Size": "500g"
  },
  {
    "Brand_Product_Size": "Coles Bakery Hawaiian Tear & Share each",
    "COL Price": 3.5,
    "COL ppu": "$3.50 per 1Ea",
    "COL Size": "each"
  },
  {
    "Brand_Product_Size": "Reef Coconut Shimmer Oil SPF 15 125mL",
    "COL Price": 20,
    "COL ppu": "$16.00 per 100mL",
    "COL Size": "125mL"
  },
  {
    "Brand_Product_Size": "Bega Simply Nuts Crunchy Dark Roast Peanut Butter 315g",
    "COL Price": 4,
    "COL ppu": "$1.27 per 100G",
    "COL Size": "315g"
  },
  {
    "Brand_Product_Size": "Nice & Natural Raspberry & Blueberry Fruit Strings 136g",
    "COL Price": 4,
    "COL ppu": "$2.94 per 100G",
    "COL Size": "136g"
  },
  {
    "Brand_Product_Size": "Supercoat Real Meat Dry Puppy Dog Food 7.5kg",
    "COL Price": 29,
    "COL ppu": "$0.39 per 100G",
    "COL Size": "7.5kg"
  },
  {
    "Brand_Product_Size": "Smash Switch Up Lunch Box each",
    "COL Price": 15,
    "COL ppu": "$15.00 per 1Ea",
    "COL Size": "each"
  },
  {
    "Brand_Product_Size": "Peppa Pig Bag O Fun each",
    "COL Price": 13.25,
    "COL ppu": "$13.25 per 1Ea",
    "COL Size": "each"
  },
  {
    "Brand_Product_Size": "Coles Made Easy Slow Cooked Beef Brisket With American Style BBQ Sauce 800g",
    "COL Price": 16,
    "COL ppu": "$2.00 per 100G",
    "COL Size": "800g"
  },
  {
    "Brand_Product_Size": "Hart & Soul Gluten Free Peanut Satay Saucy Noodles 135g",
    "COL Price": 4.9,
    "COL ppu": "$3.63 per 100G",
    "COL Size": "135g"
  },
  {
    "Brand_Product_Size": "Ritz Sweet N Salty Choc Flavoured Sandwich Crackers 118g",
    "COL Price": 1.5,
    "COL ppu": "$1.27 per 100G",
    "COL Size": "118g"
  },
  {
    "Brand_Product_Size": "Heinz Smokey Barbeque Sauce 500mL",
    "COL Price": 2.5,
    "COL ppu": "$0.50 per 100mL",
    "COL Size": "500mL"
  },
  {
    "Brand_Product_Size": "Siena Coarse Polenta 1kg",
    "COL Price": 4.15,
    "COL ppu": "$0.42 per 100G",
    "COL Size": "1kg"
  },
  {
    "Brand_Product_Size": "Barilla Genovese Pesto 190g",
    "COL Price": 4,
    "COL ppu": "$2.11 per 100G",
    "COL Size": "190g"
  },
  {
    "Brand_Product_Size": "Heinz Baked Beans In Tomato Sauce 130g",
    "COL Price": 1.1,
    "COL ppu": "$0.85 per 100G",
    "COL Size": "130g"
  },
  {
    "Brand_Product_Size": "Sanitarium UP&GO Liquid Breakfast Choc Ice 250mL 3 pack",
    "COL Price": 4.95,
    "COL ppu": "$0.66 per 100mL",
    "COL Size": "3 pack"
  },
  {
    "Brand_Product_Size": "Freedom Foods Messy Monkeys Low Fat A2 Protein Long Life Milk 6x200mL 6 pack",
    "COL Price": 2.5,
    "COL ppu": "$2.08 per 1L",
    "COL Size": "6 pack"
  },
  {
    "Brand_Product_Size": "McCain Frozen Shredded Potato Hash Browns 750g",
    "COL Price": 3,
    "COL ppu": "$4.00 per 1Kg",
    "COL Size": "750g"
  },
  {
    "Brand_Product_Size": "Coles Organic Wild Rocket Salad 100g",
    "COL Price": 4,
    "COL ppu": "$4.00 per 100G",
    "COL Size": "100g"
  },
  {
    "Brand_Product_Size": "Essano Rosehip Gentle Facial Exfoliator 100mL",
    "COL Price": 15,
    "COL ppu": "$15.00 per 100mL",
    "COL Size": "100mL"
  },
  {
    "Brand_Product_Size": "Blackmores Sleep Sound Tablets 30 pack",
    "COL Price": 9.75,
    "COL ppu": "$32.50 per 100Ea",
    "COL Size": "30 pack"
  },
  {
    "Brand_Product_Size": "Oatly Oat Milk Barista Edition 1L",
    "COL Price": 4.8,
    "COL ppu": "$4.80 per 1L",
    "COL Size": "1L"
  },
  {
    "Brand_Product_Size": "Golden Wok Diana Chans Tandoori Chicken Dumplings 230g",
    "COL Price": 7.5,
    "COL ppu": "$3.26 per 100G",
    "COL Size": "230g"
  },
  {
    "Brand_Product_Size": "Bill Organic Activated Super Seeds & Grains 620g",
    "COL Price": 7.3,
    "COL ppu": "$1.18 per 100G",
    "COL Size": "620g"
  },
  {
    "Brand_Product_Size": "Arnott's Kingston Biscuits 200g",
    "COL Price": 3,
    "COL ppu": "$1.50 per 100G",
    "COL Size": "200g"
  },
  {
    "Brand_Product_Size": "Bellamy's Organic Step 2 Follow On Infant Formula 900g",
    "COL Price": 32,
    "COL ppu": "$3.56 per 100G",
    "COL Size": "900g"
  },
  {
    "Brand_Product_Size": "Darrell Lea Fruitier & Nuttier Chocolate Block 180g",
    "COL Price": 5,
    "COL ppu": "$2.78 per 100G",
    "COL Size": "180g"
  },
  {
    "Brand_Product_Size": "Neutrogena Bright Boost Gel Cream 50mL",
    "COL Price": 30,
    "COL ppu": "$6.00 per 10mL",
    "COL Size": "50mL"
  },
  {
    "Brand_Product_Size": "Carlton Zero Cans 375mL 4 pack",
    "COL Price": 7.55,
    "COL ppu": "$5.03 per 1L",
    "COL Size": "4 pack"
  },
  {
    "Brand_Product_Size": "Hanabi Frozen Korean Kimchi Gyoza 675g",
    "COL Price": 10,
    "COL ppu": "$1.48 per 100G",
    "COL Size": "675g"
  },
  {
    "Brand_Product_Size": "Hydralyte Sports Berry Flavoured Effervescent Electrolyte 20 Tablets 1 pack",
    "COL Price": 13,
    "COL ppu": "$13.00 per 1Ea",
    "COL Size": "1 pack"
  },
  {
    "Brand_Product_Size": "Carman's Salted Caramel Nut Butter Gourmet Protein Bars 5 pack 200g",
    "COL Price": 6.3,
    "COL ppu": "$3.15 per 100G",
    "COL Size": "200g"
  },
  {
    "Brand_Product_Size": "Chewy Quick Eze Icy Mint Flavour 1 pack",
    "COL Price": 7,
    "COL ppu": "$7.00 per 1Ea",
    "COL Size": "1 pack"
  },
  {
    "Brand_Product_Size": "Coles Deli Salad Tubs Curried Pumpkin Cous Cous Salad each",
    "COL Price": 7,
    "COL ppu": "$7.00 per 1Ea",
    "COL Size": "each"
  },
  {
    "Brand_Product_Size": "Ecostore Handwash Pump Rose & Geranium 425mL",
    "COL Price": 6,
    "COL ppu": "$1.41 per 100mL",
    "COL Size": "425mL"
  },
  {
    "Brand_Product_Size": "Rascal & Friends Eco Nappies Size 3 Crawler 44 pack",
    "COL Price": 19,
    "COL ppu": "",
    "COL Size": "44 pack"
  },
  {
    "Brand_Product_Size": "Hanabi Frozen BBQ Pork Buns 300g",
    "COL Price": 8.5,
    "COL ppu": "$2.83 per 100G",
    "COL Size": "300g"
  },
  {
    "Brand_Product_Size": "Kewpie Japanese Dressing Sesame Soy Sauce 210mL",
    "COL Price": 4.6,
    "COL ppu": "$2.19 per 100mL",
    "COL Size": "210mL"
  },
  {
    "Brand_Product_Size": "Capilano Delicate & Smooth Yellow Box Honey Upside Down 340g",
    "COL Price": 6.9,
    "COL ppu": "$2.03 per 100G",
    "COL Size": "340g"
  },
  {
    "Brand_Product_Size": "Coles Orange & Mango Fruit Drink 250mL 6 pack",
    "COL Price": 2.65,
    "COL ppu": "$1.77 per 1L",
    "COL Size": "6 pack"
  },
  {
    "Brand_Product_Size": "MasterFoods Tomato Sauce 500mL",
    "COL Price": 2.95,
    "COL ppu": "$0.59 per 100mL",
    "COL Size": "500mL"
  },
  {
    "Brand_Product_Size": "Annalisa Peeled Tomatoes 400g",
    "COL Price": 1.4,
    "COL ppu": "$3.50 per 1Kg",
    "COL Size": "400g"
  },
  {
    "Brand_Product_Size": "Continental Kosher Butchers Beef Oyster Blade Steak approx. 500g",
    "COL Price": 18.5,
    "COL ppu": "$37.00 per 1Kg",
    "COL Size": "approx. 500g"
  },
  {
    "Brand_Product_Size": "El Pozo Jamon Serrano Block approx 125g",
    "COL Price": 5,
    "COL ppu": "$40.00 per 1Kg",
    "COL Size": "approx 125g"
  },
  {
    "Brand_Product_Size": "Latina Fresh Ricotta & Spinach Agnolotti 625g",
    "COL Price": 8,
    "COL ppu": "$1.28 per 100G",
    "COL Size": "625g"
  },
  {
    "Brand_Product_Size": "Pattu Cumin Seeds 200g",
    "COL Price": 3.1,
    "COL ppu": "$1.55 per 100G",
    "COL Size": "200g"
  },
  {
    "Brand_Product_Size": "Pureau Pure Water 600mL 6 pack",
    "COL Price": 4.75,
    "COL ppu": "$1.32 per 1L",
    "COL Size": "6 pack"
  },
  {
    "Brand_Product_Size": "No Vac Pet Foam Carpet Sanitiser & Deodoriser 290g",
    "COL Price": 4.9,
    "COL ppu": "$1.69 per 100G",
    "COL Size": "290g"
  },
  {
    "Brand_Product_Size": "Youfoodz Chilli Con Carne Mexi Rice 340g",
    "COL Price": 9.95,
    "COL ppu": "$2.93 per 100G",
    "COL Size": "340g"
  },
  {
    "Brand_Product_Size": "Coles Natural Spring Water 1.5L",
    "COL Price": 0.8,
    "COL ppu": "$0.53 per 1L",
    "COL Size": "1.5L"
  },
  {
    "Brand_Product_Size": "Coles I'm Perfect Pears Prepacked 2kg",
    "COL Price": 4.9,
    "COL ppu": "$2.45 per 1Kg",
    "COL Size": "2kg"
  },
  {
    "Brand_Product_Size": "Mix Sheer All Over Shaper Pantyhose 15 Denier Black X-Tall 1 pack",
    "COL Price": 5,
    "COL ppu": "$5.00 per 1Ea",
    "COL Size": "1 pack"
  },
  {
    "Brand_Product_Size": "Grain Waves Sweet Chilli 170g",
    "COL Price": 1.75,
    "COL ppu": "$1.03 per 100G",
    "COL Size": "170g"
  },
  {
    "Brand_Product_Size": "Artisan Whole Dried Cranberries 100g",
    "COL Price": 7,
    "COL ppu": "$70.00 per 1Kg",
    "COL Size": "100g"
  },
  {
    "Brand_Product_Size": "Woofin Good Joints Dog Treat 150g",
    "COL Price": 6,
    "COL ppu": "$4.00 per 100G",
    "COL Size": "150g"
  },
  {
    "Brand_Product_Size": "Coles Limes Medium Loose each",
    "COL Price": 1.2,
    "COL ppu": "$1.20 per 1Ea",
    "COL Size": "each"
  },
  {
    "Brand_Product_Size": "Lindt Excellence Dark Hazelnut Chocolate Block 100g",
    "COL Price": 4.5,
    "COL ppu": "$4.50 per 100G",
    "COL Size": "100g"
  },
  {
    "Brand_Product_Size": "MEB Foods Fresh Pockets White Pita 250g",
    "COL Price": 2.25,
    "COL ppu": "$0.90 per 100G",
    "COL Size": "250g"
  },
  {
    "Brand_Product_Size": "Primo Gluten Free Short Cut Bacon Rindless 750g",
    "COL Price": 15,
    "COL ppu": "$20.00 per 1Kg",
    "COL Size": "750g"
  },
  {
    "Brand_Product_Size": "Coles Gluten Free Ice Cream Cones 112g",
    "COL Price": 3.75,
    "COL ppu": "$3.35 per 100G",
    "COL Size": "112g"
  },
  {
    "Brand_Product_Size": "Little Sheep Plain Hot Pot Soup Base 130g",
    "COL Price": 5.95,
    "COL ppu": "$4.58 per 100G",
    "COL Size": "130g"
  },
  {
    "Brand_Product_Size": "Energizer Audio Adapter Lightning Cable 1 pack",
    "COL Price": 30,
    "COL ppu": "$30.00 per 1Ea",
    "COL Size": "1 pack"
  },
  {
    "Brand_Product_Size": "Bic Multi Purpose Lighter each",
    "COL Price": 8,
    "COL ppu": "$8.00 per 1Ea",
    "COL Size": "each"
  },
  {
    "Brand_Product_Size": "Coles Frozen Raspberries 500g",
    "COL Price": 4,
    "COL ppu": "$8.00 per 1Kg",
    "COL Size": "500g"
  },
  {
    "Brand_Product_Size": "Coles Cooking Salt 2kg",
    "COL Price": 2,
    "COL ppu": "$1.00 per 1Kg",
    "COL Size": "2kg"
  },
  {
    "Brand_Product_Size": "Bow Wow Pigs Ears Dog Treats 5 pack",
    "COL Price": 8.75,
    "COL ppu": "$1.75 per 1Ea",
    "COL Size": "5 pack"
  },
  {
    "Brand_Product_Size": "Surf Life Saving Sport Sunscreen Tube Spf50+ 200mL",
    "COL Price": 13.2,
    "COL ppu": "$6.60 per 100mL",
    "COL Size": "200mL"
  },
  {
    "Brand_Product_Size": "Primo Silverside 80g",
    "COL Price": 3.25,
    "COL ppu": "$40.63 per 1Kg",
    "COL Size": "80g"
  },
  {
    "Brand_Product_Size": "Pascall Hard Candy Strawberry Sherbet 192g",
    "COL Price": 2,
    "COL ppu": "$1.04 per 100G",
    "COL Size": "192g"
  },
  {
    "Brand_Product_Size": "M & M Kosher Chicken Maryland approx. 500g pack",
    "COL Price": 6.75,
    "COL ppu": "$13.50 per 1Kg",
    "COL Size": "approx. 500g pack"
  },
  {
    "Brand_Product_Size": "Heinz Spaghetti In Tomato Sauce 3 Pack 220g",
    "COL Price": 4,
    "COL ppu": "$0.61 per 100G",
    "COL Size": "220g"
  },
  {
    "Brand_Product_Size": "Diet Rite Lemon Cordial 1L",
    "COL Price": 3,
    "COL ppu": "$3.00 per 1L",
    "COL Size": "1L"
  },
  {
    "Brand_Product_Size": "McKenzie's Yellow Lentils 375g",
    "COL Price": 2.15,
    "COL ppu": "$0.57 per 100G",
    "COL Size": "375g"
  },
  {
    "Brand_Product_Size": "Bickfords Tropical Juice 1L",
    "COL Price": 4.65,
    "COL ppu": "$4.65 per 1L",
    "COL Size": "1L"
  },
  {
    "Brand_Product_Size": "Coles Tasty Cheese & Crackers 4 Pack 120g",
    "COL Price": 4,
    "COL ppu": "",
    "COL Size": "120g"
  },
  {
    "Brand_Product_Size": "Don Footy Franks Skinless 375g",
    "COL Price": 4.75,
    "COL ppu": "$12.67 per 1Kg",
    "COL Size": "375g"
  },
  {
    "Brand_Product_Size": "Coles Kitchen Chicken Mushroom Pie 360g",
    "COL Price": 8.5,
    "COL ppu": "$2.36 per 100G",
    "COL Size": "360g"
  },
  {
    "Brand_Product_Size": "Coles Lightly Sparkling Spring Water 500mL 12 pack",
    "COL Price": 7.35,
    "COL ppu": "$1.23 per 1L",
    "COL Size": "12 pack"
  },
  {
    "Brand_Product_Size": "Whole Earth Monk Fruit 100% Natural Sweetener Sticks 40 pack",
    "COL Price": 4.9,
    "COL ppu": "$0.12 per 1Ea",
    "COL Size": "40 pack"
  },
  {
    "Brand_Product_Size": "Coles Deli Delre Pecorino Pepato approx. 100g",
    "COL Price": 3.6,
    "COL ppu": "$36.00 per 1Kg",
    "COL Size": "approx. 100g"
  },
  {
    "Brand_Product_Size": "Sabco Tile & Grout Brush each",
    "COL Price": 4.75,
    "COL ppu": "$4.75 per 1Ea",
    "COL Size": "each"
  },
  {
    "Brand_Product_Size": "Sharwood's Butter Chicken Simmer Sauce 420g",
    "COL Price": 3,
    "COL ppu": "$0.71 per 100G",
    "COL Size": "420g"
  },
  {
    "Brand_Product_Size": "Cook & Dine Plastic Dinner Plate 50 pack",
    "COL Price": 6,
    "COL ppu": "$12.00 per 100Ea",
    "COL Size": "50 pack"
  },
  {
    "Brand_Product_Size": "Coles Finest Swiss 12 Month Aged Gruyere approx 100g each",
    "COL Price": 6,
    "COL ppu": "$60.00 per 1Kg",
    "COL Size": "approx 100g each"
  },
  {
    "Brand_Product_Size": "Smith's Salt & Vinegar Crinkle Potato Chips 60g",
    "COL Price": 2.1,
    "COL ppu": "$3.50 per 100G",
    "COL Size": "60g"
  },
  {
    "Brand_Product_Size": "Le Tan Uber Dark Green Base For All Skin Tones 200mL",
    "COL Price": 25,
    "COL ppu": "$12.50 per 100mL",
    "COL Size": "200mL"
  },
  {
    "Brand_Product_Size": "Philadelphia Light Spreadable Cream Cheese Tub 250g",
    "COL Price": 4.7,
    "COL ppu": "$18.80 per 1Kg",
    "COL Size": "250g"
  },
  {
    "Brand_Product_Size": "Coles Valencia Oranges approx. 210g each",
    "COL Price": 0.945,
    "COL ppu": "$4.50 per 1Kg",
    "COL Size": "approx. 210g each"
  },
  {
    "Brand_Product_Size": "Pringles Original Salted Stacked Potato Chips 134g",
    "COL Price": 2,
    "COL ppu": "$1.49 per 100G",
    "COL Size": "134g"
  },
  {
    "Brand_Product_Size": "Kleenex 3 Ply Large & Thick Facial Tissues 95 pack",
    "COL Price": 2.6,
    "COL ppu": "$2.74 per 100Ea",
    "COL Size": "95 pack"
  },
  {
    "Brand_Product_Size": "Coles Small Resealable Storage Bags 50 pack",
    "COL Price": 1.6,
    "COL ppu": "$0.03 per 1Ea",
    "COL Size": "50 pack"
  },
  {
    "Brand_Product_Size": "Nutty Bruce Organic Activated Almond Milk 1L",
    "COL Price": 5.5,
    "COL ppu": "$5.50 per 1L",
    "COL Size": "1L"
  },
  {
    "Brand_Product_Size": "Dare Mocha Flavoured Milk 750mL",
    "COL Price": 4.1,
    "COL ppu": "$5.47 per 1L",
    "COL Size": "750mL"
  },
  {
    "Brand_Product_Size": "Oak Chocolate Flavoured Milk 600mL",
    "COL Price": 3.1,
    "COL ppu": "$5.17 per 1L",
    "COL Size": "600mL"
  },
  {
    "Brand_Product_Size": "Coles Thawed Seafood Arrow Squid Rings approx. 250g",
    "COL Price": 5,
    "COL ppu": "$20.00 per 1Kg",
    "COL Size": "approx. 250g"
  },
  {
    "Brand_Product_Size": "Beauty Bites Choc Cherry Coconut 32g",
    "COL Price": 4,
    "COL ppu": "$12.50 per 100G",
    "COL Size": "32g"
  },
  {
    "Brand_Product_Size": "Coles Banana Bread 550g",
    "COL Price": 4.2,
    "COL ppu": "$0.76 per 100G",
    "COL Size": "550g"
  },
  {
    "Brand_Product_Size": "Benny's Kosher Frozen Potato Burekas 800g",
    "COL Price": 10.8,
    "COL ppu": "$1.35 per 100G",
    "COL Size": "800g"
  },
  {
    "Brand_Product_Size": "Glad Large Oven Bags 4 pack",
    "COL Price": 2.4,
    "COL ppu": "$0.60 per 1Ea",
    "COL Size": "4 pack"
  },
  {
    "Brand_Product_Size": "Coles Sweet Chilli Prawn Skewers Made With Aussie Prawns Thawed each",
    "COL Price": 2.5,
    "COL ppu": "$2.50 per 1Ea",
    "COL Size": "each"
  },
  {
    "Brand_Product_Size": "Lindt Lindor Strawberries & Cream Chocolate Bag 125g",
    "COL Price": 6,
    "COL ppu": "$4.80 per 100G",
    "COL Size": "125g"
  },
  {
    "Brand_Product_Size": "Only Organic Coconut Banana & Acai Smoothie 100g",
    "COL Price": 2.7,
    "COL ppu": "$2.70 per 100G",
    "COL Size": "100g"
  },
  {
    "Brand_Product_Size": "Coles Frozen Original Crumbed White Fish Fillets 14 Pieces 1kg",
    "COL Price": 8,
    "COL ppu": "$8.00 per 1Kg",
    "COL Size": "1kg"
  },
  {
    "Brand_Product_Size": "Huggies Ultra Dry Nappy For Boys 13-18 Kg Size 5 32 pack",
    "COL Price": 13,
    "COL ppu": "$0.41 per 1Ea",
    "COL Size": "32 pack"
  },
  {
    "Brand_Product_Size": "San Remo Pasta Elbows No 35 500g",
    "COL Price": 1.95,
    "COL ppu": "$0.39 per 100G",
    "COL Size": "500g"
  },
  {
    "Brand_Product_Size": "Red Seal Superfruits Hot Or Cold Brew Tea 20 pack",
    "COL Price": 3,
    "COL ppu": "$0.15 per 1Ea",
    "COL Size": "20 pack"
  },
  {
    "Brand_Product_Size": "McCain Frozen Cheese & Bacon Pizza Slices 6 pack 600g",
    "COL Price": 7.5,
    "COL ppu": "$1.25 per 100G",
    "COL Size": "600g"
  },
  {
    "Brand_Product_Size": "Robert Timms Cafe Series Freeze Dried Medium Roast 90g",
    "COL Price": 3.97,
    "COL ppu": "$4.41 per 100G",
    "COL Size": "90g"
  },
  {
    "Brand_Product_Size": "Coles Deli Delre Pecorino Pepato approx. 100g",
    "COL Price": 3.6,
    "COL ppu": "$36.00 per 1Kg",
    "COL Size": "approx. 100g"
  },
  {
    "Brand_Product_Size": "Coles Nature's Kitchen Original Meat Free Sausages 270g",
    "COL Price": 6,
    "COL ppu": "$2.22 per 100G",
    "COL Size": "270g"
  },
  {
    "Brand_Product_Size": "Primo Silverside 80g",
    "COL Price": 3.25,
    "COL ppu": "$40.63 per 1Kg",
    "COL Size": "80g"
  },
  {
    "Brand_Product_Size": "Libra Girl Super Tampons Smaller Size 16 pack",
    "COL Price": 2.52,
    "COL ppu": "$0.16 per 1Ea",
    "COL Size": "16 pack"
  },
  {
    "Brand_Product_Size": "Higher Living Organic Rooibos 40 pack",
    "COL Price": 5,
    "COL ppu": "$0.13 per 1Ea",
    "COL Size": "40 pack"
  },
  {
    "Brand_Product_Size": "Go Natural Nut Delight Chopped Bars 175g",
    "COL Price": 5.4,
    "COL ppu": "$3.09 per 100G",
    "COL Size": "175g"
  },
  {
    "Brand_Product_Size": "Lowan Coconut & Chia Muesli 650g",
    "COL Price": 4.5,
    "COL ppu": "$0.69 per 100G",
    "COL Size": "650g"
  },
  {
    "Brand_Product_Size": "Coles Baby Leaf Blend Salad Leaves Prepacked 300g",
    "COL Price": 5,
    "COL ppu": "$16.67 per 1Kg",
    "COL Size": "300g"
  },
  {
    "Brand_Product_Size": "Glad To Be Green Sandwich Snaplock Plant Based Bags 40 pack",
    "COL Price": 3.5,
    "COL ppu": "$0.09 per 1Ea",
    "COL Size": "40 pack"
  },
  {
    "Brand_Product_Size": "Fountain Spicy Red Sauce 250mL",
    "COL Price": 2.7,
    "COL ppu": "$1.08 per 100mL",
    "COL Size": "250mL"
  },
  {
    "Brand_Product_Size": "Coles Deli Primo Continental Platter 200g",
    "COL Price": 13.5,
    "COL ppu": "$6.75 per 100G",
    "COL Size": "200g"
  },
  {
    "Brand_Product_Size": "Moondarra Honey & Pistachio Cream Cheese 120g",
    "COL Price": 2.4,
    "COL ppu": "$2.00 per 100G",
    "COL Size": "120g"
  },
  {
    "Brand_Product_Size": "Gourmet Garden Lightly Dried Basil 10g",
    "COL Price": 3.5,
    "COL ppu": "$3.50 per 10G",
    "COL Size": "10g"
  },
  {
    "Brand_Product_Size": "Lee Kum Kee Soy Sauce 500mL",
    "COL Price": 3.8,
    "COL ppu": "$0.76 per 100mL",
    "COL Size": "500mL"
  },
  {
    "Brand_Product_Size": "Coles Smitten Apples approx.170g each",
    "COL Price": 0.935,
    "COL ppu": "$5.50 per 1Kg",
    "COL Size": "approx.170g each"
  },
  {
    "Brand_Product_Size": "Ski D'Lite Mixed Berries Yoghurt 6x150g 150g",
    "COL Price": 4.5,
    "COL ppu": "$0.50 per 100G",
    "COL Size": "150g"
  },
  {
    "Brand_Product_Size": "Coles Deli Edgell Hash Browns each",
    "COL Price": 0.5,
    "COL ppu": "$0.50 per 1Ea",
    "COL Size": "each"
  },
  {
    "Brand_Product_Size": "Uncle Ben's Microwave Coconut Chilli Lemongrass Rice 250g",
    "COL Price": 2.5,
    "COL ppu": "$1.00 per 100G",
    "COL Size": "250g"
  },
  {
    "Brand_Product_Size": "Weis Dairy Free Sorbet Passionfruit 1L",
    "COL Price": 7,
    "COL ppu": "$0.70 per 100mL",
    "COL Size": "1L"
  },
  {
    "Brand_Product_Size": "Pitango Soup Tomato Basil 600g",
    "COL Price": 6.5,
    "COL ppu": "$1.08 per 100G",
    "COL Size": "600g"
  },
  {
    "Brand_Product_Size": "Brita Maxtra+ Universal Water Filter Cartridge 1 pack",
    "COL Price": 14.5,
    "COL ppu": "$14.50 per 1Ea",
    "COL Size": "1 pack"
  },
  {
    "Brand_Product_Size": "Nestle Carnation Full Cream Evaporated Milk 340mL",
    "COL Price": 2.5,
    "COL ppu": "$7.35 per 1L",
    "COL Size": "340mL"
  },
  {
    "Brand_Product_Size": "Coles Organic William Bartlett Pears Prepacked 500g",
    "COL Price": 7,
    "COL ppu": "$14.00 per 1Kg",
    "COL Size": "500g"
  },
  {
    "Brand_Product_Size": "Twinings Herbal Infusions Camomile Tea Bags 10 pack",
    "COL Price": 2.9,
    "COL ppu": "$0.29 per 1Ea",
    "COL Size": "10 pack"
  },
  {
    "Brand_Product_Size": "Syndian Aloo Mutter 400g",
    "COL Price": 7.5,
    "COL ppu": "$1.88 per 100G",
    "COL Size": "400g"
  },
  {
    "Brand_Product_Size": "Oaty Bruce Organic Oat Milk 1L",
    "COL Price": 4,
    "COL ppu": "$4.00 per 1L",
    "COL Size": "1L"
  },
  {
    "Brand_Product_Size": "Hoyts Mustard Seed 25g",
    "COL Price": 1.3,
    "COL ppu": "$0.52 per 10G",
    "COL Size": "25g"
  },
  {
    "Brand_Product_Size": "Coles Seasoned Stuffing Mix 200g",
    "COL Price": 1.35,
    "COL ppu": "$0.07 per 10G",
    "COL Size": "200g"
  },
  {
    "Brand_Product_Size": "Coles Organic Medjool Dates 227g",
    "COL Price": 6,
    "COL ppu": "$26.43 per 1Kg",
    "COL Size": "227g"
  },
  {
    "Brand_Product_Size": "Libra Girl Goodnight Pads With Wings 10 pack",
    "COL Price": 2.8,
    "COL ppu": "$0.28 per 1Ea",
    "COL Size": "10 pack"
  },
  {
    "Brand_Product_Size": "Coles Luffa Melon per kg",
    "COL Price": 5.9,
    "COL ppu": "$5.90 per 1Kg",
    "COL Size": "per kg"
  },
  {
    "Brand_Product_Size": "Blackmores B12 Rapi-melts Tablets 30 pack",
    "COL Price": 8.04,
    "COL ppu": "$26.80 per 100Ea",
    "COL Size": "30 pack"
  },
  {
    "Brand_Product_Size": "Coles Replacement Brush Heads 2 pack",
    "COL Price": 9,
    "COL ppu": "$4.50 per 1Ea",
    "COL Size": "2 pack"
  },
  {
    "Brand_Product_Size": "Red Seal Peach & Pineapple Hot Or Cold Brew Tea Bags 20 pack 50g",
    "COL Price": 3,
    "COL ppu": "$0.15 per 1Ea",
    "COL Size": "50g"
  },
  {
    "Brand_Product_Size": "Duracell Lithium Coin Batteries 1220 1 pack",
    "COL Price": 5,
    "COL ppu": "$5.00 per 1Ea",
    "COL Size": "1 pack"
  },
  {
    "Brand_Product_Size": "Tofutti Dairy Free Almond Bark Ice Cream 474mL",
    "COL Price": 7,
    "COL ppu": "$1.48 per 100mL",
    "COL Size": "474mL"
  },
  {
    "Brand_Product_Size": "Pyrex Measuring Jug 1L each",
    "COL Price": 14,
    "COL ppu": "$14.00 per 1ea",
    "COL Size": "each"
  },
  {
    "Brand_Product_Size": "Vittoria Espressotoria Espresso Coffee Capsules 12 pack 78g",
    "COL Price": 4.2,
    "COL ppu": "$5.38 per 100G",
    "COL Size": "78g"
  },
  {
    "Brand_Product_Size": "My Life Gluten Free Original Bio Cheese 200g",
    "COL Price": 6,
    "COL ppu": "$30.00 per 1Kg",
    "COL Size": "200g"
  },
  {
    "Brand_Product_Size": "Barilla Pesto Rustico Basil & Zucchini 200g",
    "COL Price": 5,
    "COL ppu": "$2.50 per 100G",
    "COL Size": "200g"
  },
  {
    "Brand_Product_Size": "Our Family Table Premium Whiting Fillets 295g",
    "COL Price": 11,
    "COL ppu": "$37.29 per 1Kg",
    "COL Size": "295g"
  },
  {
    "Brand_Product_Size": "Deka Mini Wafer Bites Green Tea Matcha 200g",
    "COL Price": 4.3,
    "COL ppu": "$2.15 per 100G",
    "COL Size": "200g"
  },
  {
    "Brand_Product_Size": "Huggies Ultimate Over 99% Water Wipes 64 pack",
    "COL Price": 6,
    "COL ppu": "$9.38 per 100Ea",
    "COL Size": "64 pack"
  },
  {
    "Brand_Product_Size": "Cook & Dine Monochrome Footed Floral Mug each",
    "COL Price": 5,
    "COL ppu": "$5.00 per 1Ea",
    "COL Size": "each"
  },
  {
    "Brand_Product_Size": "Arnott's Marie Biscuits 250g",
    "COL Price": 2.3,
    "COL ppu": "$0.92 per 100G",
    "COL Size": "250g"
  },
  {
    "Brand_Product_Size": "Cook & Dine Can Opener each",
    "COL Price": 3,
    "COL ppu": "$3.00 per 1Ea",
    "COL Size": "each"
  },
  {
    "Brand_Product_Size": "Ice Break Regular Strength Iced Coffee 500mL",
    "COL Price": 3.35,
    "COL ppu": "$6.70 per 1L",
    "COL Size": "500mL"
  },
  {
    "Brand_Product_Size": "Coles Pineapple in Syrup Fruit Cups 4 Pack 480g",
    "COL Price": 2,
    "COL ppu": "$0.42 per 100G",
    "COL Size": "480g"
  },
  {
    "Brand_Product_Size": "Vaalia Kids Pouch Yoghurt Blueberry 140g",
    "COL Price": 1.7,
    "COL ppu": "$1.21 per 100G",
    "COL Size": "140g"
  },
  {
    "Brand_Product_Size": "Bref Active Duo Mediterranean Lemon Toilet Cleaner 50mL",
    "COL Price": 5,
    "COL ppu": "$10.00 per 100mL",
    "COL Size": "50mL"
  },
  {
    "Brand_Product_Size": "Connoisseur Belgian Chocolate Gourmet Ice Cream Tub 1L",
    "COL Price": 7.5,
    "COL ppu": "$0.75 per 100mL",
    "COL Size": "1L"
  },
  {
    "Brand_Product_Size": "Coles Iodised Table Salt 500g",
    "COL Price": 0.9,
    "COL ppu": "$0.18 per 100G",
    "COL Size": "500g"
  },
  {
    "Brand_Product_Size": "St Remio Coffee Expressi/Caffitaly Supreme Capsules 10 pack",
    "COL Price": 3.75,
    "COL ppu": "$0.38 per 1Ea",
    "COL Size": "10 pack"
  },
  {
    "Brand_Product_Size": "Nando's Peri Peri Medium Rub 25g",
    "COL Price": 3,
    "COL ppu": "$1.20 per 10G",
    "COL Size": "25g"
  },
  {
    "Brand_Product_Size": "Sunrice Creepy Cheese Mini Bites 8pk 160g",
    "COL Price": 4,
    "COL ppu": "$2.50 per 100G",
    "COL Size": "160g"
  },
  {
    "Brand_Product_Size": "Funstuff Bulk Craft Pack each",
    "COL Price": 6,
    "COL ppu": "$6.00 per 1Ea",
    "COL Size": "each"
  },
  {
    "Brand_Product_Size": "Vanish Preen Oxi Action Gold Pro White Trigger 450mL",
    "COL Price": 7,
    "COL ppu": "$15.56 per 1L",
    "COL Size": "450mL"
  },
  {
    "Brand_Product_Size": "Vimto Fizzy Soft Drink Can 330mL",
    "COL Price": 2.35,
    "COL ppu": "$0.71 per 100mL",
    "COL Size": "330mL"
  },
  {
    "Brand_Product_Size": "Nivea Deo Aero Pearl & Beauty Aer 250mL",
    "COL Price": 6.5,
    "COL ppu": "$2.60 per 100mL",
    "COL Size": "250mL"
  },
  {
    "Brand_Product_Size": "Purina Lucky Dog Dry Minced Beef, Vegetable & Marrowbone Flavour Dog Food 3kg",
    "COL Price": 7.6,
    "COL ppu": "$2.53 per 1Kg",
    "COL Size": "3kg"
  },
  {
    "Brand_Product_Size": "San Remo Pasta Cannelloni 200g",
    "COL Price": 2.9,
    "COL ppu": "$1.16 per 100G",
    "COL Size": "200g"
  },
  {
    "Brand_Product_Size": "Dolmio Extra Garden Vegetables Pasta Sauce 500g",
    "COL Price": 1.64,
    "COL ppu": "$0.33 per 100G",
    "COL Size": "500g"
  },
  {
    "Brand_Product_Size": "Kleenex Eco Toilet Tissue Double Length 8 pack",
    "COL Price": 12,
    "COL ppu": "$1.50 per 1Ea",
    "COL Size": "8 pack"
  },
  {
    "Brand_Product_Size": "Sunrice Thin Sea Salt & Balsamic Vinegar Gluten Free Rice Cakes 195g",
    "COL Price": 2.7,
    "COL ppu": "$1.38 per 100G",
    "COL Size": "195g"
  },
  {
    "Brand_Product_Size": "Health Lab Hazelnut Choc Nut Butter Balls 40g",
    "COL Price": 3,
    "COL ppu": "$7.50 per 100G",
    "COL Size": "40g"
  },
  {
    "Brand_Product_Size": "Coles Cat Litter Recycled Paper 21L 1 pack",
    "COL Price": 15,
    "COL ppu": "$15.00 per 1Ea",
    "COL Size": "1 pack"
  },
  {
    "Brand_Product_Size": "Coles Candle No 8 each",
    "COL Price": 1.5,
    "COL ppu": "$1.50 per 1Ea",
    "COL Size": "each"
  },
  {
    "Brand_Product_Size": "Slow Hills RSPCA Approved Chicken Marylands 600g",
    "COL Price": 9,
    "COL ppu": "$15.00 per 1Kg",
    "COL Size": "600g"
  },
  {
    "Brand_Product_Size": "Kiwi Shoe Brush each",
    "COL Price": 9.3,
    "COL ppu": "$9.30 per 1Ea",
    "COL Size": "each"
  },
  {
    "Brand_Product_Size": "Curash Aloe Vera & Chamomile Wipes 80 pack",
    "COL Price": 2.5,
    "COL ppu": "$0.03 per 1Ea",
    "COL Size": "80 pack"
  },
  {
    "Brand_Product_Size": "Whittaker's Block Chocolate Dark Almond 62% 200g",
    "COL Price": 6,
    "COL ppu": "$3.00 per 100G",
    "COL Size": "200g"
  },
  {
    "Brand_Product_Size": "Prime Pantry Nibbles Cat Treat Salmon 40g",
    "COL Price": 3,
    "COL ppu": "$7.50 per 100G",
    "COL Size": "40g"
  },
  {
    "Brand_Product_Size": "Nescafe Cappuccino Coffee Sachets 10 pack",
    "COL Price": 6.3,
    "COL ppu": "$0.63 per 1Ea",
    "COL Size": "10 pack"
  },
  {
    "Brand_Product_Size": "Oak Strawberry Flavoured Milk 750mL",
    "COL Price": 3,
    "COL ppu": "$4.00 per 1L",
    "COL Size": "750mL"
  },
  {
    "Brand_Product_Size": "Musashi Choc Fudge P45 Brownie Bar 90g",
    "COL Price": 4,
    "COL ppu": "$4.44 per 100G",
    "COL Size": "90g"
  },
  {
    "Brand_Product_Size": "Uncle Tobys Quick Oats Cups Creamy Honey 50g",
    "COL Price": 2.15,
    "COL ppu": "$4.30 per 100G",
    "COL Size": "50g"
  },
  {
    "Brand_Product_Size": "Chobani Flip Strawberry Shortcake Yoghurt 140g",
    "COL Price": 2,
    "COL ppu": "$1.43 per 100G",
    "COL Size": "140g"
  },
  {
    "Brand_Product_Size": "Continental Kosher Butchers Beef Fillet Sliced Smoked 200g",
    "COL Price": 13.25,
    "COL ppu": "$66.25 per 1Kg",
    "COL Size": "200g"
  },
  {
    "Brand_Product_Size": "Solo Soft Drink Zero Sugar",
    "COL Price": 2.15,
    "COL ppu": "",
    "COL Size": ""
  },
  {
    "Brand_Product_Size": "Bellamy's Organic Porridge Baby Cereal 125g",
    "COL Price": 4,
    "COL ppu": "$3.20 per 100G",
    "COL Size": "125g"
  },
  {
    "Brand_Product_Size": "Garnier Pure Active 3 In 1 Charcoal Wash 150mL",
    "COL Price": 5.95,
    "COL ppu": "$3.97 per 100mL",
    "COL Size": "150mL"
  },
  {
    "Brand_Product_Size": "Brasso Metal Polish 250mL",
    "COL Price": 10,
    "COL ppu": "$4.00 per 100mL",
    "COL Size": "250mL"
  },
  {
    "Brand_Product_Size": "Rafferty's Garden Apple Pear & Cinnamon Porridge 6+ Months 120g",
    "COL Price": 1.5,
    "COL ppu": "$1.25 per 100G",
    "COL Size": "120g"
  },
  {
    "Brand_Product_Size": "Elastoplast Non Stick Pads 5 pack",
    "COL Price": 6,
    "COL ppu": "$1.20 per 1Ea",
    "COL Size": "5 pack"
  },
  {
    "Brand_Product_Size": "Paper Mate Profile Pen Black 2 pack",
    "COL Price": 5.2,
    "COL ppu": "",
    "COL Size": "2 pack"
  },
  {
    "Brand_Product_Size": "Sunny Queen Cage Free Large Eggs 30 pack 1.5kg",
    "COL Price": 12,
    "COL ppu": "$0.80 per 100G",
    "COL Size": "1.5kg"
  },
  {
    "Brand_Product_Size": "Dairylea Regular Cheese Slices 36 Pack 648g",
    "COL Price": 6.9,
    "COL ppu": "$10.65 per 1Kg",
    "COL Size": "648g"
  },
  {
    "Brand_Product_Size": "Sellotape Clear Packaging Tape each",
    "COL Price": 3.25,
    "COL ppu": "$3.25 per 1ea",
    "COL Size": "each"
  },
  {
    "Brand_Product_Size": "Viva Rinse And Reuse Box Paper Towel 40 pack",
    "COL Price": 5,
    "COL ppu": "$0.13 per 1Ea",
    "COL Size": "40 pack"
  },
  {
    "Brand_Product_Size": "Marion's Kitchen San Choy Bow Cooking Kit 375g",
    "COL Price": 7.45,
    "COL ppu": "$2.18 per 100G",
    "COL Size": "375g"
  },
  {
    "Brand_Product_Size": "Listerine Coconut & Lime Mouthwash 500mL",
    "COL Price": 8.5,
    "COL ppu": "$1.70 per 100mL",
    "COL Size": "500mL"
  },
  {
    "Brand_Product_Size": "Coles Beef Basted Rawhide Chews 100g",
    "COL Price": 3.8,
    "COL ppu": "$3.80 per 100G",
    "COL Size": "100g"
  },
  {
    "Brand_Product_Size": "Mr Kipling Lemon Slices 6 Pack 165g",
    "COL Price": 4,
    "COL ppu": "$2.42 per 100G",
    "COL Size": "165g"
  },
  {
    "Brand_Product_Size": "Vanish Gold Pro Trigger 450mL",
    "COL Price": 7,
    "COL ppu": "$1.56 per 100mL",
    "COL Size": "450mL"
  },
  {
    "Brand_Product_Size": "Nivea Black And White Invisible Fresh Aerosol Antiperspirant Deodorant 250mL",
    "COL Price": 6.5,
    "COL ppu": "$2.60 per 100mL",
    "COL Size": "250mL"
  },
  {
    "Brand_Product_Size": "McCain Frozen Pommes Light & Crispy Potato Balls 500g",
    "COL Price": 4.5,
    "COL ppu": "$0.90 per 100G",
    "COL Size": "500g"
  },
  {
    "Brand_Product_Size": "MasterFoods Sweet Plum Marinade 375g",
    "COL Price": 2.5,
    "COL ppu": "$0.67 per 100G",
    "COL Size": "375g"
  },
  {
    "Brand_Product_Size": "Coles Traditional Mayonnaise 470g",
    "COL Price": 2.6,
    "COL ppu": "$0.55 per 100G",
    "COL Size": "470g"
  },
  {
    "Brand_Product_Size": "Youfoodz Large Bbq Meatballs & Potato Salad 400g",
    "COL Price": 10.95,
    "COL ppu": "$2.74 per 100G",
    "COL Size": "400g"
  },
  {
    "Brand_Product_Size": "Hart & Soul Beef Low Calorie Bone Broth Soup 350g",
    "COL Price": 4,
    "COL ppu": "$1.14 per 100G",
    "COL Size": "350g"
  },
  {
    "Brand_Product_Size": "Schweppes Zero Sugar Lemonade 1.1L",
    "COL Price": 2.15,
    "COL ppu": "$1.95 per 1L",
    "COL Size": "1.1L"
  },
  {
    "Brand_Product_Size": "Face Halo The Modern Makeup Remover 1pack",
    "COL Price": 13,
    "COL ppu": "$13.00 per 1Ea",
    "COL Size": "1pack"
  },
  {
    "Brand_Product_Size": "I&J The Finest Frozen Salmon Portions Skin On 500g",
    "COL Price": 18,
    "COL ppu": "$36.00 per 1Kg",
    "COL Size": "500g"
  },
  {
    "Brand_Product_Size": "180 Degrees Hazelnut Oat Crackers 150g",
    "COL Price": 5.5,
    "COL ppu": "$3.67 per 100G",
    "COL Size": "150g"
  },
  {
    "Brand_Product_Size": "King Island Dairy Furneaux Cheese approx. 100g",
    "COL Price": 6.3,
    "COL ppu": "$63.00 per 1Kg",
    "COL Size": "approx. 100g"
  },
  {
    "Brand_Product_Size": "Temptations Cat Treats Creamy Dairy 85g",
    "COL Price": 4.3,
    "COL ppu": "$5.06 per 100G",
    "COL Size": "85g"
  },
  {
    "Brand_Product_Size": "Starbucks By Nespresso Single Origin Coffee Colombia Capsules 10 pack",
    "COL Price": 6.9,
    "COL ppu": "$0.69 per 1Ea",
    "COL Size": "10 pack"
  },
  {
    "Brand_Product_Size": "Lindt Dulce De Leche 123g",
    "COL Price": 6,
    "COL ppu": "$4.88 per 100G",
    "COL Size": "123g"
  },
  {
    "Brand_Product_Size": "Birds Eye Steamfresh Fish Soy & Ginger 380g",
    "COL Price": 6,
    "COL ppu": "$15.79 per 1Kg",
    "COL Size": "380g"
  },
  {
    "Brand_Product_Size": "Supercoat Healthy Weight With Real Chicken Dog Food 7.5kg",
    "COL Price": 29,
    "COL ppu": "$3.87 per 1kg",
    "COL Size": "7.5kg"
  },
  {
    "Brand_Product_Size": "Wild Tides Tomato & Basil Fished Tuna 95g",
    "COL Price": 1,
    "COL ppu": "$1.05 per 100G",
    "COL Size": "95g"
  },
  {
    "Brand_Product_Size": "Uncle Tobys Cranberry Vanilla & Coconut Bars 5pack 175g",
    "COL Price": 5,
    "COL ppu": "$2.86 per 100G",
    "COL Size": "175g"
  },
  {
    "Brand_Product_Size": "Mission Deli Style Tortilla Triangles 500g",
    "COL Price": 5.5,
    "COL ppu": "$1.10 per 100G",
    "COL Size": "500g"
  },
  {
    "Brand_Product_Size": "Coles Lactose Free Long Life Full Cream Milk 1L",
    "COL Price": 1.7,
    "COL ppu": "$1.70 per 1L",
    "COL Size": "1L"
  },
  {
    "Brand_Product_Size": "NRG Super Alkaline A 14 pack",
    "COL Price": 12.5,
    "COL ppu": "$0.89 per 1Ea",
    "COL Size": "14 pack"
  },
  {
    "Brand_Product_Size": "Splenda Granular Sweetener 120g",
    "COL Price": 8.3,
    "COL ppu": "$6.92 per 100G",
    "COL Size": "120g"
  },
  {
    "Brand_Product_Size": "Ultimates Indulge Whitemeat Tuna With Fish Roe & Chicken Breast Adult Cat Food 85g",
    "COL Price": 1.2,
    "COL ppu": "$1.41 per 100G",
    "COL Size": "85g"
  },
  {
    "Brand_Product_Size": "Casalingo Truffle Salami approx. 500g",
    "COL Price": 17,
    "COL ppu": "$34.00 per 1Kg",
    "COL Size": "approx. 500g"
  },
  {
    "Brand_Product_Size": "Fanta Orange 1.25L",
    "COL Price": 2.6,
    "COL ppu": "$2.08 per 1L",
    "COL Size": "1.25L"
  },
  {
    "Brand_Product_Size": "Coles Laundry Basket each",
    "COL Price": 10,
    "COL ppu": "$10.00 per 1Ea",
    "COL Size": "each"
  },
  {
    "Brand_Product_Size": "Coles Camembert Wedges 176g",
    "COL Price": 5,
    "COL ppu": "$2.84 per 100G",
    "COL Size": "176g"
  },
  {
    "Brand_Product_Size": "Dare Iced Coffee Espresso Flavoured Milk 500mL",
    "COL Price": 2.6,
    "COL ppu": "$5.20 per 1L",
    "COL Size": "500mL"
  },
  {
    "Brand_Product_Size": "Viva White Select A Size Paper Towel 3 pack",
    "COL Price": 4,
    "COL ppu": "$1.33 per 1Ea",
    "COL Size": "3 pack"
  },
  {
    "Brand_Product_Size": "Catsan Cat Litter Crystals 2kg",
    "COL Price": 10,
    "COL ppu": "$5.00 per 1Kg",
    "COL Size": "2kg"
  },
  {
    "Brand_Product_Size": "Nestle Cerelac Multigrain with Banana & Apple Baby Cereal Stage 3 200g",
    "COL Price": 4.6,
    "COL ppu": "$2.30 per 100G",
    "COL Size": "200g"
  },
  {
    "Brand_Product_Size": "Ito En Matcha Traditional Green Tea Bags 20 Pack 30g",
    "COL Price": 6,
    "COL ppu": "$20.00 per 100G",
    "COL Size": "30g"
  },
  {
    "Brand_Product_Size": "Annabel Karmel Meals Vegetable And Pasta Bake 200g",
    "COL Price": 4,
    "COL ppu": "$2.00 per 100G",
    "COL Size": "200g"
  },
  {
    "Brand_Product_Size": "Mount Franklin Mango Flavoured Lightly Sparkling Water 1.25L",
    "COL Price": 2.7,
    "COL ppu": "$2.16 per 1L",
    "COL Size": "1.25L"
  },
  {
    "Brand_Product_Size": "Coles Butter Leaf Blend 120g",
    "COL Price": 3,
    "COL ppu": "$25.00 per 1Kg",
    "COL Size": "120g"
  },
  {
    "Brand_Product_Size": "Nestle Peppermint Crisp Chocolate Bar 35g",
    "COL Price": 2,
    "COL ppu": "$5.71 per 100G",
    "COL Size": "35g"
  },
  {
    "Brand_Product_Size": "Suimin Red Curry Noodle Bowl 110g",
    "COL Price": 2,
    "COL ppu": "$1.82 per 100G",
    "COL Size": "110g"
  },
  {
    "Brand_Product_Size": "Keep It Cleaner Truffles Peanut Butter Chocolate 20g",
    "COL Price": 7,
    "COL ppu": "$35.00 per 100G",
    "COL Size": "20g"
  },
  {
    "Brand_Product_Size": "Schweppes Lemonade 1.1L",
    "COL Price": 2.15,
    "COL ppu": "$1.95 per 1L",
    "COL Size": "1.1L"
  },
  {
    "Brand_Product_Size": "Coles Vacuum Storage Bags 2 pack",
    "COL Price": 10.5,
    "COL ppu": "$5.25 per 1Ea",
    "COL Size": "2 pack"
  },
  {
    "Brand_Product_Size": "Schweppes Lemon Lime & Bitters Classic Mixers Multipack Bottles 300mL 4 pack",
    "COL Price": 5.9,
    "COL ppu": "$4.92 per 1L",
    "COL Size": "4 pack"
  },
  {
    "Brand_Product_Size": "Schweppes Lemonade Multipack Cans 375mL 10 pack",
    "COL Price": 7.5,
    "COL ppu": "$2.00 per 1L",
    "COL Size": "10 pack"
  },
  {
    "Brand_Product_Size": "Coles Bakery Continental By Laurent Ciabatta Loaf each",
    "COL Price": 3.5,
    "COL ppu": "$3.50 per 1Ea",
    "COL Size": "each"
  },
  {
    "Brand_Product_Size": "Rufus & Coco Wee Away 250mL",
    "COL Price": 14.4,
    "COL ppu": "$57.60 per 1L",
    "COL Size": "250mL"
  },
  {
    "Brand_Product_Size": "Coles Beef Cheeks approx. 800g each",
    "COL Price": 20.8,
    "COL ppu": "$26.00 per 1Kg",
    "COL Size": "approx. 800g each"
  },
  {
    "Brand_Product_Size": "The So Soft Marshmallow Co. Ultra Puffy Jumbo Roasters 300g",
    "COL Price": 2.5,
    "COL ppu": "$0.83 per 100G",
    "COL Size": "300g"
  },
  {
    "Brand_Product_Size": "Nivea Men Sensitive Protect Antiperspirant Roll On Deodorant 50mL",
    "COL Price": 3.5,
    "COL ppu": "$7.00 per 100mL",
    "COL Size": "50mL"
  },
  {
    "Brand_Product_Size": "Primo Sliced Prosciutto 100g",
    "COL Price": 7,
    "COL ppu": "$70.00 per 1Kg",
    "COL Size": "100g"
  },
  {
    "Brand_Product_Size": "Vaalia Low Fat Yoghurt Mango 900g",
    "COL Price": 5.8,
    "COL ppu": "$0.64 per 100G",
    "COL Size": "900g"
  },
  {
    "Brand_Product_Size": "Coles Kitchen Beef Massaman Curry With Rice 350g",
    "COL Price": 6.5,
    "COL ppu": "$1.86 per 100G",
    "COL Size": "350g"
  },
  {
    "Brand_Product_Size": "Tasti Nutty Choc Protein Bars 5 pack 200g",
    "COL Price": 2.4,
    "COL ppu": "$1.20 per 100G",
    "COL Size": "200g"
  },
  {
    "Brand_Product_Size": "Handy Andy Clorox All Purpose Green Cleaner 750mL",
    "COL Price": 3.7,
    "COL ppu": "$0.49 per 100mL",
    "COL Size": "750mL"
  },
  {
    "Brand_Product_Size": "Schwarzkopf Extra Care Ultimate Repair Shampoo 400mL",
    "COL Price": 6.9,
    "COL ppu": "$1.73 per 100mL",
    "COL Size": "400mL"
  },
  {
    "Brand_Product_Size": "Divella Potato Gnocchi Di Patate 500g",
    "COL Price": 2.8,
    "COL ppu": "$0.56 per 100G",
    "COL Size": "500g"
  },
  {
    "Brand_Product_Size": "Cove By Earth Choice Surface Cleaner 475mL",
    "COL Price": 10,
    "COL ppu": "$2.11 per 100mL",
    "COL Size": "475mL"
  },
  {
    "Brand_Product_Size": "Coles Finest Angus Beef Lasagne 700g",
    "COL Price": 14,
    "COL ppu": "$2.00 per 100G",
    "COL Size": "700g"
  },
  {
    "Brand_Product_Size": "Coles Ultimate Peanut Butter Cups Ice Cream Tubs 473mL",
    "COL Price": 6,
    "COL ppu": "$1.27 per 100mL",
    "COL Size": "473mL"
  },
  {
    "Brand_Product_Size": "Plantly Revive Enhanced Water + Juice Pineapple & Passionfruit Flavour 1.25L",
    "COL Price": 3.5,
    "COL ppu": "$2.80 per 1L",
    "COL Size": "1.25L"
  },
  {
    "Brand_Product_Size": "Coles Urban Coffee Culture Dolce Gusto Cappuccino Capsules 16 pack",
    "COL Price": 6.5,
    "COL ppu": "$0.41 per 1Ea",
    "COL Size": "16 pack"
  },
  {
    "Brand_Product_Size": "Hawaiian Tropic Silk Hydration Face UV Protection Sunscreen Moisturisation Lotion SPF 50+ 100mL",
    "COL Price": 16,
    "COL ppu": "$16.00 per 100mL",
    "COL Size": "100mL"
  },
  {
    "Brand_Product_Size": "Coles A7 Pocket Notebook 5 pack",
    "COL Price": 3.5,
    "COL ppu": "$0.70 per 1Ea",
    "COL Size": "5 pack"
  },
  {
    "Brand_Product_Size": "Mortein NaturGard Eucalyptus Fly Spray 320g",
    "COL Price": 7.7,
    "COL ppu": "$2.41 per 100G",
    "COL Size": "320g"
  },
  {
    "Brand_Product_Size": "Genius Gluten Free Farmhouse Soft Brown Bread Loaf 535g",
    "COL Price": 6,
    "COL ppu": "$1.12 per 100G",
    "COL Size": "535g"
  },
  {
    "Brand_Product_Size": "Mountain Dew Multipack Cans 375mL 10 pack",
    "COL Price": 7.5,
    "COL ppu": "$2.00 per 1L",
    "COL Size": "10 pack"
  },
  {
    "Brand_Product_Size": "Uncle Tobys Plus Antioxidant Cereal 435g",
    "COL Price": 4,
    "COL ppu": "$0.92 per 100G",
    "COL Size": "435g"
  },
  {
    "Brand_Product_Size": "Campbell's Country Ladle Chicken Sweet Corn Soup Can 505g",
    "COL Price": 3.5,
    "COL ppu": "$0.69 per 100G",
    "COL Size": "505g"
  },
  {
    "Brand_Product_Size": "Bach Rescue Remedy Drops 10mL",
    "COL Price": 20,
    "COL ppu": "$200.00 per 100mL",
    "COL Size": "10mL"
  },
  {
    "Brand_Product_Size": "Cadbury Freddo Slimes Sharepack 180g",
    "COL Price": 5,
    "COL ppu": "$2.78 per 100G",
    "COL Size": "180g"
  },
  {
    "Brand_Product_Size": "L'Oreal Age Perfect Cell Renewal Regenerating Eye Serum 15mL",
    "COL Price": 32.9,
    "COL ppu": "$219.35 per 100mL",
    "COL Size": "15mL"
  },
  {
    "Brand_Product_Size": "Food For Health Fruit Free Clusters with Chia & Cinnamon 425g",
    "COL Price": 8,
    "COL ppu": "$1.88 per 100G",
    "COL Size": "425g"
  },
  {
    "Brand_Product_Size": "Nivea Daily Essentials Double Effect Waterproof Eye Make-up Remover 125mL",
    "COL Price": 10,
    "COL ppu": "$8.00 per 100mL",
    "COL Size": "125mL"
  },
  {
    "Brand_Product_Size": "Darikay Classic Pumpkin Soup 550g",
    "COL Price": 6.5,
    "COL ppu": "$1.18 per 100G",
    "COL Size": "550g"
  },
  {
    "Brand_Product_Size": "Riviana Arborio Medium Grain Risotto Rice 1kg",
    "COL Price": 3.8,
    "COL ppu": "$0.38 per 100G",
    "COL Size": "1kg"
  },
  {
    "Brand_Product_Size": "Red Rock Deli Honey Soy Chicken Potato Chips 50g",
    "COL Price": 1.5,
    "COL ppu": "$3.00 per 100G",
    "COL Size": "50g"
  },
  {
    "Brand_Product_Size": "Vetta Smart Protein Penne Pasta 375g",
    "COL Price": 1.8,
    "COL ppu": "$0.48 per 100G",
    "COL Size": "375g"
  },
  {
    "Brand_Product_Size": "Pace Farm Cage X Large Eggs 6 pack 350g",
    "COL Price": 2.8,
    "COL ppu": "$0.80 per 100G",
    "COL Size": "350g"
  },
  {
    "Brand_Product_Size": "Nestle Cerelac Oats & Wheat Baby Cereal Stage 2 200g",
    "COL Price": 4.6,
    "COL ppu": "$2.30 per 100G",
    "COL Size": "200g"
  },
  {
    "Brand_Product_Size": "Unlu Vine Leaves 400g",
    "COL Price": 3.6,
    "COL ppu": "$0.90 per 100G",
    "COL Size": "400g"
  },
  {
    "Brand_Product_Size": "Cook & Dine Plastic Snack Plates 20 pack",
    "COL Price": 2.2,
    "COL ppu": "$0.11 per 1Ea",
    "COL Size": "20 pack"
  },
  {
    "Brand_Product_Size": "Clearblue Digital Pregnancy Test 1 pack",
    "COL Price": 17,
    "COL ppu": "$17.00 per 1Ea",
    "COL Size": "1 pack"
  },
  {
    "Brand_Product_Size": "Swisse Kids Rest & Restore Chewable Tablets 60 pack",
    "COL Price": 12.5,
    "COL ppu": "$0.21 per 1Ea",
    "COL Size": "60 pack"
  },
  {
    "Brand_Product_Size": "Freedom Foods Heritage Mill Cocoa Coconut Clusters 1kg",
    "COL Price": 7,
    "COL ppu": "$0.70 per 100G",
    "COL Size": "1kg"
  },
  {
    "Brand_Product_Size": "Griffins Chocolate Mallowpuffs Biscuits 200g",
    "COL Price": 4.5,
    "COL ppu": "$2.25 per 100G",
    "COL Size": "200g"
  },
  {
    "Brand_Product_Size": "Razzamatazz Opaque Tights 120 Denier Black Medium/Large 1 pack",
    "COL Price": 14,
    "COL ppu": "",
    "COL Size": "1 pack"
  },
  {
    "Brand_Product_Size": "Coles Sapphire Double Sided Nail File 1 pack",
    "COL Price": 4.5,
    "COL ppu": "$4.50 per 1Ea",
    "COL Size": "1 pack"
  },
  {
    "Brand_Product_Size": "Sharwood's Extra Creamy Butter Chicken Simmer Sauce 420g",
    "COL Price": 3,
    "COL ppu": "$0.71 per 100G",
    "COL Size": "420g"
  },
  {
    "Brand_Product_Size": "Indomie Hot & Spicy Noodle Cup 75g",
    "COL Price": 1.8,
    "COL ppu": "$2.40 per 100G",
    "COL Size": "75g"
  },
  {
    "Brand_Product_Size": "MasterFoods Chinese Five Spice 30g",
    "COL Price": 2.8,
    "COL ppu": "$0.93 per 10G",
    "COL Size": "30g"
  },
  {
    "Brand_Product_Size": "Monday Volume Shampoo 350mL",
    "COL Price": 7,
    "COL ppu": "$2.00 per 100mL",
    "COL Size": "350mL"
  },
  {
    "Brand_Product_Size": "Coles Potato Spinach & Leek Soup Pouch 430g",
    "COL Price": 2.7,
    "COL ppu": "$0.63 per 100G",
    "COL Size": "430g"
  },
  {
    "Brand_Product_Size": "Coles Bakery Madeira Cake 450g",
    "COL Price": 2.5,
    "COL ppu": "$0.56 per 100G",
    "COL Size": "450g"
  },
  {
    "Brand_Product_Size": "Twinings Lemon Orange & Ginger Cold Water Infusion 12 pack 30g",
    "COL Price": 6,
    "COL ppu": "$0.50 per 1Ea",
    "COL Size": "30g"
  },
  {
    "Brand_Product_Size": "Cuddly Sunshine Fresh Fabric Conditioner 2L",
    "COL Price": 6,
    "COL ppu": "$3.00 per 1L",
    "COL Size": "2L"
  },
  {
    "Brand_Product_Size": "Colgate Optic White Overnight Pen 1pack 2.5mL",
    "COL Price": 28,
    "COL ppu": "$28.00 per 1Ea",
    "COL Size": "2.5mL"
  },
  {
    "Brand_Product_Size": "H2 Coco 100% Natural Pure Coconut Water 330mL",
    "COL Price": 2.95,
    "COL ppu": "$8.94 per 1L",
    "COL Size": "330mL"
  },
  {
    "Brand_Product_Size": "Coles Deli Jarlsberg Original Cheese approx. 100g",
    "COL Price": 2.275,
    "COL ppu": "$22.75 per 1Kg",
    "COL Size": "approx. 100g"
  },
  {
    "Brand_Product_Size": "Mortein Aics odourless Refill 154g",
    "COL Price": 16,
    "COL ppu": "$10.39 per 100G",
    "COL Size": "154g"
  },
  {
    "Brand_Product_Size": "Cub Apricot Fruit & Oat Bar 6 pack",
    "COL Price": 2.75,
    "COL ppu": "$0.46 per 1Ea",
    "COL Size": "6 pack"
  },
  {
    "Brand_Product_Size": "Pauls Zymil Cafe Latte Milk 400mL",
    "COL Price": 3,
    "COL ppu": "$7.50 per 1L",
    "COL Size": "400mL"
  },
  {
    "Brand_Product_Size": "Three Aussie Farmers Sicilian Pork Sausage 500g",
    "COL Price": 7,
    "COL ppu": "$14.00 per 1Kg",
    "COL Size": "500g"
  },
  {
    "Brand_Product_Size": "G Active Orange Flavoured Electrolyte Water 600mL",
    "COL Price": 3.5,
    "COL ppu": "$5.83 per 1L",
    "COL Size": "600mL"
  },
  {
    "Brand_Product_Size": "Cook & Dine Meat Tenderiser each",
    "COL Price": 8,
    "COL ppu": "$8.00 per 1Ea",
    "COL Size": "each"
  },
  {
    "Brand_Product_Size": "Twisted Licks 99% Sugar Free Sticks Coffee Latte 4 Pack 320mL",
    "COL Price": 8.5,
    "COL ppu": "$2.66 per 100mL",
    "COL Size": "320mL"
  },
  {
    "Brand_Product_Size": "Smith's Baked Chicken 130g",
    "COL Price": 2.5,
    "COL ppu": "$1.92 per 100G",
    "COL Size": "130g"
  },
  {
    "Brand_Product_Size": "Mr Chen's Vietnamese Beef Pho Kit 500g",
    "COL Price": 7.5,
    "COL ppu": "$1.50 per 100G",
    "COL Size": "500g"
  },
  {
    "Brand_Product_Size": "Primo Gluten Free Thinly Sliced Champagne Leg Ham 100g",
    "COL Price": 3.25,
    "COL ppu": "$3.25 per 100G",
    "COL Size": "100g"
  },
  {
    "Brand_Product_Size": "Pauls Zymil Vanilla Custard 1kg",
    "COL Price": 5.2,
    "COL ppu": "$0.52 per 100G",
    "COL Size": "1kg"
  },
  {
    "Brand_Product_Size": "Advil Ibuprofen 200Mg Mini Liquid Capsules 20 pack",
    "COL Price": 5.5,
    "COL ppu": "$0.28 per 1Ea",
    "COL Size": "20 pack"
  },
  {
    "Brand_Product_Size": "Coles Mediterranean Style Salad Bowl 185g",
    "COL Price": 6,
    "COL ppu": "$3.24 per 100G",
    "COL Size": "185g"
  },
  {
    "Brand_Product_Size": "Lee Kum Kee Teriyaki Beef Sauce Pouch 100g",
    "COL Price": 2.2,
    "COL ppu": "$2.20 per 100G",
    "COL Size": "100g"
  },
  {
    "Brand_Product_Size": "Doritos Flame Grilled BBQ Corn Chips 150g",
    "COL Price": 1.75,
    "COL ppu": "$1.17 per 100G",
    "COL Size": "150g"
  },
  {
    "Brand_Product_Size": "Sirena Chilli Tuna In Oil 95g",
    "COL Price": 2.7,
    "COL ppu": "$28.42 per 1Kg",
    "COL Size": "95g"
  },
  {
    "Brand_Product_Size": "Chux Superwipes Regular Cleaning Cloths 60cm X 30cm 10 pack",
    "COL Price": 4,
    "COL ppu": "$0.40 per 1Ea",
    "COL Size": "10 pack"
  },
  {
    "Brand_Product_Size": "Misko Macaroni No 2 Greek Pasta 500g",
    "COL Price": 2.3,
    "COL ppu": "$0.46 per 100G",
    "COL Size": "500g"
  },
  {
    "Brand_Product_Size": "Gatorade Berry No Sugar Sport Drink 600mL",
    "COL Price": 2.15,
    "COL ppu": "$3.58 per 1L",
    "COL Size": "600mL"
  },
  {
    "Brand_Product_Size": "The Spice Tailor Delhi Biryani 360g",
    "COL Price": 5.5,
    "COL ppu": "$1.53 per 100G",
    "COL Size": "360g"
  },
  {
    "Brand_Product_Size": "Coles No Added Hormone Beef Sandwich Steak 400g",
    "COL Price": 10,
    "COL ppu": "$2.50 per 100G",
    "COL Size": "400g"
  },
  {
    "Brand_Product_Size": "Heinz Apple Strawberry & Passionfruit 8+ Months 120g",
    "COL Price": 1.5,
    "COL ppu": "$1.25 per 100G",
    "COL Size": "120g"
  },
  {
    "Brand_Product_Size": "Bulla Creamy Classic Ice Cream Neapolitan 2L",
    "COL Price": 8.5,
    "COL ppu": "$0.43 per 100mL",
    "COL Size": "2L"
  },
  {
    "Brand_Product_Size": "Coles Deli Express Bresaola 80g",
    "COL Price": 6,
    "COL ppu": "$7.50 per 100G",
    "COL Size": "80g"
  },
  {
    "Brand_Product_Size": "Coles Washing Bag 1 pack",
    "COL Price": 3,
    "COL ppu": "$3.00 per 1Ea",
    "COL Size": "1 pack"
  },
  {
    "Brand_Product_Size": "Marion's Kitchen Thai Red Curry Cooking Kit 450g",
    "COL Price": 7.45,
    "COL ppu": "$1.89 per 100G",
    "COL Size": "450g"
  },
  {
    "Brand_Product_Size": "Palmolive Naturals Active Nourishment Shampoo 350mL",
    "COL Price": 4.5,
    "COL ppu": "$1.29 per 100mL",
    "COL Size": "350mL"
  },
  {
    "Brand_Product_Size": "Glow Penguin Detangler 1 pack",
    "COL Price": 10,
    "COL ppu": "$10.00 per 1Ea",
    "COL Size": "1 pack"
  },
  {
    "Brand_Product_Size": "Blackmores Conceive Well Gold 28 Tablets + 28 Capsules 1 pack",
    "COL Price": 39,
    "COL ppu": "$39.00 per 1Ea",
    "COL Size": "1 pack"
  },
  {
    "Brand_Product_Size": "Queen Colour Gel Peach 15g",
    "COL Price": 2.5,
    "COL ppu": "$16.67 per 100G",
    "COL Size": "15g"
  },
  {
    "Brand_Product_Size": "Starbucks Nescafe Dolce Gusto Capsules Espresso Blonde Roast 12 pack",
    "COL Price": 5,
    "COL ppu": "$0.42 per 1Ea",
    "COL Size": "12 pack"
  },
  {
    "Brand_Product_Size": "Coles Beef Chipolatas 550g",
    "COL Price": 5.5,
    "COL ppu": "$1.00 per 100G",
    "COL Size": "550g"
  },
  {
    "Brand_Product_Size": "Edgell Sliced Beetroot 825g",
    "COL Price": 2.55,
    "COL ppu": "$3.09 per 1Kg",
    "COL Size": "825g"
  },
  {
    "Brand_Product_Size": "Coles Mini Monkey Multipack Biscuits 10 Pack 250g",
    "COL Price": 2.5,
    "COL ppu": "$1.00 per 100G",
    "COL Size": "250g"
  },
  {
    "Brand_Product_Size": "Love' Em Puppy Rewards Dog Treat 200g",
    "COL Price": 5,
    "COL ppu": "$2.50 per 100G",
    "COL Size": "200g"
  },
  {
    "Brand_Product_Size": "Jarrah French Vanilla Latte 250g",
    "COL Price": 3.5,
    "COL ppu": "$1.40 per 100G",
    "COL Size": "250g"
  },
  {
    "Brand_Product_Size": "Grandma Moses Bread Wholemeal 680g",
    "COL Price": 5,
    "COL ppu": "$0.74 per 100G",
    "COL Size": "680g"
  },
  {
    "Brand_Product_Size": "Coles Kitchens Thai Green Chicken Curry Bowl 350g",
    "COL Price": 9,
    "COL ppu": "$25.72 per 1Kg",
    "COL Size": "350g"
  },
  {
    "Brand_Product_Size": "Starbucks By Nespresso Caffe Verona Capsules 10 pack",
    "COL Price": 6.9,
    "COL ppu": "$0.69 per 1Ea",
    "COL Size": "10 pack"
  },
  {
    "Brand_Product_Size": "Old El Paso Gluten Free Enchilada Kit Mild 518g",
    "COL Price": 5,
    "COL ppu": "$0.97 per 100G",
    "COL Size": "518g"
  },
  {
    "Brand_Product_Size": "Nice & Natural Roasted Cashew Milk Chocolate Peanut Bars 6 Pack 192g",
    "COL Price": 4,
    "COL ppu": "$2.08 per 100G",
    "COL Size": "192g"
  },
  {
    "Brand_Product_Size": "My Dog Gourmet Beef Meaty Loaf Classics Wet Dog Food Tray 100g",
    "COL Price": 1.5,
    "COL ppu": "$1.50 per 100G",
    "COL Size": "100g"
  },
  {
    "Brand_Product_Size": "Dymo Tape Plastic each",
    "COL Price": 16,
    "COL ppu": "$16.00 per 1Ea",
    "COL Size": "each"
  },
  {
    "Brand_Product_Size": "Coles Real Beef Stock Liquid 1L",
    "COL Price": 1.9,
    "COL ppu": "$1.90 per 1L",
    "COL Size": "1L"
  },
  {
    "Brand_Product_Size": "Lipton English Breakfast Black Tea Bags 100 pack",
    "COL Price": 5,
    "COL ppu": "$0.05 per 1Ea",
    "COL Size": "100 pack"
  },
  {
    "Brand_Product_Size": "Scunci Effortless Beauty Topsy Tail 5 pack",
    "COL Price": 10,
    "COL ppu": "$2.00 per 1Ea",
    "COL Size": "5 pack"
  },
  {
    "Brand_Product_Size": "Mortein Odourless Fly & Mosquito Killer Spray 350g",
    "COL Price": 6,
    "COL ppu": "$1.71 per 100G",
    "COL Size": "350g"
  },
  {
    "Brand_Product_Size": "Coles MSC XL Thawed Seafood Raw Ocean Tiger Prawns approx. 250g",
    "COL Price": 8,
    "COL ppu": "$32.00 per 1Kg",
    "COL Size": "approx. 250g"
  },
  {
    "Brand_Product_Size": "Chobani Passionfruit Greek Yogurt 907g",
    "COL Price": 5.5,
    "COL ppu": "$0.61 per 100G",
    "COL Size": "907g"
  },
  {
    "Brand_Product_Size": "Lotus Biscoff Crunchy Spread 380g",
    "COL Price": 5.5,
    "COL ppu": "$1.45 per 100G",
    "COL Size": "380g"
  },
  {
    "Brand_Product_Size": "Little Sheep Hot Pot Soup Base Chilli 235g",
    "COL Price": 4.75,
    "COL ppu": "$2.02 per 100G",
    "COL Size": "235g"
  },
  {
    "Brand_Product_Size": "Coles Deli Salad Tubs Curried Pumpkin Cous Cous Salad each",
    "COL Price": 7,
    "COL ppu": "$7.00 per 1Ea",
    "COL Size": "each"
  },
  {
    "Brand_Product_Size": "Coles Nature's Kitchen Oven Baked Falafel Bites 225g",
    "COL Price": 4,
    "COL ppu": "$1.78 per 100G",
    "COL Size": "225g"
  },
  {
    "Brand_Product_Size": "Vanish Preen Power Foam Original Carpet Cleaner 500g",
    "COL Price": 8.8,
    "COL ppu": "$1.76 per 100G",
    "COL Size": "500g"
  },
  {
    "Brand_Product_Size": "Mix Curve Silky Sheer Black Size 1 1 pack",
    "COL Price": 4,
    "COL ppu": "$4.00 per 1Ea",
    "COL Size": "1 pack"
  },
  {
    "Brand_Product_Size": "Maggi Onion Soup 32g",
    "COL Price": 2.6,
    "COL ppu": "$0.81 per 10G",
    "COL Size": "32g"
  },
  {
    "Brand_Product_Size": "Coles Kitchen Cauliflower Vegetable Rice 300g",
    "COL Price": 3.5,
    "COL ppu": "$1.17 per 100G",
    "COL Size": "300g"
  },
  {
    "Brand_Product_Size": "Steggles Frozen Crumbed Chicken Breast Tenders 400g",
    "COL Price": 8.58,
    "COL ppu": "$21.45 per 1Kg",
    "COL Size": "400g"
  },
  {
    "Brand_Product_Size": "Bega Tasty Natural Cheese Slices 30 pack 500g",
    "COL Price": 9,
    "COL ppu": "$18.00 per 1Kg",
    "COL Size": "500g"
  },
  {
    "Brand_Product_Size": "Arnott's Tiny Teddy Chocolate Biscuits 8 pack 200g",
    "COL Price": 3,
    "COL ppu": "$1.50 per 100G",
    "COL Size": "200g"
  },
  {
    "Brand_Product_Size": "Clairol Nice 'N Easy 117 Natural Medium Golden Brown Hair Colour 1 pack",
    "COL Price": 9,
    "COL ppu": "$9.00 per 1Ea",
    "COL Size": "1 pack"
  },
  {
    "Brand_Product_Size": "Cook & Dine Tablecloth each",
    "COL Price": 3.3,
    "COL ppu": "$3.30 per 1Ea",
    "COL Size": "each"
  },
  {
    "Brand_Product_Size": "Kinder Bueno Chocolate Bar 43g",
    "COL Price": 1,
    "COL ppu": "$2.33 per 100G",
    "COL Size": "43g"
  },
  {
    "Brand_Product_Size": "Atkins Endulge Chocolate Coconut 5 Bars 200g",
    "COL Price": 13.5,
    "COL ppu": "$6.75 per 100G",
    "COL Size": "200g"
  },
  {
    "Brand_Product_Size": "Dairylea Burger Cheese Slices 12 Pack 250g",
    "COL Price": 3.5,
    "COL ppu": "$14.00 per 1Kg",
    "COL Size": "250g"
  },
  {
    "Brand_Product_Size": "Little Bellies Fiddlesticks Tomato 12g",
    "COL Price": 1.7,
    "COL ppu": "$14.17 per 100G",
    "COL Size": "12g"
  },
  {
    "Brand_Product_Size": "Streets Golden Gaytime Ice Cream Sticks 4 pack 400mL",
    "COL Price": 4.25,
    "COL ppu": "$1.06 per 100mL",
    "COL Size": "400mL"
  },
  {
    "Brand_Product_Size": "Coles Beef Quick VSP Porterhouse Steak 180g",
    "COL Price": 7,
    "COL ppu": "$3.89 per 100G",
    "COL Size": "180g"
  },
  {
    "Brand_Product_Size": "Fantastic Chicken Noodles Bowl 85g",
    "COL Price": 1.6,
    "COL ppu": "$1.88 per 100G",
    "COL Size": "85g"
  },
  {
    "Brand_Product_Size": "Huggies Ultra Dry Nappy For Boys 6-11 Kg Size 3 90 pack",
    "COL Price": 30,
    "COL ppu": "$0.33 per 1Ea",
    "COL Size": "90 pack"
  },
  {
    "Brand_Product_Size": "IXL 50% Less Sugar Seedless Blackberry Jam 425g",
    "COL Price": 3.5,
    "COL ppu": "$0.82 per 100G",
    "COL Size": "425g"
  },
  {
    "Brand_Product_Size": "Paldo Dosirac Noodles Beef 86g",
    "COL Price": 1.6,
    "COL ppu": "$1.86 per 100G",
    "COL Size": "86g"
  },
  {
    "Brand_Product_Size": "Sargents Frozen Vegetable Pies 2 pack 420g",
    "COL Price": 5,
    "COL ppu": "$1.19 per 100G",
    "COL Size": "420g"
  },
  {
    "Brand_Product_Size": "Mayvers Smunchy Almond Butter 240g",
    "COL Price": 8.5,
    "COL ppu": "$3.54 per 100G",
    "COL Size": "240g"
  },
  {
    "Brand_Product_Size": "Devondale Light Milk 3L",
    "COL Price": 4.4,
    "COL ppu": "$1.47 per 1L",
    "COL Size": "3L"
  },
  {
    "Brand_Product_Size": "Pana Organic Hazelnut & Chocolate Spread 200g",
    "COL Price": 9,
    "COL ppu": "$4.50 per 100G",
    "COL Size": "200g"
  },
  {
    "Brand_Product_Size": "Coles Sweet Chilli Tuna 95g",
    "COL Price": 0.9,
    "COL ppu": "$0.95 per 100G",
    "COL Size": "95g"
  },
  {
    "Brand_Product_Size": "Tassal Tasmanian Smoked Salmon Lemon Flavoured 90g",
    "COL Price": 6,
    "COL ppu": "$66.67 per 1Kg",
    "COL Size": "90g"
  },
  {
    "Brand_Product_Size": "Dr. Oetker Frozen Ristorante Funghi Mushroom Pizza 365g",
    "COL Price": 7.9,
    "COL ppu": "$2.16 per 100G",
    "COL Size": "365g"
  },
  {
    "Brand_Product_Size": "Dove Men + Care Clinical Protection Clean Comfort 45mL",
    "COL Price": 13,
    "COL ppu": "$28.89 per 100mL",
    "COL Size": "45mL"
  },
  {
    "Brand_Product_Size": "Kan Tong Thin Rice Wok Ready Noodles 440g",
    "COL Price": 2.99,
    "COL ppu": "$0.68 per 100G",
    "COL Size": "440g"
  },
  {
    "Brand_Product_Size": "Cadbury Caramel Chomp Sharepack 10 pieces 150g",
    "COL Price": 2.5,
    "COL ppu": "$1.67 per 100G",
    "COL Size": "150g"
  },
  {
    "Brand_Product_Size": "Duracell 3V 2025 Lithium Batteries 4 pack",
    "COL Price": 9.9,
    "COL ppu": "$2.48 per 1Ea",
    "COL Size": "4 pack"
  },
  {
    "Brand_Product_Size": "Taamti Vegetarian Kibbeh 400g",
    "COL Price": 10,
    "COL ppu": "$2.50 per 100G",
    "COL Size": "400g"
  },
  {
    "Brand_Product_Size": "Clairol Nice 'N Easy 121A Natural Darkest Brown Hair Colour 1 pack",
    "COL Price": 9,
    "COL ppu": "$9.00 per 1Ea",
    "COL Size": "1 pack"
  },
  {
    "Brand_Product_Size": "Mix Opaque Anklets 40 Denier Natural Size 1 4 pack",
    "COL Price": 5,
    "COL ppu": "$1.25 per 1Ea",
    "COL Size": "4 pack"
  },
  {
    "Brand_Product_Size": "Sukin Antibacterial Hand Sanitiser 50mL",
    "COL Price": 5,
    "COL ppu": "$10.00 per 100mL",
    "COL Size": "50mL"
  },
  {
    "Brand_Product_Size": "Coles Italian Diced Tomatoes 400g",
    "COL Price": 0.8,
    "COL ppu": "$2.00 per 1Kg",
    "COL Size": "400g"
  },
  {
    "Brand_Product_Size": "Sunrice Family Size Microwavable Brown Rice 450g",
    "COL Price": 3.5,
    "COL ppu": "$0.78 per 100G",
    "COL Size": "450g"
  },
  {
    "Brand_Product_Size": "Continental Cup A Soup Mild Chicken Curry Wth Lots Of Noodles Serves 2 58g",
    "COL Price": 2.1,
    "COL ppu": "$3.62 per 100G",
    "COL Size": "58g"
  },
  {
    "Brand_Product_Size": "Heinz Chicken & Vegetable with Quinoa 8+ Months 170g",
    "COL Price": 1.5,
    "COL ppu": "$0.88 per 100G",
    "COL Size": "170g"
  },
  {
    "Brand_Product_Size": "Gaviscon Peppermint Liquid 600mL",
    "COL Price": 13.69,
    "COL ppu": "$2.28 per 100mL",
    "COL Size": "600mL"
  },
  {
    "Brand_Product_Size": "Coles Baby Beetroot Prepacked 250g",
    "COL Price": 3,
    "COL ppu": "$1.20 per 100G",
    "COL Size": "250g"
  },
  {
    "Brand_Product_Size": "Crave Adult Dog Food With Chicken Pate 400g",
    "COL Price": 3.5,
    "COL ppu": "$0.88 per 100G",
    "COL Size": "400g"
  },
  {
    "Brand_Product_Size": "Pringles Minis Chicken Multipack Crisps 95g",
    "COL Price": 3.2,
    "COL ppu": "$3.37 per 100G",
    "COL Size": "95g"
  },
  {
    "Brand_Product_Size": "Natures Kitchen Meat-Free Meat Lovers Pizza 250g",
    "COL Price": 7,
    "COL ppu": "$2.80 per 100G",
    "COL Size": "250g"
  },
  {
    "Brand_Product_Size": "Nivea Men Face Wash for Sensitive Skin + Chamomile & Vitamin E 100mL",
    "COL Price": 8,
    "COL ppu": "$8.00 per 100mL",
    "COL Size": "100mL"
  },
  {
    "Brand_Product_Size": "Coles Pure Australian Honey Squeeze 1kg",
    "COL Price": 13.75,
    "COL ppu": "$13.75 per 1KG",
    "COL Size": "1kg"
  },
  {
    "Brand_Product_Size": "Baxters Classic Tomato Chutney 225g",
    "COL Price": 3.5,
    "COL ppu": "$1.56 per 100G",
    "COL Size": "225g"
  },
  {
    "Brand_Product_Size": "Ben & Jerry's Tonight Dough Ice Cream Tub 458mL",
    "COL Price": 8,
    "COL ppu": "$1.75 per 100mL",
    "COL Size": "458mL"
  },
  {
    "Brand_Product_Size": "Deli Express Hans Mild Twiggy 500g",
    "COL Price": 12.5,
    "COL ppu": "$25.00 per 1Kg",
    "COL Size": "500g"
  },
  {
    "Brand_Product_Size": "Sup Sleep 25 pack",
    "COL Price": 25,
    "COL ppu": "$100.00 per 100Ea",
    "COL Size": "25 pack"
  },
  {
    "Brand_Product_Size": "Duru Brown Coarse Bulgur 1kg",
    "COL Price": 3,
    "COL ppu": "$3.00 per 1Kg",
    "COL Size": "1kg"
  },
  {
    "Brand_Product_Size": "Scott Cornwall Colour Restore Candy 100mL",
    "COL Price": 17,
    "COL ppu": "$17.00 per 100mL",
    "COL Size": "100mL"
  },
  {
    "Brand_Product_Size": "Whiskas Sardine And Tuna 7+ Years Dry Cat Food 800g",
    "COL Price": 5,
    "COL ppu": "$0.63 per 100G",
    "COL Size": "800g"
  },
  {
    "Brand_Product_Size": "Danone The Ultimate Tropical Mango Yoghurt 4x115g 4 pack",
    "COL Price": 4.5,
    "COL ppu": "$0.98 per 100G",
    "COL Size": "4 pack"
  },
  {
    "Brand_Product_Size": "Wrigley's Extra Spearmint Sugar Free Chewing Gum 4 x 10 Piece Pack 56g",
    "COL Price": 2.8,
    "COL ppu": "$5.00 per 100G",
    "COL Size": "56g"
  },
  {
    "Brand_Product_Size": "Kellogg's Nutri-Grain Protein Breakfast Cereal 500g",
    "COL Price": 6.75,
    "COL ppu": "$1.35 per 100G",
    "COL Size": "500g"
  },
  {
    "Brand_Product_Size": "Patties Frozen Party Pack 30 Pieces 1.25kg",
    "COL Price": 7.75,
    "COL ppu": "$0.62 per 100G",
    "COL Size": "1.25kg"
  },
  {
    "Brand_Product_Size": "Rimmel Scandaleyes Wow Wings Black Mascara 12mL",
    "COL Price": 10.8,
    "COL ppu": "$9.00 per 10mL",
    "COL Size": "12mL"
  },
  {
    "Brand_Product_Size": "Rana Tomato & Mozarella Tortellini 325g",
    "COL Price": 7,
    "COL ppu": "$2.15 per 100G",
    "COL Size": "325g"
  },
  {
    "Brand_Product_Size": "Avalanche Cappuccino Sugar Free Coffee Sachets 10 pack",
    "COL Price": 5.5,
    "COL ppu": "$0.55 per 1Ea",
    "COL Size": "10 pack"
  },
  {
    "Brand_Product_Size": "Maybelline New Instant Age Rewind Dark Circles Eraser 6mL",
    "COL Price": 10,
    "COL ppu": "$16.67 per 10mL",
    "COL Size": "6mL"
  },
  {
    "Brand_Product_Size": "Bow Wow Pig Ear Dog Treats each",
    "COL Price": 2.6,
    "COL ppu": "$2.60 per 1Ea",
    "COL Size": "each"
  },
  {
    "Brand_Product_Size": "Coles Blonde Bobby 100 Pins 1 pack",
    "COL Price": 5,
    "COL ppu": "$5.00 per 1Ea",
    "COL Size": "1 pack"
  },
  {
    "Brand_Product_Size": "John West Tempters Enchilada Tuna 90g",
    "COL Price": 2.3,
    "COL ppu": "$25.56 per 1KG",
    "COL Size": "90g"
  },
  {
    "Brand_Product_Size": "Mix Silky Control Pantyhose Black Tall 1 pack",
    "COL Price": 4,
    "COL ppu": "$4.00 per 1Ea",
    "COL Size": "1 pack"
  },
  {
    "Brand_Product_Size": "MasterFoods Smokey BBQ Sauce 500mL",
    "COL Price": 3.15,
    "COL ppu": "$0.63 per 100mL",
    "COL Size": "500mL"
  },
  {
    "Brand_Product_Size": "Chang's Crispy Noodle Salad Dressing 280mL",
    "COL Price": 2.8,
    "COL ppu": "$1.00 per 100mL",
    "COL Size": "280mL"
  },
  {
    "Brand_Product_Size": "Coles Deli Fromager D'Affinois approx. 100g",
    "COL Price": 7.5,
    "COL ppu": "$75.00 per 1Kg",
    "COL Size": "approx. 100g"
  },
  {
    "Brand_Product_Size": "Green & Black's Mint Smooth Dark Chocolate 90g",
    "COL Price": 3,
    "COL ppu": "$3.33 per 100G",
    "COL Size": "90g"
  },
  {
    "Brand_Product_Size": "Joiner Strawberry Drink 320mL",
    "COL Price": 1.6,
    "COL ppu": "$0.50 per 100mL",
    "COL Size": "320mL"
  },
  {
    "Brand_Product_Size": "Nature's Way Sleeping Tablets 60 pack",
    "COL Price": 20,
    "COL ppu": "$0.33 per 1Ea",
    "COL Size": "60 pack"
  },
  {
    "Brand_Product_Size": "Bondi Sands SPF 50 Sport Body 150mL",
    "COL Price": 15,
    "COL ppu": "$10.00 per 100mL",
    "COL Size": "150mL"
  },
  {
    "Brand_Product_Size": "Coles Vent Brush 1 pack",
    "COL Price": 5.6,
    "COL ppu": "$5.60 per 1Ea",
    "COL Size": "1 pack"
  },
  {
    "Brand_Product_Size": "Nestle Cerelac Oats & Wheat With Prune Baby Cereal Stage 2 200g",
    "COL Price": 4.6,
    "COL ppu": "$2.30 per 100G",
    "COL Size": "200g"
  },
  {
    "Brand_Product_Size": "Fussy Cat Grainfree Fine Mince With Chicken Cat Food 70g",
    "COL Price": 1.9,
    "COL ppu": "$2.71 per 100G",
    "COL Size": "70g"
  },
  {
    "Brand_Product_Size": "Mirabella Candle BC Globe Warm White Led 5W 470 Lumens each",
    "COL Price": 6.5,
    "COL ppu": "$6.50 per 1Ea",
    "COL Size": "each"
  },
  {
    "Brand_Product_Size": "Only Organic Carrot Apple Rice Cakes 20g",
    "COL Price": 2.3,
    "COL ppu": "$11.50 per 100G",
    "COL Size": "20g"
  },
  {
    "Brand_Product_Size": "Kirks Sugar Free Lemonade Multipack Cans 375 mL 10 pack",
    "COL Price": 6.2,
    "COL ppu": "$1.65 per 1L",
    "COL Size": "10 pack"
  },
  {
    "Brand_Product_Size": "Casalingo Finnochiona Salami approx. 500g",
    "COL Price": 17,
    "COL ppu": "$34.00 per 1Kg",
    "COL Size": "approx. 500g"
  },
  {
    "Brand_Product_Size": "Starbucks By Nespresso Single Origin Coffee Colombia Capsules 10 pack",
    "COL Price": 6.9,
    "COL ppu": "$0.69 per 1Ea",
    "COL Size": "10 pack"
  },
  {
    "Brand_Product_Size": "Pralines Master Collection 184g",
    "COL Price": 20,
    "COL ppu": "$10.87 per 100G",
    "COL Size": "184g"
  },
  {
    "Brand_Product_Size": "Nescafe Strong Cappuccino Sachets 10 pack",
    "COL Price": 6.3,
    "COL ppu": "$0.63 per 1Ea",
    "COL Size": "10 pack"
  },
  {
    "Brand_Product_Size": "Strepsils Lozenges Strawberry 16 pack",
    "COL Price": 5.5,
    "COL ppu": "$0.34 per 1Ea",
    "COL Size": "16 pack"
  },
  {
    "Brand_Product_Size": "Baci Hazelnut Dark Chocolate Bag 125g",
    "COL Price": 7,
    "COL ppu": "$5.60 per 100G",
    "COL Size": "125g"
  },
  {
    "Brand_Product_Size": "Coles Budgie & Canary Bird Treats 320g",
    "COL Price": 2.4,
    "COL ppu": "$0.75 per 100G",
    "COL Size": "320g"
  },
  {
    "Brand_Product_Size": "The Bar Counter Peanut Butter Caramel Bar 40g",
    "COL Price": 2.5,
    "COL ppu": "$6.25 per 100G",
    "COL Size": "40g"
  },
  {
    "Brand_Product_Size": "Coles Hedgehog Slice 5 pack 175g",
    "COL Price": 4,
    "COL ppu": "$2.29 per 100G",
    "COL Size": "175g"
  },
  {
    "Brand_Product_Size": "Simple Kind To Skin Facial Wash Moisturising 150mL",
    "COL Price": 11,
    "COL ppu": "$7.33 per 100mL",
    "COL Size": "150mL"
  },
  {
    "Brand_Product_Size": "Primo Pulled Pork 150g",
    "COL Price": 4.95,
    "COL ppu": "$33.00 per 1Kg",
    "COL Size": "150g"
  },
  {
    "Brand_Product_Size": "Nature Valley Crunchy Canadian Maple Syrup 6 Twin Bars 252g",
    "COL Price": 5.5,
    "COL ppu": "$2.18 per 100G",
    "COL Size": "252g"
  },
  {
    "Brand_Product_Size": "Pyrex Classic Glass Bowl 3L each",
    "COL Price": 10.5,
    "COL ppu": "$10.50 per 1Ea",
    "COL Size": "each"
  },
  {
    "Brand_Product_Size": "Extra Raspberry & Lime Envelope Gum 27g",
    "COL Price": 2,
    "COL ppu": "$7.41 per 100G",
    "COL Size": "27g"
  },
  {
    "Brand_Product_Size": "Benny's Mayonnaise 454g",
    "COL Price": 6.8,
    "COL ppu": "$1.50 per 100G",
    "COL Size": "454g"
  },
  {
    "Brand_Product_Size": "MasterFoods Steak Seasoning 45g",
    "COL Price": 3,
    "COL ppu": "$0.67 per 10G",
    "COL Size": "45g"
  },
  {
    "Brand_Product_Size": "Just Juice Paradise Punch Juice Multipack 200mL 6 pack",
    "COL Price": 5.3,
    "COL ppu": "$0.88 per 1Ea",
    "COL Size": "6 pack"
  },
  {
    "Brand_Product_Size": "Primo Thin Frankfurts approx. 60g each",
    "COL Price": 0.39,
    "COL ppu": "$6.50 per 1Kg",
    "COL Size": "approx. 60g each"
  },
  {
    "Brand_Product_Size": "Coles Thyme Punnet Prepacked 10g",
    "COL Price": 3,
    "COL ppu": "$3.00 per 10G",
    "COL Size": "10g"
  },
  {
    "Brand_Product_Size": "Radiant Laundry Powder Whites & Colours 1kg",
    "COL Price": 10,
    "COL ppu": "$10.00 per 1Kg",
    "COL Size": "1kg"
  },
  {
    "Brand_Product_Size": "Vital Strength Hydroxy Ripped Chocolate Thermogenic Protein Powder 600g",
    "COL Price": 35,
    "COL ppu": "$5.83 per 100G",
    "COL Size": "600g"
  },
  {
    "Brand_Product_Size": "Supreme Plain Roti 4 pack 500g",
    "COL Price": 6.5,
    "COL ppu": "$1.30 per 100G",
    "COL Size": "500g"
  },
  {
    "Brand_Product_Size": "Coles Hot Smoked Salmon Sweet Chilli 150g",
    "COL Price": 7,
    "COL ppu": "$46.67 per 1Kg",
    "COL Size": "150g"
  },
  {
    "Brand_Product_Size": "Patch Activated Charcoal Adhesive Strips 25 pack",
    "COL Price": 7,
    "COL ppu": "$0.28 per 1Ea",
    "COL Size": "25 pack"
  },
  {
    "Brand_Product_Size": "Red Rock Deli Roasted Red Capsicum Pecorino Cashews & Basil Dip 150g",
    "COL Price": 4.5,
    "COL ppu": "$3.00 per 100G",
    "COL Size": "150g"
  },
  {
    "Brand_Product_Size": "Saxa Ground White Pepper 50g",
    "COL Price": 3.65,
    "COL ppu": "$0.73 per 10G",
    "COL Size": "50g"
  },
  {
    "Brand_Product_Size": "Blue Diamond Almond Breeze Chocolate Flavoured Almond Milk 1L",
    "COL Price": 2.7,
    "COL ppu": "$2.70 per 1L",
    "COL Size": "1L"
  },
  {
    "Brand_Product_Size": "Coles Caramel Mud Cake 600g",
    "COL Price": 4.8,
    "COL ppu": "$0.80 per 100G",
    "COL Size": "600g"
  },
  {
    "Brand_Product_Size": "Continental Kosher Butchers Pastrami Slices 200g",
    "COL Price": 12,
    "COL ppu": "$60.00 per 1Kg",
    "COL Size": "200g"
  },
  {
    "Brand_Product_Size": "My Dog Lamb Classic Meaty Loaf Classics Wet Dog Food Tray 100g",
    "COL Price": 1.5,
    "COL ppu": "$1.50 per 100G",
    "COL Size": "100g"
  },
  {
    "Brand_Product_Size": "Garnier Fructis Full & Luscious Conditioner 315mL",
    "COL Price": 3.5,
    "COL ppu": "$1.11 per 100mL",
    "COL Size": "315mL"
  },
  {
    "Brand_Product_Size": "Our Family Table Alaskan Deep Sea Flounder Fillets 315g",
    "COL Price": 9,
    "COL ppu": "$28.57 per 1Kg",
    "COL Size": "315g"
  },
  {
    "Brand_Product_Size": "Prima Orange Drink 200mL 6 pack",
    "COL Price": 3.25,
    "COL ppu": "$2.71 per 1L",
    "COL Size": "6 pack"
  },
  {
    "Brand_Product_Size": "Golden Pikelets 8 Pack 200g",
    "COL Price": 3,
    "COL ppu": "$1.50 per 100G",
    "COL Size": "200g"
  },
  {
    "Brand_Product_Size": "Scunci No Damage Mini Scrunchie 6 pack",
    "COL Price": 8,
    "COL ppu": "$8.00 per 6Ea",
    "COL Size": "6 pack"
  },
  {
    "Brand_Product_Size": "My Dog Succulent Beef Fillets in Gravy Dog Food Tray 6 pack",
    "COL Price": 8.5,
    "COL ppu": "$0.01 per 1Ea",
    "COL Size": "6 pack"
  },
  {
    "Brand_Product_Size": "Neutrogena Eye Make-up Remover 200mL",
    "COL Price": 18,
    "COL ppu": "$9.00 per 100mL",
    "COL Size": "200mL"
  },
  {
    "Brand_Product_Size": "Kettle Chilli Potato Chips 175g",
    "COL Price": 4.65,
    "COL ppu": "$2.66 per 100G",
    "COL Size": "175g"
  },
  {
    "Brand_Product_Size": "Coles Pork Loin Steaks With Smokey BBQ Rub 400g",
    "COL Price": 9,
    "COL ppu": "$22.50 per 1Kg",
    "COL Size": "400g"
  },
  {
    "Brand_Product_Size": "Hask Biotin Boost Thickening Shampoo 355mL",
    "COL Price": 15,
    "COL ppu": "$4.23 per 100mL",
    "COL Size": "355mL"
  },
  {
    "Brand_Product_Size": "Continental Beef Stock Pot 112g",
    "COL Price": 3.5,
    "COL ppu": "$3.13 per 100G",
    "COL Size": "112g"
  },
  {
    "Brand_Product_Size": "Hanabi Frozen Prawn Wonton 12 Pieces 240g",
    "COL Price": 6.5,
    "COL ppu": "$2.71 per 100G",
    "COL Size": "240g"
  },
  {
    "Brand_Product_Size": "Lavazza Decaffeinated Ground Coffee Medium Roast 250g",
    "COL Price": 7.5,
    "COL ppu": "$3.00 per 100G",
    "COL Size": "250g"
  },
  {
    "Brand_Product_Size": "Coles Ranch Dressing 300mL",
    "COL Price": 1.8,
    "COL ppu": "$0.60 per 100mL",
    "COL Size": "300mL"
  },
  {
    "Brand_Product_Size": "Radiant Laundry Liquid Whites & Colours Eco 4L",
    "COL Price": 24,
    "COL ppu": "$6.00 per 1L",
    "COL Size": "4L"
  },
  {
    "Brand_Product_Size": "Olympian Sesame Biscota 250g",
    "COL Price": 4.5,
    "COL ppu": "$1.80 per 100G",
    "COL Size": "250g"
  },
  {
    "Brand_Product_Size": "Reflex Copy Paper A4 1 carton",
    "COL Price": 34.95,
    "COL ppu": "$34.95 per 1ea",
    "COL Size": "1 carton"
  },
  {
    "Brand_Product_Size": "Coles Scotch Finger Biscuits 250g",
    "COL Price": 0.9,
    "COL ppu": "$0.36 per 100G",
    "COL Size": "250g"
  },
  {
    "Brand_Product_Size": "Lowan Instant Dried Yeast 280g",
    "COL Price": 4.2,
    "COL ppu": "$1.50 per 100G",
    "COL Size": "280g"
  },
  {
    "Brand_Product_Size": "Coles Fruit & Nut Bars 210g",
    "COL Price": 2.7,
    "COL ppu": "$1.29 per 100G",
    "COL Size": "210g"
  },
  {
    "Brand_Product_Size": "Sukin Antibacterial Hand Sanitiser 50mL",
    "COL Price": 5,
    "COL ppu": "$10.00 per 100mL",
    "COL Size": "50mL"
  },
  {
    "Brand_Product_Size": "Seacrown Prawns In Brine 200g",
    "COL Price": 2.5,
    "COL ppu": "$12.50 per 1Kg",
    "COL Size": "200g"
  },
  {
    "Brand_Product_Size": "Only Good Awaken Natural Body Wash 445mL",
    "COL Price": 9,
    "COL ppu": "$2.02 per 100mL",
    "COL Size": "445mL"
  },
  {
    "Brand_Product_Size": "Smith's Salt & Vinegar Crinkle Potato Chips 60g",
    "COL Price": 2.1,
    "COL ppu": "$3.50 per 100G",
    "COL Size": "60g"
  },
  {
    "Brand_Product_Size": "Coles Beef Bresaola approx. 1.5kg",
    "COL Price": 87,
    "COL ppu": "$58.00 per 1Kg",
    "COL Size": "approx. 1.5kg"
  },
  {
    "Brand_Product_Size": "On The Menu Tuna Mornay Pasta 400g",
    "COL Price": 4.5,
    "COL ppu": "$1.13 per 100G",
    "COL Size": "400g"
  },
  {
    "Brand_Product_Size": "Heinz Vegetable & Lentil With Chilli & Smoked Paprika Soup Of the Day 430g",
    "COL Price": 3,
    "COL ppu": "$0.70 per 100G",
    "COL Size": "430g"
  },
  {
    "Brand_Product_Size": "Bonds Bwomens Logo Light No Show  LYQD4G Size 8 - 11 4 pack",
    "COL Price": 15,
    "COL ppu": "",
    "COL Size": "4 pack"
  },
  {
    "Brand_Product_Size": "Coles Green Tea Bags 50 pack 75g",
    "COL Price": 2.2,
    "COL ppu": "$2.93 per 100G",
    "COL Size": "75g"
  },
  {
    "Brand_Product_Size": "Friskies Dry Adult Surfin & Turfin Favourites Cat Food 2.5kg",
    "COL Price": 10,
    "COL ppu": "$0.40 per 100G",
    "COL Size": "2.5kg"
  },
  {
    "Brand_Product_Size": "Kellogg's LCMs Choc Chip Puffed Rice Snack Bars 6 pack 132g",
    "COL Price": 4,
    "COL ppu": "$3.03 per 100G",
    "COL Size": "132g"
  },
  {
    "Brand_Product_Size": "Campbell's Real Chicken Stock 1L",
    "COL Price": 4,
    "COL ppu": "$0.40 per 100mL",
    "COL Size": "1L"
  },
  {
    "Brand_Product_Size": "Coles Corn Cobettes 400g",
    "COL Price": 4.5,
    "COL ppu": "$1.13 per 100G",
    "COL Size": "400g"
  },
  {
    "Brand_Product_Size": "Revlon Colorstay Concealer Light 6mL",
    "COL Price": 27,
    "COL ppu": "$45.00 per 10mL",
    "COL Size": "6mL"
  },
  {
    "Brand_Product_Size": "Coles Kitchen Kaleslaw Salad Kit 350g",
    "COL Price": 5,
    "COL ppu": "$14.29 per 1Kg",
    "COL Size": "350g"
  },
  {
    "Brand_Product_Size": "Leiber's Dutch No Salt Pretzels 340g",
    "COL Price": 3.9,
    "COL ppu": "$1.15 per 100G",
    "COL Size": "340g"
  },
  {
    "Brand_Product_Size": "Primo Middle Bacon approx. 250g",
    "COL Price": 2.75,
    "COL ppu": "$11.00 per 1Kg",
    "COL Size": "approx. 250g"
  },
  {
    "Brand_Product_Size": "Energizer Lightning Cable Aluminium 1.2M Silver 1 pack",
    "COL Price": 30,
    "COL ppu": "$30.00 per 1Ea",
    "COL Size": "1 pack"
  },
  {
    "Brand_Product_Size": "Dandy Middle Bacon 250g",
    "COL Price": 3.5,
    "COL ppu": "$14.00 per 1Kg",
    "COL Size": "250g"
  },
  {
    "Brand_Product_Size": "Arnott's Monte Carlo Biscuits 250g",
    "COL Price": 3,
    "COL ppu": "$1.20 per 100G",
    "COL Size": "250g"
  },
  {
    "Brand_Product_Size": "Cook & Dine Tritan Bottle 700mL each",
    "COL Price": 14,
    "COL ppu": "$14.00 per 1Ea",
    "COL Size": "each"
  },
  {
    "Brand_Product_Size": "Glad Go Between Freezer Film 15m x 33cm 1 pack",
    "COL Price": 3.7,
    "COL ppu": "$3.70 per 1Ea",
    "COL Size": "1 pack"
  },
  {
    "Brand_Product_Size": "Korbond Delicates Washing Bag each",
    "COL Price": 5,
    "COL ppu": "$5.00 per 1Ea",
    "COL Size": "each"
  },
  {
    "Brand_Product_Size": "Gillette Mach 3 Extra Comfort Shave Gel 195g",
    "COL Price": 6.3,
    "COL ppu": "$3.23 per 100G",
    "COL Size": "195g"
  },
  {
    "Brand_Product_Size": "Continental Cup A Soup Creamy Potato & Bacon With Croutons Serves 2 50g",
    "COL Price": 2.1,
    "COL ppu": "$4.20 per 100G",
    "COL Size": "50g"
  },
  {
    "Brand_Product_Size": "White Glo Diamond Series Whitening System 1 pack",
    "COL Price": 10,
    "COL ppu": "$10.00 per 1Ea",
    "COL Size": "1 pack"
  },
  {
    "Brand_Product_Size": "Lescure Unsalted Butter 250g",
    "COL Price": 10.5,
    "COL ppu": "$42.00 per 1Kg",
    "COL Size": "250g"
  },
  {
    "Brand_Product_Size": "Garnier Micellar Ecopads 25g",
    "COL Price": 8.5,
    "COL ppu": "$34.00 per 100G",
    "COL Size": "25g"
  },
  {
    "Brand_Product_Size": "The Laughing Cow Creamy Cheese Dip And Crunchy Breadsticks 4 pack 140g",
    "COL Price": 4.5,
    "COL ppu": "",
    "COL Size": "140g"
  },
  {
    "Brand_Product_Size": "Brita Maxtra+ Universal Water Filter Cartridge 2 pack",
    "COL Price": 27,
    "COL ppu": "$13.50 per 1Ea",
    "COL Size": "2 pack"
  },
  {
    "Brand_Product_Size": "Good Yums Kids Strawberry Yoghurt Pouch 100g",
    "COL Price": 1.2,
    "COL ppu": "$1.20 per 100G",
    "COL Size": "100g"
  },
  {
    "Brand_Product_Size": "Coles Tomato Salsa Mild 300g",
    "COL Price": 1.5,
    "COL ppu": "$0.50 per 100G",
    "COL Size": "300g"
  },
  {
    "Brand_Product_Size": "Aeroplane Lite Raspberry Jelly Crystals 2 pack 18g",
    "COL Price": 2,
    "COL ppu": "$11.11 per 100G",
    "COL Size": "18g"
  },
  {
    "Brand_Product_Size": "Pepsi Cola Soft Drink 1.25L",
    "COL Price": 1.3,
    "COL ppu": "$1.04 per 1L",
    "COL Size": "1.25L"
  },
  {
    "Brand_Product_Size": "Coles Organic Four Bean Mix 400g",
    "COL Price": 1.3,
    "COL ppu": "$0.33 per 100G",
    "COL Size": "400g"
  },
  {
    "Brand_Product_Size": "Coles Australian Red Gum Honey 400g",
    "COL Price": 7.5,
    "COL ppu": "$1.88 per 100G",
    "COL Size": "400g"
  },
  {
    "Brand_Product_Size": "Core Power Foods Smokey Mountain Meatballs 350g",
    "COL Price": 9,
    "COL ppu": "$2.57 per 100G",
    "COL Size": "350g"
  },
  {
    "Brand_Product_Size": "Campbell's Real Vegetable Stock 1L",
    "COL Price": 4,
    "COL ppu": "$0.40 per 100mL",
    "COL Size": "1L"
  },
  {
    "Brand_Product_Size": "Three Threes Tomato Sauce 275mL",
    "COL Price": 3,
    "COL ppu": "$1.09 per 100mL",
    "COL Size": "275mL"
  },
  {
    "Brand_Product_Size": "Edgell Sliced Mushrooms in Butter Sauce 220g",
    "COL Price": 1.6,
    "COL ppu": "$7.27 per 1Kg",
    "COL Size": "220g"
  },
  {
    "Brand_Product_Size": "Grove Signature Orange Juice 2L",
    "COL Price": 6,
    "COL ppu": "$3.00 per 1L",
    "COL Size": "2L"
  },
  {
    "Brand_Product_Size": "Woofin Good Chunks In Jelly Mixed Selection Chicken Duck Turkey Dog Food 12 pack",
    "COL Price": 14,
    "COL ppu": "$1.17 per 100G",
    "COL Size": "12 pack"
  },
  {
    "Brand_Product_Size": "Little Trees Fresh Link Air Freshener 1 pack",
    "COL Price": 6.5,
    "COL ppu": "$6.50 per 1Ea",
    "COL Size": "1 pack"
  },
  {
    "Brand_Product_Size": "Coles Bake & Create Mini Hearts Sprinkles 65g",
    "COL Price": 3,
    "COL ppu": "$4.62 per 100G",
    "COL Size": "65g"
  },
  {
    "Brand_Product_Size": "Garofalo Casarecce Pasta 500g",
    "COL Price": 2.2,
    "COL ppu": "$0.44 per 100G",
    "COL Size": "500g"
  },
  {
    "Brand_Product_Size": "Liddells Lactose Free Plain Yoghurt 4 pack 140g",
    "COL Price": 5.35,
    "COL ppu": "$0.96 per 100G",
    "COL Size": "140g"
  },
  {
    "Brand_Product_Size": "Listerine Bright White Mouthwash 500mL",
    "COL Price": 8.5,
    "COL ppu": "$1.70 per 100mL",
    "COL Size": "500mL"
  },
  {
    "Brand_Product_Size": "Clio Eco 20D Sheer Pantyhose Natural Small/Medium each",
    "COL Price": 8,
    "COL ppu": "$8.00 per 1Ea",
    "COL Size": "each"
  },
  {
    "Brand_Product_Size": "Sirena Tuna Fillets Extra Virgin Olive Oil & Chilli 200g",
    "COL Price": 7.5,
    "COL ppu": "$37.50 per 1Kg",
    "COL Size": "200g"
  },
  {
    "Brand_Product_Size": "Revlon Colorstay 16hr Eyeshadow Addictive 4.8g",
    "COL Price": 25,
    "COL ppu": "$52.08 per 10G",
    "COL Size": "4.8g"
  },
  {
    "Brand_Product_Size": "Coles Sports Spring Water 1L",
    "COL Price": 1.1,
    "COL ppu": "$1.10 per 1L",
    "COL Size": "1L"
  },
  {
    "Brand_Product_Size": "Dolmio Tuna Bake Pasta Sauce 495g",
    "COL Price": 3,
    "COL ppu": "$0.61 per 100G",
    "COL Size": "495g"
  },
  {
    "Brand_Product_Size": "Glen 20 Disinfectant Air Freshener Spray Citrus Breeze 300g",
    "COL Price": 8,
    "COL ppu": "$2.67 per 100G",
    "COL Size": "300g"
  },
  {
    "Brand_Product_Size": "Morning Fresh Soft Hands Vanilla & Rose Dishwashing Liquid 350 mL",
    "COL Price": 4.3,
    "COL ppu": "$1.23 per 100mL",
    "COL Size": "350 mL"
  },
  {
    "Brand_Product_Size": "Dr Beckmann Pet Stain & Odour Remover 650mL",
    "COL Price": 6.4,
    "COL ppu": "$0.98 per 100mL",
    "COL Size": "650mL"
  },
  {
    "Brand_Product_Size": "Twinings Earl Grey Tea Bags 10 pack 20g",
    "COL Price": 2.9,
    "COL ppu": "$0.29 per 1Ea",
    "COL Size": "20g"
  },
  {
    "Brand_Product_Size": "Chobani Fit Vanilla Yoghurt Pouch 140g",
    "COL Price": 1.5,
    "COL ppu": "$1.07 per 100G",
    "COL Size": "140g"
  },
  {
    "Brand_Product_Size": "Omo Laundry Liquid Triple Caps Active 28 pack",
    "COL Price": 22,
    "COL ppu": "$0.79 per 1Ea",
    "COL Size": "28 pack"
  },
  {
    "Brand_Product_Size": "South Cape Gluten Free Brie Cheese approx. 100g",
    "COL Price": 5,
    "COL ppu": "$50.00 per 1Kg",
    "COL Size": "approx. 100g"
  },
  {
    "Brand_Product_Size": "Maybelline The Falsies Blackest Black Mascara 9.6mL",
    "COL Price": 12.5,
    "COL ppu": "$13.02 per 10mL",
    "COL Size": "9.6mL"
  },
  {
    "Brand_Product_Size": "Coles Kitchen Coleslaw Salad 250g",
    "COL Price": 3,
    "COL ppu": "$1.20 per 100G",
    "COL Size": "250g"
  },
  {
    "Brand_Product_Size": "Bounce Gluten Free Cashew Caramel Protein Energy Ball 40g",
    "COL Price": 2,
    "COL ppu": "$0.50 per 10G",
    "COL Size": "40g"
  },
  {
    "Brand_Product_Size": "Smith's Original Thinly Cut Potato Chips 175g",
    "COL Price": 2,
    "COL ppu": "$1.14 per 100G",
    "COL Size": "175g"
  },
  {
    "Brand_Product_Size": "Energizer Cable Micro-USB Alu 1.2M 1 each",
    "COL Price": 15,
    "COL ppu": "$15.00 per 1Ea",
    "COL Size": "1 each"
  },
  {
    "Brand_Product_Size": "Coles Foil Party Balloon each",
    "COL Price": 8,
    "COL ppu": "$8.00 per 1Ea",
    "COL Size": "each"
  },
  {
    "Brand_Product_Size": "Lindt Les Grandes Block Milk Choc & Hazelnut 150g",
    "COL Price": 5.5,
    "COL ppu": "$3.67 per 100G",
    "COL Size": "150g"
  },
  {
    "Brand_Product_Size": "Coles Tasty Cheese & Crackers 50g",
    "COL Price": 1.6,
    "COL ppu": "$3.20 per 100G",
    "COL Size": "50g"
  },
  {
    "Brand_Product_Size": "Doritos Hot Salsa 300g",
    "COL Price": 2.5,
    "COL ppu": "$0.83 per 100G",
    "COL Size": "300g"
  },
  {
    "Brand_Product_Size": "Banquet Dry Cat Food Adult Chicken & Beef Flavour 1kg",
    "COL Price": 2.6,
    "COL ppu": "$0.26 per 100G",
    "COL Size": "1kg"
  },
  {
    "Brand_Product_Size": "Darikay Chicken Noodle Soup 550g",
    "COL Price": 6.5,
    "COL ppu": "$1.18 per 100G",
    "COL Size": "550g"
  },
  {
    "Brand_Product_Size": "Korbond Nappy Pins 1 pack",
    "COL Price": 2.5,
    "COL ppu": "",
    "COL Size": "1 pack"
  },
  {
    "Brand_Product_Size": "Udder Delights Goat Chevre 150g",
    "COL Price": 9,
    "COL ppu": "$0.06 per 1g",
    "COL Size": "150g"
  },
  {
    "Brand_Product_Size": "Macleans Sensitive Toothpaste 100g",
    "COL Price": 4.8,
    "COL ppu": "$4.80 per 100G",
    "COL Size": "100g"
  },
  {
    "Brand_Product_Size": "Nexba Classic No Sugar Tonic Water 1L",
    "COL Price": 2.65,
    "COL ppu": "$2.65 per 1L",
    "COL Size": "1L"
  },
  {
    "Brand_Product_Size": "Arnott's Assorted Creams Biscuits 500g",
    "COL Price": 5.5,
    "COL ppu": "$1.10 per 100G",
    "COL Size": "500g"
  },
  {
    "Brand_Product_Size": "Arnott'S Tee Vee Snacks Biscuits Chocolate Milk 165g",
    "COL Price": 4,
    "COL ppu": "$2.42 per 100G",
    "COL Size": "165g"
  },
  {
    "Brand_Product_Size": "San Remo Tagliatelle Egg Pasta 250g",
    "COL Price": 1.8,
    "COL ppu": "$0.72 per 100G",
    "COL Size": "250g"
  },
  {
    "Brand_Product_Size": "Dettol Antibacterial Disinfectant Surface Cleaning 120 Wipes 1 pack",
    "COL Price": 10,
    "COL ppu": "$8.33 per 100Ea",
    "COL Size": "1 pack"
  },
  {
    "Brand_Product_Size": "Bronchodual Cough Syrup 200mL",
    "COL Price": 12.74,
    "COL ppu": "$6.37 per 100mL",
    "COL Size": "200mL"
  },
  {
    "Brand_Product_Size": "Carman's Gourmet Porridge Apple Sultana & Cinnamon Sachets 8 pack 320g",
    "COL Price": 4,
    "COL ppu": "$1.25 per 100G",
    "COL Size": "320g"
  },
  {
    "Brand_Product_Size": "Tefal City Cook Frypan 26cm each",
    "COL Price": 28,
    "COL ppu": "$28.00 per 1Ea",
    "COL Size": "each"
  },
  {
    "Brand_Product_Size": "Coles Urban Coffee Culture Capsules Strong 10 pack",
    "COL Price": 3.7,
    "COL ppu": "$0.37 per 1Ea",
    "COL Size": "10 pack"
  },
  {
    "Brand_Product_Size": "Waterford's Lite & Fruity Apple Berry Sparkling natural Mineral Water 1L",
    "COL Price": 1.15,
    "COL ppu": "$1.15 per 1L",
    "COL Size": "1L"
  },
  {
    "Brand_Product_Size": "Supercoat Light & Mature with Real Meat Dry Dog Food 3kg",
    "COL Price": 12,
    "COL ppu": "$0.40 per 100G",
    "COL Size": "3kg"
  },
  {
    "Brand_Product_Size": "Fry's Peppermint Cream Bar 50g",
    "COL Price": 2.6,
    "COL ppu": "$0.52 per 10G",
    "COL Size": "50g"
  },
  {
    "Brand_Product_Size": "Simson's Pantry Lime & Chilli Large Wraps 8 pack 560g",
    "COL Price": 4.2,
    "COL ppu": "$0.75 per 100G",
    "COL Size": "560g"
  },
  {
    "Brand_Product_Size": "Shine Brighter Peach Passionfruit Drink 330mL",
    "COL Price": 4.4,
    "COL ppu": "$13.33 per 1L",
    "COL Size": "330mL"
  },
  {
    "Brand_Product_Size": "Coles Free Range Eggs 6 Pack 300g",
    "COL Price": 3.08,
    "COL ppu": "$1.03 per 100G",
    "COL Size": "300g"
  },
  {
    "Brand_Product_Size": "Grill Society Fiery Lamb Smokers Kit each",
    "COL Price": 12.95,
    "COL ppu": "$12.95 per 1Ea",
    "COL Size": "each"
  },
  {
    "Brand_Product_Size": "Coles Organic Penne Pasta 500g",
    "COL Price": 1.65,
    "COL ppu": "$0.33 per 100G",
    "COL Size": "500g"
  },
  {
    "Brand_Product_Size": "Meredith Dairy Fresh Chevre Goat Cheese 80g",
    "COL Price": 5,
    "COL ppu": "$62.50 per 1Kg",
    "COL Size": "80g"
  },
  {
    "Brand_Product_Size": "Coles Eucalyptus Solution 10% 500mL",
    "COL Price": 11.5,
    "COL ppu": "$2.30 per 100mL",
    "COL Size": "500mL"
  },
  {
    "Brand_Product_Size": "Twix Chocolate Medium Party Share Bag 12 piece 174g",
    "COL Price": 5,
    "COL ppu": "$2.87 per 100G",
    "COL Size": "174g"
  },
  {
    "Brand_Product_Size": "St Remio Coffee Expressi/Caffitaly Bio-Organic Expresso Capsules 10 pack",
    "COL Price": 5,
    "COL ppu": "$0.50 per 1Ea",
    "COL Size": "10 pack"
  },
  {
    "Brand_Product_Size": "Powerade Sipper Sports Drink Berry Ice 600mL",
    "COL Price": 3.65,
    "COL ppu": "$6.08 per 1L",
    "COL Size": "600mL"
  },
  {
    "Brand_Product_Size": "Malarkey Munch Mitt Teething Mitten 1 pack",
    "COL Price": 20,
    "COL ppu": "$20.00 per 1Ea",
    "COL Size": "1 pack"
  },
  {
    "Brand_Product_Size": "Revlon Colorsilk Black 10 Hair Color 1 pack",
    "COL Price": 9,
    "COL ppu": "$9.00 per 1Ea",
    "COL Size": "1 pack"
  },
  {
    "Brand_Product_Size": "Fluffy Divine Blends Lotus Flower & Sea Minerals Fabric Softener 900mL",
    "COL Price": 7,
    "COL ppu": "$7.78 per 1L",
    "COL Size": "900mL"
  },
  {
    "Brand_Product_Size": "Coles Sticky Date Pudding 400g",
    "COL Price": 7,
    "COL ppu": "$1.75 per 100G",
    "COL Size": "400g"
  },
  {
    "Brand_Product_Size": "Schwarzkopf Root Retoucher Spray Dark Brown 70g",
    "COL Price": 18,
    "COL ppu": "$25.71 per 100G",
    "COL Size": "70g"
  },
  {
    "Brand_Product_Size": "Kellogg's Cereal Special K 535g",
    "COL Price": 7.65,
    "COL ppu": "$1.43 per 100G",
    "COL Size": "535g"
  },
  {
    "Brand_Product_Size": "Fibre One Triple Choc Cake Bars 4 Pieces 100g",
    "COL Price": 5.5,
    "COL ppu": "$5.50 per 100G",
    "COL Size": "100g"
  },
  {
    "Brand_Product_Size": "Cadbury Dairy Milk Vanilla Ice Cream Tub 1.2L",
    "COL Price": 9,
    "COL ppu": "$0.75 per 100mL",
    "COL Size": "1.2L"
  },
  {
    "Brand_Product_Size": "Dairy Farmers Sour Cream 250g",
    "COL Price": 2.65,
    "COL ppu": "$1.06 per 100G",
    "COL Size": "250g"
  },
  {
    "Brand_Product_Size": "Twisties Multipack 12 Pack 220g",
    "COL Price": 5,
    "COL ppu": "$2.27 per 100G",
    "COL Size": "220g"
  },
  {
    "Brand_Product_Size": "Cook & Dine Coloured Plastic Dinner Plates 20 pack",
    "COL Price": 4.5,
    "COL ppu": "$0.23 per 1Ea",
    "COL Size": "20 pack"
  },
  {
    "Brand_Product_Size": "Rexona Men Clinical Protection Antiperspirant Deodorant Active Fresh 45mL",
    "COL Price": 13,
    "COL ppu": "$28.89 per 100mL",
    "COL Size": "45mL"
  },
  {
    "Brand_Product_Size": "Nutella Hazelnut Chocolate Spread 220g",
    "COL Price": 3.9,
    "COL ppu": "$1.77 per 100G",
    "COL Size": "220g"
  },
  {
    "Brand_Product_Size": "Coles Bakery Stone Baked by Laurent Mini Wholemeal Pane Di Casa each",
    "COL Price": 2.85,
    "COL ppu": "$2.85 per 1Ea",
    "COL Size": "each"
  },
  {
    "Brand_Product_Size": "Deep Spring Mineral Water Lemon Lime 4 pack",
    "COL Price": 5.1,
    "COL ppu": "$5.10 per 1L",
    "COL Size": "4 pack"
  },
  {
    "Brand_Product_Size": "Quorn Meat Free Pieces 300g",
    "COL Price": 6.25,
    "COL ppu": "$2.08 per 100G",
    "COL Size": "300g"
  },
  {
    "Brand_Product_Size": "Leggo's Stir Through Sundried Tomato & Roasted Garlic Pasta Sauce 350g",
    "COL Price": 3,
    "COL ppu": "$0.86 per 100G",
    "COL Size": "350g"
  },
  {
    "Brand_Product_Size": "Cleaver's Lamb Loin Organic & Free Range Boneless approx. 260g pack",
    "COL Price": 14.04,
    "COL ppu": "$54.00 per 1Kg",
    "COL Size": "approx. 260g pack"
  },
  {
    "Brand_Product_Size": "Oral-B Star Wars Junior Toothpaste 6+ Years 92g",
    "COL Price": 2.8,
    "COL ppu": "$3.04 per 100G",
    "COL Size": "92g"
  },
  {
    "Brand_Product_Size": "Coles Pro Interdental Brushes Iso 3 Large 10 pack",
    "COL Price": 3.75,
    "COL ppu": "",
    "COL Size": "10 pack"
  },
  {
    "Brand_Product_Size": "Savlon Antiseptic Cream 30g",
    "COL Price": 4.5,
    "COL ppu": "$15.00 per 100G",
    "COL Size": "30g"
  },
  {
    "Brand_Product_Size": "Huggies Ultra-Dry Nappy Pants For Girls 9-14 Kg Size 4 58 pack",
    "COL Price": 25,
    "COL ppu": "$0.43 per 1Ea",
    "COL Size": "58 pack"
  },
  {
    "Brand_Product_Size": "Premi-yum Free Range Chicken Raw Medallion Cat Or Dog Food 6x100g 6 pack",
    "COL Price": 5.8,
    "COL ppu": "$0.97 per 1Ea",
    "COL Size": "6 pack"
  },
  {
    "Brand_Product_Size": "Coles Creme Gold Washed Potatoes approx 140g each",
    "COL Price": 0.56,
    "COL ppu": "$4.00 per 1Kg",
    "COL Size": "approx 140g each"
  },
  {
    "Brand_Product_Size": "Coles Blueberries Prepacked 125g",
    "COL Price": 7.5,
    "COL ppu": "$60.00 per 1Kg",
    "COL Size": "125g"
  },
  {
    "Brand_Product_Size": "Edgell Black Beans 4 Pack 500g",
    "COL Price": 3,
    "COL ppu": "$6.00 per 1Kg",
    "COL Size": "500g"
  },
  {
    "Brand_Product_Size": "Hi Life Rapid Loss Vanilla Powder 750g",
    "COL Price": 24,
    "COL ppu": "$3.20 per 100G",
    "COL Size": "750g"
  },
  {
    "Brand_Product_Size": "Lighthouse Bread & Pizza Plain Flour 1kg",
    "COL Price": 3.75,
    "COL ppu": "$3.75 per 1Kg",
    "COL Size": "1kg"
  },
  {
    "Brand_Product_Size": "Sistema Brilliance Premium Food Storage 380mL each",
    "COL Price": 6,
    "COL ppu": "$6.00 per 1Ea",
    "COL Size": "each"
  },
  {
    "Brand_Product_Size": "L'Oreal Brow Artist Xpert Ebony Brow Pencil 3g",
    "COL Price": 14,
    "COL ppu": "$4.67 per 1G",
    "COL Size": "3g"
  },
  {
    "Brand_Product_Size": "My Dog Tasty Kangaroo Meaty Loaf Wet Dog Food Tray 100g",
    "COL Price": 1.5,
    "COL ppu": "$1.50 per 100G",
    "COL Size": "100g"
  },
  {
    "Brand_Product_Size": "Coles Cumin Seeds Ground 42g",
    "COL Price": 2.05,
    "COL ppu": "$0.49 per 10G",
    "COL Size": "42g"
  },
  {
    "Brand_Product_Size": "Bars Bugs Windscreen Wash Additive 375mL",
    "COL Price": 5,
    "COL ppu": "$5.00 per 1ea",
    "COL Size": "375mL"
  },
  {
    "Brand_Product_Size": "Helga's Traditional Wholemeal Bread 750g",
    "COL Price": 3.9,
    "COL ppu": "$0.52 per 100G",
    "COL Size": "750g"
  },
  {
    "Brand_Product_Size": "L'Oreal Paris Age Perfect Toner 200mL",
    "COL Price": 10.5,
    "COL ppu": "$5.25 per 100mL",
    "COL Size": "200mL"
  },
  {
    "Brand_Product_Size": "Meat Servery Beef Sausages approx. 100g",
    "COL Price": 1.4,
    "COL ppu": "$14.00 per 1Kg",
    "COL Size": "approx. 100g"
  },
  {
    "Brand_Product_Size": "White King All Purpose Lemon Bleach 2.5L",
    "COL Price": 4.25,
    "COL ppu": "$1.70 per 1L",
    "COL Size": "2.5L"
  },
  {
    "Brand_Product_Size": "Seacrown Sardines In Vegetable Oil 125g",
    "COL Price": 0.75,
    "COL ppu": "$6.00 per 1Kg",
    "COL Size": "125g"
  },
  {
    "Brand_Product_Size": "Pearl River Bridge Light Soy Sauce 500mL",
    "COL Price": 2.85,
    "COL ppu": "$0.57 per 100mL",
    "COL Size": "500mL"
  },
  {
    "Brand_Product_Size": "Cottee's Breakfast Marmalade 500g",
    "COL Price": 2.8,
    "COL ppu": "$0.56 per 100G",
    "COL Size": "500g"
  },
  {
    "Brand_Product_Size": "ETA Original Barbecue Sauce 375mL",
    "COL Price": 2.75,
    "COL ppu": "$0.73 per 100mL",
    "COL Size": "375mL"
  },
  {
    "Brand_Product_Size": "McVitie's Caramel Chocolate Digestive Biscuits 250g",
    "COL Price": 3.95,
    "COL ppu": "$1.58 per 100G",
    "COL Size": "250g"
  },
  {
    "Brand_Product_Size": "Allen's Oak Coffee 170g",
    "COL Price": 3,
    "COL ppu": "$1.76 per 100G",
    "COL Size": "170g"
  },
  {
    "Brand_Product_Size": "Wildly Good Sweet Corn Spring Onion Fritter Bites 210g",
    "COL Price": 4,
    "COL ppu": "$1.90 per 100G",
    "COL Size": "210g"
  },
  {
    "Brand_Product_Size": "Handee Ultra White Paper Towels 4 pack",
    "COL Price": 5.5,
    "COL ppu": "$2.29 per 100Ea",
    "COL Size": "4 pack"
  },
  {
    "Brand_Product_Size": "Famous Soda Co Blood Orange 250mL",
    "COL Price": 2.5,
    "COL ppu": "$10.00 per 1L",
    "COL Size": "250mL"
  },
  {
    "Brand_Product_Size": "Coles Pork Chipolatas 550g",
    "COL Price": 5.5,
    "COL ppu": "$10.00 per 1Kg",
    "COL Size": "550g"
  },
  {
    "Brand_Product_Size": "Bertocchi Peking Pork approx. 1.5kg each",
    "COL Price": 42,
    "COL ppu": "$28.00 per 1Kg",
    "COL Size": "approx. 1.5kg each"
  },
  {
    "Brand_Product_Size": "Nyal Decongested Nasal Spray Pump 15mL",
    "COL Price": 7.2,
    "COL ppu": "$48.00 per 100mL",
    "COL Size": "15mL"
  },
  {
    "Brand_Product_Size": "Smith's Original Crinkle Potato Chips 60g",
    "COL Price": 2.1,
    "COL ppu": "$3.50 per 100G",
    "COL Size": "60g"
  },
  {
    "Brand_Product_Size": "Garnier Micellar Cleansing Water in Oil 400mL",
    "COL Price": 7,
    "COL ppu": "$1.75 per 100mL",
    "COL Size": "400mL"
  },
  {
    "Brand_Product_Size": "Fromager D'Affinois St Angel Triple Cream approx. 100g",
    "COL Price": 6.4,
    "COL ppu": "$64.00 per 1Kg",
    "COL Size": "approx. 100g"
  },
  {
    "Brand_Product_Size": "Sistema To Go Portion Pod 2 pack",
    "COL Price": 7,
    "COL ppu": "$3.50 per 1Ea",
    "COL Size": "2 pack"
  },
  {
    "Brand_Product_Size": "Maggi Dry Recipe Base Gluten Free Mince Cottage Pie 37g",
    "COL Price": 1.75,
    "COL ppu": "$4.73 per 100G",
    "COL Size": "37g"
  },
  {
    "Brand_Product_Size": "Queen Victoria English Breakfast Loose Leaf Tea 125g",
    "COL Price": 6,
    "COL ppu": "$4.80 per 100G",
    "COL Size": "125g"
  },
  {
    "Brand_Product_Size": "Dari's Table Harissa Hummus Dip 200g",
    "COL Price": 5,
    "COL ppu": "$2.50 per 100G",
    "COL Size": "200g"
  },
  {
    "Brand_Product_Size": "Wildly Good Kale Zucchini Fritter Bites 210g",
    "COL Price": 4,
    "COL ppu": "$1.90 per 100G",
    "COL Size": "210g"
  },
  {
    "Brand_Product_Size": "DermaVeen Sensitive Relief Eczema Cream 100mL",
    "COL Price": 8.8,
    "COL ppu": "$8.80 per 100mL",
    "COL Size": "100mL"
  },
  {
    "Brand_Product_Size": "Hurricane Top And Front Laundry Liquid 2L",
    "COL Price": 8,
    "COL ppu": "$4.00 per 1L",
    "COL Size": "2L"
  },
  {
    "Brand_Product_Size": "Coles Nature's Kitchen Sweet Chilli Tofu Nuggets Mild 350g",
    "COL Price": 5.9,
    "COL ppu": "$1.69 per 100G",
    "COL Size": "350g"
  },
  {
    "Brand_Product_Size": "Palmolive Ultra Complete Citrus Blast 500mL",
    "COL Price": 5.5,
    "COL ppu": "$1.10 per 100mL",
    "COL Size": "500mL"
  },
  {
    "Brand_Product_Size": "Cook & Dine Plastic White Dinner Plates 20 pack",
    "COL Price": 3,
    "COL ppu": "$0.15 per 1Ea",
    "COL Size": "20 pack"
  },
  {
    "Brand_Product_Size": "Coles Edison Screw 650 Lumens 8 Watt Cool White LED Globe 2 pack",
    "COL Price": 10,
    "COL ppu": "$5.00 per 1Ea",
    "COL Size": "2 pack"
  },
  {
    "Brand_Product_Size": "Lean Cuisine Sundried Tomato & Chicken 375g",
    "COL Price": 4.5,
    "COL ppu": "$1.20 per 100G",
    "COL Size": "375g"
  },
  {
    "Brand_Product_Size": "Bow Wow Chicken Fillets Dog Treat 1 pack",
    "COL Price": 1.85,
    "COL ppu": "$1.85 per 1Ea",
    "COL Size": "1 pack"
  },
  {
    "Brand_Product_Size": "Coles Non-Latex Silver Lined Gloves Medium 1 pair",
    "COL Price": 3.85,
    "COL ppu": "$3.85 per 1Ea",
    "COL Size": "1 pair"
  },
  {
    "Brand_Product_Size": "Sandhurst Cheese Filled Bell Peppers 280g",
    "COL Price": 6.75,
    "COL ppu": "$24.11 per 1Kg",
    "COL Size": "280g"
  },
  {
    "Brand_Product_Size": "Heinz Baked Beans Tomato Sauce 300g",
    "COL Price": 1,
    "COL ppu": "$0.33 per 100G",
    "COL Size": "300g"
  },
  {
    "Brand_Product_Size": "Coles Skim Milk 1L",
    "COL Price": 1.29,
    "COL ppu": "$1.29 per 1L",
    "COL Size": "1L"
  },
  {
    "Brand_Product_Size": "Codral Honey & Lemon Lozenges 16 pack",
    "COL Price": 6,
    "COL ppu": "$0.38 per 1Ea",
    "COL Size": "16 pack"
  },
  {
    "Brand_Product_Size": "Messina Strawberry Cheesecake Gelato Bar 4 Pack 400mL",
    "COL Price": 10,
    "COL ppu": "$2.50 per 100mL",
    "COL Size": "400mL"
  },
  {
    "Brand_Product_Size": "Lean Cuisine Slow Cooked Beef With Veg & Grains 350g",
    "COL Price": 8.5,
    "COL ppu": "$2.43 per 100G",
    "COL Size": "350g"
  },
  {
    "Brand_Product_Size": "Mother Earth Baked Oaty Slices Chocolate Oats 240g",
    "COL Price": 3,
    "COL ppu": "$1.25 per 100G",
    "COL Size": "240g"
  },
  {
    "Brand_Product_Size": "Hoyts Mild Peppers 430g",
    "COL Price": 2.8,
    "COL ppu": "$6.51 per 1Kg",
    "COL Size": "430g"
  },
  {
    "Brand_Product_Size": "Schweppes Orange Mango Mineral Water 1.1L",
    "COL Price": 2.15,
    "COL ppu": "$1.95 per 1L",
    "COL Size": "1.1L"
  },
  {
    "Brand_Product_Size": "Pandaroo Tumeric Powder 100g",
    "COL Price": 2.15,
    "COL ppu": "$2.15 per 100G",
    "COL Size": "100g"
  },
  {
    "Brand_Product_Size": "Food For Health Mango & Coconut Probiotic Brekkie Balls 200g",
    "COL Price": 12,
    "COL ppu": "$6.00 per 100G",
    "COL Size": "200g"
  },
  {
    "Brand_Product_Size": "Nescafe Mocha Coffee Sachets 10 pack",
    "COL Price": 6.3,
    "COL ppu": "$0.63 per 1Ea",
    "COL Size": "10 pack"
  },
  {
    "Brand_Product_Size": "Coles Frozen Tempura Chicken Breast Nuggets 400g",
    "COL Price": 3.6,
    "COL ppu": "$0.90 per 100G",
    "COL Size": "400g"
  },
  {
    "Brand_Product_Size": "Armor All Cleaning Wipes 25 pack",
    "COL Price": 10.5,
    "COL ppu": "$10.50 per 1ea",
    "COL Size": "25 pack"
  },
  {
    "Brand_Product_Size": "Coles Cooked & Peeled Prawns Tail Off 750g",
    "COL Price": 20,
    "COL ppu": "$26.67 per 1Kg",
    "COL Size": "750g"
  },
  {
    "Brand_Product_Size": "Coles Sweet Corn each",
    "COL Price": 1.5,
    "COL ppu": "$1.50 per 1Ea",
    "COL Size": "each"
  },
  {
    "Brand_Product_Size": "Mother Energy Epic Swell Can 500mL",
    "COL Price": 6.85,
    "COL ppu": "",
    "COL Size": ""
  },
  {
    "Brand_Product_Size": "Fussy Cat Grainfree Fine Mince With Beef Cat Food 70g",
    "COL Price": 1.9,
    "COL ppu": "$2.71 per 100G",
    "COL Size": "70g"
  },
  {
    "Brand_Product_Size": "Old El Paso Regular Tortillas 16 pack 640g",
    "COL Price": 5.5,
    "COL ppu": "$0.86 per 100G",
    "COL Size": "640g"
  },
  {
    "Brand_Product_Size": "Bic Intensity Fine Fairy Floss Marker 6 pack",
    "COL Price": 6.6,
    "COL ppu": "$1.10 per 1Ea",
    "COL Size": "6 pack"
  },
  {
    "Brand_Product_Size": "Blue Ribbon Light Vanilla Ice Cream Tub 2L",
    "COL Price": 4.9,
    "COL ppu": "$0.25 per 100mL",
    "COL Size": "2L"
  },
  {
    "Brand_Product_Size": "Farmers Union Natural Pot Set Yoghurt 1kg",
    "COL Price": 5.5,
    "COL ppu": "$5.50 per 1KG",
    "COL Size": "1kg"
  },
  {
    "Brand_Product_Size": "Maggi Malaysian Laksa 5pack Fusian Noodles 345g",
    "COL Price": 3.95,
    "COL ppu": "$1.14 per 100G",
    "COL Size": "345g"
  },
  {
    "Brand_Product_Size": "Coles Kitchen American BBQ Slaw Kit 400g",
    "COL Price": 5,
    "COL ppu": "$1.25 per 100G",
    "COL Size": "400g"
  },
  {
    "Brand_Product_Size": "Coles Italia Basilico Basil Pesto 290g",
    "COL Price": 3.5,
    "COL ppu": "$1.21 per 100G",
    "COL Size": "290g"
  },
  {
    "Brand_Product_Size": "Nice & Natural Chocolate Peanut Apricot Bars 6 Pack 180g",
    "COL Price": 4,
    "COL ppu": "$2.22 per 100G",
    "COL Size": "180g"
  },
  {
    "Brand_Product_Size": "Nivea Cellular Anti Age Day Cream Face Moisturiser SPF15 for Mature Skin 50mL",
    "COL Price": 28,
    "COL ppu": "$56.00 per 100mL",
    "COL Size": "50mL"
  },
  {
    "Brand_Product_Size": "Keep It Cleaner Nut Butter Filled Balls Hazelnut Brownie & Almond Butter Filling 40g",
    "COL Price": 3.5,
    "COL ppu": "$8.75 per 100G",
    "COL Size": "40g"
  },
  {
    "Brand_Product_Size": "Keep It Cleaner Bambini Balls With Dha Buckwheat & Cacao 2+ Years 75g",
    "COL Price": 5,
    "COL ppu": "$6.67 per 100G",
    "COL Size": "75g"
  },
  {
    "Brand_Product_Size": "St Dalfour Strawberry Spread 284g",
    "COL Price": 3,
    "COL ppu": "$1.06 per 100G",
    "COL Size": "284g"
  },
  {
    "Brand_Product_Size": "Coles Ultimate 40% Choc Chip Triple Choc Dipped Cookie 400g",
    "COL Price": 4.5,
    "COL ppu": "$1.13 per 100G",
    "COL Size": "400g"
  },
  {
    "Brand_Product_Size": "Decor Microsafe Oblong Container 900mL each",
    "COL Price": 6,
    "COL ppu": "$6.00 per 1ea",
    "COL Size": "each"
  },
  {
    "Brand_Product_Size": "Nature's Own Glucosamine Sulfate 1500 with Chondroitin Tablets 100 pack",
    "COL Price": 30,
    "COL ppu": "$0.30 per 1Ea",
    "COL Size": "100 pack"
  },
  {
    "Brand_Product_Size": "The Spice Tailor Hyderabad Red Korma 300g",
    "COL Price": 5.5,
    "COL ppu": "$1.83 per 100G",
    "COL Size": "300g"
  },
  {
    "Brand_Product_Size": "Betty Crocker Chocolate Cupcake Mix 450g",
    "COL Price": 5.2,
    "COL ppu": "$1.16 per 100G",
    "COL Size": "450g"
  },
  {
    "Brand_Product_Size": "Restaurant Collection Grilled Miso Eggplant 377g",
    "COL Price": 12,
    "COL ppu": "$3.18 per 100G",
    "COL Size": "377g"
  },
  {
    "Brand_Product_Size": "Coles Kitchen Wrap Triple Chicken 263g",
    "COL Price": 8,
    "COL ppu": "$3.04 per 100G",
    "COL Size": "263g"
  },
  {
    "Brand_Product_Size": "Nescafe Gold Smooth Mild Ground Coffee 90g",
    "COL Price": 9,
    "COL ppu": "$10.00 per 100G",
    "COL Size": "90g"
  },
  {
    "Brand_Product_Size": "Coles Organic Extra Virgin Olive Oil 500mL",
    "COL Price": 5,
    "COL ppu": "$1.00 per 100mL",
    "COL Size": "500mL"
  },
  {
    "Brand_Product_Size": "Coles I'M Free From Quiche Lorraine 280g",
    "COL Price": 7.5,
    "COL ppu": "$2.68 per 100G",
    "COL Size": "280g"
  },
  {
    "Brand_Product_Size": "Darrell Lea Raspberry Choc Coated Balls 160g",
    "COL Price": 4.4,
    "COL ppu": "$3.14 per 100G",
    "COL Size": "160g"
  },
  {
    "Brand_Product_Size": "Noshu 99% Sugar Free Fudgy Brownies Mix 300g",
    "COL Price": 7.5,
    "COL ppu": "$2.50 per 100G",
    "COL Size": "300g"
  },
  {
    "Brand_Product_Size": "Head & Shoulders Shampoo Smooth & Silky 400mL",
    "COL Price": 6.75,
    "COL ppu": "$1.69 per 100mL",
    "COL Size": "400mL"
  },
  {
    "Brand_Product_Size": "Uncle Tobys Oats Delicious Blends Hazelnut & Cinnamon 320g",
    "COL Price": 2.75,
    "COL ppu": "$0.86 per 100G",
    "COL Size": "320g"
  },
  {
    "Brand_Product_Size": "Coles Deli Fresh Seafood Cooked Black Tiger Prawns approx. 250g",
    "COL Price": 7.5,
    "COL ppu": "$30.00 per 1Kg",
    "COL Size": "approx. 250g"
  },
  {
    "Brand_Product_Size": "Gillette Travel Pack Disposable + Shave Gel 75mL",
    "COL Price": 5.5,
    "COL ppu": "$7.33 per 100mL",
    "COL Size": "75mL"
  },
  {
    "Brand_Product_Size": "Coles Apricots 200g",
    "COL Price": 3,
    "COL ppu": "$15.00 per 1Kg",
    "COL Size": "200g"
  },
  {
    "Brand_Product_Size": "Scholl Gel Activ Everyday Men 1 each",
    "COL Price": 28,
    "COL ppu": "",
    "COL Size": "1 each"
  },
  {
    "Brand_Product_Size": "Higher Living Organic Sweet Dreams Tea Bags 15 pack 26g",
    "COL Price": 2.95,
    "COL ppu": "$0.20 per 1Ea",
    "COL Size": "26g"
  },
  {
    "Brand_Product_Size": "Twinings Pure Peppermint Tea Bags 10 pack 20g",
    "COL Price": 2.9,
    "COL ppu": "$0.29 per 1Ea",
    "COL Size": "20g"
  },
  {
    "Brand_Product_Size": "Restaurant Collection Elotes Mexican Corn With Chipotle Mayo 420g",
    "COL Price": 12.5,
    "COL ppu": "$2.98 per 100G",
    "COL Size": "420g"
  },
  {
    "Brand_Product_Size": "Snickers Ice Bar 6 pack 318mL",
    "COL Price": 8.5,
    "COL ppu": "$2.67 per 100mL",
    "COL Size": "318mL"
  },
  {
    "Brand_Product_Size": "Presstik A5 Exercise Book 128 Page each",
    "COL Price": 1.25,
    "COL ppu": "$1.25 per 1Ea",
    "COL Size": "each"
  },
  {
    "Brand_Product_Size": "Del Monte Sloppy Joe Sauce 425g",
    "COL Price": 4.5,
    "COL ppu": "$1.06 per 100G",
    "COL Size": "425g"
  },
  {
    "Brand_Product_Size": "Cool Pak Popcorn Variety 16 Pack 198g",
    "COL Price": 4,
    "COL ppu": "$2.02 per 100G",
    "COL Size": "198g"
  },
  {
    "Brand_Product_Size": "Sunkist Orange Crush 1.25L",
    "COL Price": 1.3,
    "COL ppu": "$1.04 per 1L",
    "COL Size": "1.25L"
  },
  {
    "Brand_Product_Size": "Rafferty's Garden Spinach Apple Broccoli & Pea Baby Food 4+ Months 120g",
    "COL Price": 1.5,
    "COL ppu": "$1.25 per 100G",
    "COL Size": "120g"
  },
  {
    "Brand_Product_Size": "Cook & Dine Loaf Tin 24cm each",
    "COL Price": 6,
    "COL ppu": "$6.00 per 1Ea",
    "COL Size": "each"
  },
  {
    "Brand_Product_Size": "Sorbent Hypo Allergenic White Facial Tissues 200 pack",
    "COL Price": 1.85,
    "COL ppu": "$0.01 per 1Ea",
    "COL Size": "200 pack"
  },
  {
    "Brand_Product_Size": "Dove Antiperspirant Invisible Dry Roll On Deodorant For Women 50mL",
    "COL Price": 3.9,
    "COL ppu": "$7.80 per 100mL",
    "COL Size": "50mL"
  },
  {
    "Brand_Product_Size": "Vaseline Intensive Care Body Lotion Deep Restore 75mL",
    "COL Price": 4,
    "COL ppu": "$5.33 per 100mL",
    "COL Size": "75mL"
  },
  {
    "Brand_Product_Size": "Karicare+ 4 Toddler Milk Drink From 2 Years 900g",
    "COL Price": 17,
    "COL ppu": "$1.89 per 100G",
    "COL Size": "900g"
  },
  {
    "Brand_Product_Size": "Yumi's Gluten Free Zucchini & Lentil Veggie Bites 225g",
    "COL Price": 5.5,
    "COL ppu": "$2.44 per 100G",
    "COL Size": "225g"
  },
  {
    "Brand_Product_Size": "Multix Bake Non Stick 30m x 30cm 1 pack",
    "COL Price": 6.9,
    "COL ppu": "$0.23 per 1M",
    "COL Size": "1 pack"
  },
  {
    "Brand_Product_Size": "Optimum Adult 7+ Years Chicken Vegetable and Rice Dry Dog Food 2.7kg",
    "COL Price": 19,
    "COL ppu": "$7.04 per 1Kg",
    "COL Size": "2.7kg"
  },
  {
    "Brand_Product_Size": "The Natural Cracker Co Sea salt & Vinegar Crispy Crackers 160g",
    "COL Price": 1.75,
    "COL ppu": "$1.09 per 100G",
    "COL Size": "160g"
  },
  {
    "Brand_Product_Size": "Twisties Chicken Snacks Party Bag 270g",
    "COL Price": 3,
    "COL ppu": "$1.11 per 100G",
    "COL Size": "270g"
  },
  {
    "Brand_Product_Size": "Madura Green Leaf Tea 175g",
    "COL Price": 5.7,
    "COL ppu": "$3.26 per 100G",
    "COL Size": "175g"
  },
  {
    "Brand_Product_Size": "Pump Flavoured Water Berry 750mL",
    "COL Price": 3.55,
    "COL ppu": "$0.47 per 100mL",
    "COL Size": "750mL"
  },
  {
    "Brand_Product_Size": "Coles Green Kiwifruit Prepacked 8 pack",
    "COL Price": 3.5,
    "COL ppu": "$0.44 per 1Ea",
    "COL Size": "8 pack"
  },
  {
    "Brand_Product_Size": "Coles 2 Serve Soup Creamy Tomato And Basil Soup With Croutons 60g",
    "COL Price": 1,
    "COL ppu": "$1.67 per 100G",
    "COL Size": "60g"
  },
  {
    "Brand_Product_Size": "Cadbury Caramilk Twirl Bitesize 110g",
    "COL Price": 4,
    "COL ppu": "$3.64 per 100G",
    "COL Size": "110g"
  },
  {
    "Brand_Product_Size": "Sistema Plus Rectangle Containers 1 Litre 3 pack",
    "COL Price": 6.75,
    "COL ppu": "$2.25 per 1Ea",
    "COL Size": "3 pack"
  },
  {
    "Brand_Product_Size": "Schick Xtreme 3 Sensitive Disposable Razor with Aloe 10 pack",
    "COL Price": 4.75,
    "COL ppu": "$0.48 per 1Ea",
    "COL Size": "10 pack"
  },
  {
    "Brand_Product_Size": "Perfect Italiano Smooth Ricotta Cheese Tub 250g",
    "COL Price": 3.6,
    "COL ppu": "$14.40 per 1Kg",
    "COL Size": "250g"
  },
  {
    "Brand_Product_Size": "Coles Mini Chocolate Chip Muffins 9 pack",
    "COL Price": 3.5,
    "COL ppu": "$0.39 per 1Ea",
    "COL Size": "9 pack"
  },
  {
    "Brand_Product_Size": "Depend Real Fit Extra Large Super Underwear For Women 8 pack",
    "COL Price": 17,
    "COL ppu": "$2.13 per 1Ea",
    "COL Size": "8 pack"
  },
  {
    "Brand_Product_Size": "Coles Pure Australian Honey Squeeze 500g",
    "COL Price": 7.2,
    "COL ppu": "$1.44 per 100G",
    "COL Size": "500g"
  },
  {
    "Brand_Product_Size": "Ritz Breakz Classic Crackers 250g",
    "COL Price": 3.8,
    "COL ppu": "$1.52 per 100G",
    "COL Size": "250g"
  },
  {
    "Brand_Product_Size": "Mayvers Smooth Hazelnut Cacao & Cashew Butter 240g",
    "COL Price": 8.5,
    "COL ppu": "$3.54 per 100G",
    "COL Size": "240g"
  },
  {
    "Brand_Product_Size": "Pine O Cleen Disinfectant Wipes Lemon Lime Burst 45 pack",
    "COL Price": 4,
    "COL ppu": "$8.89 per 100Ea",
    "COL Size": "45 pack"
  },
  {
    "Brand_Product_Size": "Lean Cuisine Slow Cooked Glazed Pork 350g",
    "COL Price": 8.5,
    "COL ppu": "$2.43 per 100G",
    "COL Size": "350g"
  },
  {
    "Brand_Product_Size": "Nurofen Ibuprofen Caplets 12 pack",
    "COL Price": 3.75,
    "COL ppu": "$0.31 per 1Ea",
    "COL Size": "12 pack"
  },
  {
    "Brand_Product_Size": "Coles RSPCA Approved Chicken Popcorn Southern Fried 600g",
    "COL Price": 10,
    "COL ppu": "$16.67 per 1Kg",
    "COL Size": "600g"
  },
  {
    "Brand_Product_Size": "Huggies Ultra Dry Nappy For Boys 10-15 Kg Size 4 36 pack",
    "COL Price": 13,
    "COL ppu": "$0.36 per 1Ea",
    "COL Size": "36 pack"
  },
  {
    "Brand_Product_Size": "Food For Health Raspberry & Coconut Gluten Free Porridge 240g",
    "COL Price": 8,
    "COL ppu": "$3.33 per 100G",
    "COL Size": "240g"
  },
  {
    "Brand_Product_Size": "Street Kitchen Malaysian Peanut Satay 255g",
    "COL Price": 5.5,
    "COL ppu": "$2.16 per 100G",
    "COL Size": "255g"
  },
  {
    "Brand_Product_Size": "Koja Natural Peanut Butter Bar Caramel 30g",
    "COL Price": 3.2,
    "COL ppu": "$10.67 per 100G",
    "COL Size": "30g"
  },
  {
    "Brand_Product_Size": "Tampax Pearl Compak Super Tampons With Applicator 18 pack",
    "COL Price": 6.35,
    "COL ppu": "$0.35 per 1Ea",
    "COL Size": "18 pack"
  },
  {
    "Brand_Product_Size": "Yumi's Gluten Free Avocado With Sea Salt Dip 200g",
    "COL Price": 3,
    "COL ppu": "$1.50 per 100G",
    "COL Size": "200g"
  },
  {
    "Brand_Product_Size": "Original Juice Co. Black Label Less Sugar Orange Juice 600mL",
    "COL Price": 3.5,
    "COL ppu": "$5.83 per 1L",
    "COL Size": "600mL"
  },
  {
    "Brand_Product_Size": "Dairy Farmers Classic Smooth & Creamy Strawberry Flavoured Milk 500mL",
    "COL Price": 3,
    "COL ppu": "$6.00 per 1L",
    "COL Size": "500mL"
  },
  {
    "Brand_Product_Size": "Maybelline Shine Free Oil Control Light Loose Powder 19.8g",
    "COL Price": 11.83,
    "COL ppu": "$5.97 per 10G",
    "COL Size": "19.8g"
  },
  {
    "Brand_Product_Size": "Flora Margarine Spread Salt Reduced 500g",
    "COL Price": 2.8,
    "COL ppu": "$0.56 per 100G",
    "COL Size": "500g"
  },
  {
    "Brand_Product_Size": "Continental Kosher Butchers No Garlic Wurst Sliced 200g",
    "COL Price": 8.75,
    "COL ppu": "$43.75 per 1Kg",
    "COL Size": "200g"
  },
  {
    "Brand_Product_Size": "Always Fresh Stuffed Peppers Cheese 280g",
    "COL Price": 5.4,
    "COL ppu": "$19.29 per 1Kg",
    "COL Size": "280g"
  },
  {
    "Brand_Product_Size": "SPC Peach Cup Less Sugar 4 pack",
    "COL Price": 3,
    "COL ppu": "$6.25 per 1Kg",
    "COL Size": "4 pack"
  },
  {
    "Brand_Product_Size": "Bundaberg Guava Flavoured Sparkling Drink Multipack Bottles 375mL 4 pack",
    "COL Price": 6.35,
    "COL ppu": "$4.23 per 1L",
    "COL Size": "4 pack"
  },
  {
    "Brand_Product_Size": "Coles Beef Cocktail Spring Rolls 240g",
    "COL Price": 2.15,
    "COL ppu": "$0.90 per 100G",
    "COL Size": "240g"
  },
  {
    "Brand_Product_Size": "Four Seasons Massage Oil 150mL",
    "COL Price": 7.2,
    "COL ppu": "$4.80 per 100mL",
    "COL Size": "150mL"
  },
  {
    "Brand_Product_Size": "Disney 10 Sec Digital Thermometer each",
    "COL Price": 9,
    "COL ppu": "$9.00 per 1Ea",
    "COL Size": "each"
  },
  {
    "Brand_Product_Size": "Protea Foods Lekker Peri Peri Biltong Slices 100g",
    "COL Price": 9.9,
    "COL ppu": "$9.90 per 100G",
    "COL Size": "100g"
  },
  {
    "Brand_Product_Size": "Huon Premium Smoked Salmon 100g",
    "COL Price": 7.5,
    "COL ppu": "$75.00 per 1Kg",
    "COL Size": "100g"
  },
  {
    "Brand_Product_Size": "Ricci's Bikkies Pita Crisp Olive Oil & Sea Salt 120g",
    "COL Price": 6.9,
    "COL ppu": "$5.75 per 100G",
    "COL Size": "120g"
  },
  {
    "Brand_Product_Size": "Pureharvest Organic Malt Free Long Life Soy Drink 1L",
    "COL Price": 1.7,
    "COL ppu": "$1.70 per 1L",
    "COL Size": "1L"
  },
  {
    "Brand_Product_Size": "Yumi's Gluten Free Spicy Capsicum With Cashews Dip 200g",
    "COL Price": 3,
    "COL ppu": "$1.50 per 100G",
    "COL Size": "200g"
  },
  {
    "Brand_Product_Size": "Starbucks Medium Roast Premium Instant Coffee 90g",
    "COL Price": 7,
    "COL ppu": "$7.78 per 100G",
    "COL Size": "90g"
  },
  {
    "Brand_Product_Size": "Rexona Women Antiperspirant Cream Clinical Shower Clean 45mL",
    "COL Price": 13,
    "COL ppu": "$28.89 per 100mL",
    "COL Size": "45mL"
  },
  {
    "Brand_Product_Size": "Rokeby Farms Nas Banana Honey Cinnamon Smoothie 425mL",
    "COL Price": 3.05,
    "COL ppu": "$7.18 per 1L",
    "COL Size": "425mL"
  },
  {
    "Brand_Product_Size": "Coles High Fibre Multigrain Sandwich Bread 700g",
    "COL Price": 2.3,
    "COL ppu": "$0.33 per 100G",
    "COL Size": "700g"
  },
  {
    "Brand_Product_Size": "Le Tan Ultra Dark Self Tanning Foam 200mL",
    "COL Price": 20,
    "COL ppu": "$10.00 per 100mL",
    "COL Size": "200mL"
  },
  {
    "Brand_Product_Size": "I&J The Finest Frozen Salmon Portions Skin Off 500g",
    "COL Price": 18,
    "COL ppu": "$36.00 per 1Kg",
    "COL Size": "500g"
  },
  {
    "Brand_Product_Size": "Freedom Foods Messy Monkeys A2 Protein Strawberry Flavoured Multipack Dairy Milk 200mL 6 pack",
    "COL Price": 6,
    "COL ppu": "$5.00 per 1L",
    "COL Size": "6 pack"
  },
  {
    "Brand_Product_Size": "Blue Bay Marinated Cows Fetta 300g",
    "COL Price": 15.99,
    "COL ppu": "$53.30 per 1Kg",
    "COL Size": "300g"
  },
  {
    "Brand_Product_Size": "Fisherman's Friend Peppermint Throat Lozenge 25g",
    "COL Price": 2.3,
    "COL ppu": "$9.20 per 100G",
    "COL Size": "25g"
  },
  {
    "Brand_Product_Size": "Coles Salmon & Dill Dip 140g",
    "COL Price": 3,
    "COL ppu": "$2.14 per 100G",
    "COL Size": "140g"
  },
  {
    "Brand_Product_Size": "Blackmores Valerian Forte Tablets 30 pack",
    "COL Price": 13.2,
    "COL ppu": "$44.00 per 100Ea",
    "COL Size": "30 pack"
  },
  {
    "Brand_Product_Size": "Coles Kitchen Cheese & Garlic Baguette 250g",
    "COL Price": 2.3,
    "COL ppu": "$0.92 per 100G",
    "COL Size": "250g"
  },
  {
    "Brand_Product_Size": "Duck Lime Zest Protection Plus Toilet Rim Block Refill 2 pack 72mL",
    "COL Price": 8,
    "COL ppu": "$11.11 per 100mL",
    "COL Size": "72mL"
  },
  {
    "Brand_Product_Size": "Coles Gluten Free Multi Seed Wraps 4 pack 200g",
    "COL Price": 5,
    "COL ppu": "$2.50 per 100G",
    "COL Size": "200g"
  },
  {
    "Brand_Product_Size": "St Dalfour Wild Blueberry Spread 284g",
    "COL Price": 3,
    "COL ppu": "$1.06 per 100G",
    "COL Size": "284g"
  },
  {
    "Brand_Product_Size": "Rafferty's Garden Baby's Bolognese With Macaroni Baby Food 10+ Months 170g",
    "COL Price": 2.45,
    "COL ppu": "$1.44 per 100G",
    "COL Size": "170g"
  },
  {
    "Brand_Product_Size": "Heinz Tomato Ketchup 500mL",
    "COL Price": 2.5,
    "COL ppu": "$0.50 per 100mL",
    "COL Size": "500mL"
  },
  {
    "Brand_Product_Size": "Olga's Fine Foods Chicken Patties 500g",
    "COL Price": 6,
    "COL ppu": "$12.00 per 1Kg",
    "COL Size": "500g"
  },
  {
    "Brand_Product_Size": "Lindt Excellence Extra Fine 70% Cocoa Dark Chocolate Block 100g",
    "COL Price": 4.5,
    "COL ppu": "$4.50 per 100G",
    "COL Size": "100g"
  },
  {
    "Brand_Product_Size": "Coles I'm Free From Gluten Free Beef Flavour Brown Rice Noodle Cup 70g",
    "COL Price": 2,
    "COL ppu": "$2.86 per 100G",
    "COL Size": "70g"
  },
  {
    "Brand_Product_Size": "Coles Organic Baby Spinach 100g",
    "COL Price": 4,
    "COL ppu": "$40.00 per 1Kg",
    "COL Size": "100g"
  },
  {
    "Brand_Product_Size": "Chupa Chups Lollipop 12g",
    "COL Price": 0.5,
    "COL ppu": "$4.17 per 100G",
    "COL Size": "12g"
  },
  {
    "Brand_Product_Size": "Bickford's Lemon Barley Cordial 750mL",
    "COL Price": 3.2,
    "COL ppu": "$4.27 per 1L",
    "COL Size": "750mL"
  },
  {
    "Brand_Product_Size": "Anchor Chicken Chippy Salt 170g",
    "COL Price": 2.8,
    "COL ppu": "$0.16 per 10G",
    "COL Size": "170g"
  },
  {
    "Brand_Product_Size": "Pedigree Dentastix Medium Dog Treats Daily Oral Care Dental Chews 28 pack",
    "COL Price": 17.5,
    "COL ppu": "$0.63 per 1Ea",
    "COL Size": "28 pack"
  },
  {
    "Brand_Product_Size": "Capilano Pure Australian Honey Pail 1kg",
    "COL Price": 15,
    "COL ppu": "$1.50 per 100G",
    "COL Size": "1kg"
  },
  {
    "Brand_Product_Size": "Coles Finest Australian Organic Washed Rind approx. 500g",
    "COL Price": 34,
    "COL ppu": "$68.00 per 1Kg",
    "COL Size": "approx. 500g"
  },
  {
    "Brand_Product_Size": "Ferrero Rocher Chocolate 5 pack 62.5g",
    "COL Price": 4.2,
    "COL ppu": "$6.72 per 100G",
    "COL Size": "62.5g"
  },
  {
    "Brand_Product_Size": "Fever-Tree Premium Ginger BeerMultipack 4x200mL",
    "COL Price": 6,
    "COL ppu": "",
    "COL Size": ""
  },
  {
    "Brand_Product_Size": "Pirro Tagliatelle Egg Pasta 500g",
    "COL Price": 4.95,
    "COL ppu": "$0.99 per 100G",
    "COL Size": "500g"
  },
  {
    "Brand_Product_Size": "Dole Fruit In Juice 432g",
    "COL Price": 2.2,
    "COL ppu": "$5.09 per 1Kg",
    "COL Size": "432g"
  },
  {
    "Brand_Product_Size": "Renu Multi-Purpose Solution Value Pack 830mL",
    "COL Price": 21,
    "COL ppu": "$2.53 per 100mL",
    "COL Size": "830mL"
  },
  {
    "Brand_Product_Size": "Pine O Cleen Eucalyptus Disinfectant 1.25L",
    "COL Price": 4,
    "COL ppu": "$0.32 per 100mL",
    "COL Size": "1.25L"
  },
  {
    "Brand_Product_Size": "Sistema Square Bottle 725ml each",
    "COL Price": 7,
    "COL ppu": "$7.00 per 1Ea",
    "COL Size": "each"
  },
  {
    "Brand_Product_Size": "Lipton Vanilla Chai Latte Sachets 16 pack",
    "COL Price": 10,
    "COL ppu": "$0.63 per 1Ea",
    "COL Size": "16 pack"
  },
  {
    "Brand_Product_Size": "Sharwood's Green Label Mango Chutney 354g",
    "COL Price": 5.65,
    "COL ppu": "$1.60 per 100G",
    "COL Size": "354g"
  },
  {
    "Brand_Product_Size": "Sam's Frozen Pelmeni Beef & Pork Dumplings 800g",
    "COL Price": 14,
    "COL ppu": "$1.75 per 100G",
    "COL Size": "800g"
  },
  {
    "Brand_Product_Size": "Coles Baby Leaf Blend Salad Leaves Prepacked 300g",
    "COL Price": 5,
    "COL ppu": "$16.67 per 1Kg",
    "COL Size": "300g"
  },
  {
    "Brand_Product_Size": "Gatorade Fierce Grape Sport Drink 600mL",
    "COL Price": 2.15,
    "COL ppu": "$3.58 per 1L",
    "COL Size": "600mL"
  },
  {
    "Brand_Product_Size": "M&M's Chocolate Peanut Bag Medium 180g",
    "COL Price": 3,
    "COL ppu": "$1.67 per 100G",
    "COL Size": "180g"
  },
  {
    "Brand_Product_Size": "Coles Pork Loin Chops With Garlic & Herb Sprinkle approx. 300g",
    "COL Price": 6.6,
    "COL ppu": "$22.00 per 1Kg",
    "COL Size": "approx. 300g"
  },
  {
    "Brand_Product_Size": "Medela Breastmilk Bottle 250ml 250mL",
    "COL Price": 10.95,
    "COL ppu": "$10.95 per 1Ea",
    "COL Size": "250mL"
  },
  {
    "Brand_Product_Size": "Annalisa Chickpeas 400g",
    "COL Price": 1.5,
    "COL ppu": "$3.75 per 1Kg",
    "COL Size": "400g"
  },
  {
    "Brand_Product_Size": "Coles Beef With Noodles Soup Serves 2 60g",
    "COL Price": 1,
    "COL ppu": "$1.67 per 100G",
    "COL Size": "60g"
  },
  {
    "Brand_Product_Size": "Scott Cornwall Colour Restore Chrome 100mL",
    "COL Price": 17,
    "COL ppu": "$17.00 per 100mL",
    "COL Size": "100mL"
  },
  {
    "Brand_Product_Size": "Philadelphia Spreadable Light Cream Cheese Snack Tubs 4 pack 136g",
    "COL Price": 3.5,
    "COL ppu": "$2.57 per 100G",
    "COL Size": "136g"
  },
  {
    "Brand_Product_Size": "Coles Coconut & Chocolate Granola Bite 5 pack 110g",
    "COL Price": 3.5,
    "COL ppu": "$3.18 per 100G",
    "COL Size": "110g"
  },
  {
    "Brand_Product_Size": "Rana Pumpkin & Caramelised Onion Ravioli 325g",
    "COL Price": 7,
    "COL ppu": "$2.15 per 100G",
    "COL Size": "325g"
  },
  {
    "Brand_Product_Size": "Coles Panama Passionfruit each",
    "COL Price": 1.2,
    "COL ppu": "$1.20 per 1Ea",
    "COL Size": "each"
  },
  {
    "Brand_Product_Size": "Cadbury Chomp Chocolate Bar 30g",
    "COL Price": 1,
    "COL ppu": "$3.33 per 100G",
    "COL Size": "30g"
  },
  {
    "Brand_Product_Size": "Fancy Feast Classic Prime Filet of Turkey Canned Cat Food 85g",
    "COL Price": 1.45,
    "COL ppu": "$1.71 per 100G",
    "COL Size": "85g"
  },
  {
    "Brand_Product_Size": "Pyrex Cook & Go Rectangular Storage Dish 3.3L each",
    "COL Price": 19.6,
    "COL ppu": "$19.60 per 1Ea",
    "COL Size": "each"
  },
  {
    "Brand_Product_Size": "Lego City each",
    "COL Price": 16,
    "COL ppu": "",
    "COL Size": "each"
  },
  {
    "Brand_Product_Size": "Sanitarium Weet-Bix Blends Hi-Bran+ Breakfast Cereal 750g",
    "COL Price": 5.7,
    "COL ppu": "$0.76 per 100G",
    "COL Size": "750g"
  },
  {
    "Brand_Product_Size": "I&J Raw Prawns Extra Large Tail On 500g",
    "COL Price": 22,
    "COL ppu": "$4.40 per 100G",
    "COL Size": "500g"
  },
  {
    "Brand_Product_Size": "Coles Quick Oats Sachets Plain 420g",
    "COL Price": 3.3,
    "COL ppu": "$0.79 per 100G",
    "COL Size": "420g"
  },
  {
    "Brand_Product_Size": "Nescafe Skim Cappuccino Coffee Sachets 10 pack",
    "COL Price": 6.3,
    "COL ppu": "$0.63 per 1Ea",
    "COL Size": "10 pack"
  },
  {
    "Brand_Product_Size": "Heinz Classic Chicken & Sweet Corn Soup Can 535g",
    "COL Price": 2.5,
    "COL ppu": "$0.47 per 100G",
    "COL Size": "535g"
  },
  {
    "Brand_Product_Size": "Jarlsberg Original Cheese Block 250g",
    "COL Price": 7.9,
    "COL ppu": "$31.60 per 1Kg",
    "COL Size": "250g"
  },
  {
    "Brand_Product_Size": "Coles Seed Mix 165g",
    "COL Price": 2.5,
    "COL ppu": "$15.15 per 1Kg",
    "COL Size": "165g"
  },
  {
    "Brand_Product_Size": "Birds Eye Frozen Crunchy Crumb Fish Cakes 6 pack 300g",
    "COL Price": 5,
    "COL ppu": "$16.67 per 1Kg",
    "COL Size": "300g"
  },
  {
    "Brand_Product_Size": "Thomson's Deli Short Cut Bacon 1.25kg",
    "COL Price": 13,
    "COL ppu": "$10.40 per 1Kg",
    "COL Size": "1.25kg"
  },
  {
    "Brand_Product_Size": "Ansell Pink Silverlined Gloves Size 7.5 1 pair",
    "COL Price": 3.2,
    "COL ppu": "$3.20 per 1Ea",
    "COL Size": "1 pair"
  },
  {
    "Brand_Product_Size": "Health Basics Skin IQ Body Wash Skin Relief 1L",
    "COL Price": 15,
    "COL ppu": "$15.00 per 1L",
    "COL Size": "1L"
  },
  {
    "Brand_Product_Size": "Coles Natures Kitchen Thai Green Vegetable Curry With Mixed Grain Rice 350g",
    "COL Price": 7,
    "COL ppu": "$2.00 per 100G",
    "COL Size": "350g"
  },
  {
    "Brand_Product_Size": "B.box Replacement Straw 1 pack",
    "COL Price": 9,
    "COL ppu": "$9.00 per 1Ea",
    "COL Size": "1 pack"
  },
  {
    "Brand_Product_Size": "Keep It Cleaner Bliss Balls Peanut Butter Chocolate Chip 40g",
    "COL Price": 2.5,
    "COL ppu": "$6.25 per 100mL",
    "COL Size": "40g"
  },
  {
    "Brand_Product_Size": "Heritage Mill Zesty Lemon &  Raspberry Clusters 500g",
    "COL Price": 7,
    "COL ppu": "$1.40 per 100G",
    "COL Size": "500g"
  },
  {
    "Brand_Product_Size": "The Natural Confectionary Co. Vegan Lollies 200g",
    "COL Price": 2,
    "COL ppu": "$1.00 per 100G",
    "COL Size": "200g"
  },
  {
    "Brand_Product_Size": "Vaseline Expert Care Colloidal Oatmeal Soothing  Body Lotion 550mL",
    "COL Price": 15,
    "COL ppu": "$2.73 per 100mL",
    "COL Size": "550mL"
  },
  {
    "Brand_Product_Size": "Lurpak Slightly Salted Danish Butter 250g",
    "COL Price": 5,
    "COL ppu": "$2.00 per 100G",
    "COL Size": "250g"
  },
  {
    "Brand_Product_Size": "Lifespace Urogen For Women 40 pack",
    "COL Price": 27,
    "COL ppu": "$67.50 per 100Ea",
    "COL Size": "40 pack"
  },
  {
    "Brand_Product_Size": "Byron Bay Dotty Cookies Bites Pouch 100g",
    "COL Price": 2.5,
    "COL ppu": "$2.50 per 100G",
    "COL Size": "100g"
  },
  {
    "Brand_Product_Size": "Cadbury Breakaway Milk Chocolate Biscuit 180g",
    "COL Price": 2,
    "COL ppu": "$1.11 per 100G",
    "COL Size": "180g"
  },
  {
    "Brand_Product_Size": "Nature's Way Hair Growth Support + Biotin & Silicon 30 pack",
    "COL Price": 20,
    "COL ppu": "$0.67 per 1Ea",
    "COL Size": "30 pack"
  },
  {
    "Brand_Product_Size": "Yarra Valley Fresh Goats Cheese 120g",
    "COL Price": 7.4,
    "COL ppu": "$61.67 per 1Kg",
    "COL Size": "120g"
  },
  {
    "Brand_Product_Size": "Coles Vintage Cheddar Cheese Block 250g",
    "COL Price": 4,
    "COL ppu": "$1.60 per 100G",
    "COL Size": "250g"
  },
  {
    "Brand_Product_Size": "Carman's Nutty Delights Health Snacks Dark Choc Cherry & Coconut 160g",
    "COL Price": 6,
    "COL ppu": "$3.75 per 100G",
    "COL Size": "160g"
  },
  {
    "Brand_Product_Size": "Twinings Herbal Infusions Camomile Tea Bags 10 pack",
    "COL Price": 2.9,
    "COL ppu": "$0.29 per 1Ea",
    "COL Size": "10 pack"
  },
  {
    "Brand_Product_Size": "Coles Body Sponge Loofah 1 pack",
    "COL Price": 7,
    "COL ppu": "$7.00 per 1Ea",
    "COL Size": "1 pack"
  },
  {
    "Brand_Product_Size": "Chaokoh Pigeon Canned Corn Young Sweet 13up 425g",
    "COL Price": 2,
    "COL ppu": "$4.71 per 1Kg",
    "COL Size": "425g"
  },
  {
    "Brand_Product_Size": "Birds Eye Snap Frozen Corn Kernels 1kg",
    "COL Price": 3.7,
    "COL ppu": "$3.70 per 1Kg",
    "COL Size": "1kg"
  },
  {
    "Brand_Product_Size": "Queen Organic Vanilla Essence 100mL",
    "COL Price": 7,
    "COL ppu": "$0.70 per 10mL",
    "COL Size": "100mL"
  },
  {
    "Brand_Product_Size": "Nivea Men Shave Gel One Stroke 200mL",
    "COL Price": 6,
    "COL ppu": "$3.00 per 100mL",
    "COL Size": "200mL"
  },
  {
    "Brand_Product_Size": "Duracell Specialty 1620 Batteries 1 pack",
    "COL Price": 6,
    "COL ppu": "$6.00 per 1Ea",
    "COL Size": "1 pack"
  },
  {
    "Brand_Product_Size": "Latina Fresh Veal Tortellini 625g",
    "COL Price": 8,
    "COL ppu": "$1.28 per 100G",
    "COL Size": "625g"
  },
  {
    "Brand_Product_Size": "Celebrate Health Pumpkin Tri-colour Vegan Risotto 250g",
    "COL Price": 5,
    "COL ppu": "$2.00 per 100G",
    "COL Size": "250g"
  },
  {
    "Brand_Product_Size": "Moccona Classic Dark Roast Instant Coffee 200g",
    "COL Price": 13,
    "COL ppu": "$6.50 per 100G",
    "COL Size": "200g"
  },
  {
    "Brand_Product_Size": "Mirabella Pilot Globe 15 watt Small Edison Screw Clear 2 pack",
    "COL Price": 2.25,
    "COL ppu": "$1.13 per 1Ea",
    "COL Size": "2 pack"
  },
  {
    "Brand_Product_Size": "Coles Durian Pulp Prepack 450g",
    "COL Price": 18.88,
    "COL ppu": "$4.20 per 100G",
    "COL Size": "450g"
  },
  {
    "Brand_Product_Size": "2XP SPF 50+ Perform Dry Touch Body Sunscreen Lotion 125mL",
    "COL Price": 15,
    "COL ppu": "$12.00 per 100mL",
    "COL Size": "125mL"
  },
  {
    "Brand_Product_Size": "McCain Frozen Chunky Beer Batter Chips 750g",
    "COL Price": 4.3,
    "COL ppu": "$0.57 per 100G",
    "COL Size": "750g"
  },
  {
    "Brand_Product_Size": "Well Naturally Peppermint Chip Milk Chocolate Bar No Added Sugar 45g",
    "COL Price": 2.85,
    "COL ppu": "$6.33 per 100G",
    "COL Size": "45g"
  },
  {
    "Brand_Product_Size": "Coles Sweetened Condensed Milk 397g",
    "COL Price": 1.6,
    "COL ppu": "$0.40 per 100G",
    "COL Size": "397g"
  },
  {
    "Brand_Product_Size": "Coles Pomelo approx. 1kg",
    "COL Price": 7.9,
    "COL ppu": "$7.90 per 1Kg",
    "COL Size": "approx. 1kg"
  },
  {
    "Brand_Product_Size": "Streets Golden Gaytime Ice Cream Sticks 4 pack 400mL",
    "COL Price": 4.25,
    "COL ppu": "$1.06 per 100mL",
    "COL Size": "400mL"
  },
  {
    "Brand_Product_Size": "Rokeby Farms Smoothie Dutch Chocolate 425mL",
    "COL Price": 3.05,
    "COL ppu": "$7.18 per 1L",
    "COL Size": "425mL"
  },
  {
    "Brand_Product_Size": "Systemax High Protein Low Carb Chocolate Fudge Bar 32g",
    "COL Price": 2.19,
    "COL ppu": "$6.84 per 100G",
    "COL Size": "32g"
  },
  {
    "Brand_Product_Size": "Kellogg's Coco Pops Gaytime 330g",
    "COL Price": 5.4,
    "COL ppu": "$1.64 per 100G",
    "COL Size": "330g"
  },
  {
    "Brand_Product_Size": "L'Oreal Paris Excellence 7 Dark Blonde Hair Colour 1 pack",
    "COL Price": 20,
    "COL ppu": "$20.00 per 1Ea",
    "COL Size": "1 pack"
  },
  {
    "Brand_Product_Size": "Simple Pure Aerosol Deodorant 200mL",
    "COL Price": 7,
    "COL ppu": "$3.50 per 100mL",
    "COL Size": "200mL"
  },
  {
    "Brand_Product_Size": "Tip Top Sunblest White Thick Bread 650g",
    "COL Price": 3,
    "COL ppu": "$0.46 per 100G",
    "COL Size": "650g"
  },
  {
    "Brand_Product_Size": "Coles Deli Sweberg Cheese approx. 100g",
    "COL Price": 1.8,
    "COL ppu": "$18.00 per 1Kg",
    "COL Size": "approx. 100g"
  },
  {
    "Brand_Product_Size": "Cancer Council Moisturising Sunscreen Pump SPF 50+ 500mL",
    "COL Price": 27,
    "COL ppu": "$5.40 per 100mL",
    "COL Size": "500mL"
  },
  {
    "Brand_Product_Size": "Bellamy's Organic Infant Formula Step 3 Toddler 900g",
    "COL Price": 30,
    "COL ppu": "$3.33 per 100G",
    "COL Size": "900g"
  },
  {
    "Brand_Product_Size": "Coles Continental Cucumber each",
    "COL Price": 1.9,
    "COL ppu": "$1.90 per 1Ea",
    "COL Size": "each"
  },
  {
    "Brand_Product_Size": "Scholl Party Feet Heel Shield each",
    "COL Price": 10,
    "COL ppu": "$5.00 per 1Ea",
    "COL Size": "each"
  },
  {
    "Brand_Product_Size": "Ambi Pur Febreze Fabric Freshener Trigger Spray Blossom & Breeze 370mL",
    "COL Price": 6.5,
    "COL ppu": "$1.76 per 100mL",
    "COL Size": "370mL"
  },
  {
    "Brand_Product_Size": "Thins Salt & Vinegar Potato Chips 175g",
    "COL Price": 3.5,
    "COL ppu": "$2.00 per 100G",
    "COL Size": "175g"
  },
  {
    "Brand_Product_Size": "President Double Brie 200g",
    "COL Price": 6,
    "COL ppu": "$30.00 per 1Kg",
    "COL Size": "200g"
  },
  {
    "Brand_Product_Size": "Table Of Plenty Mini Rice Cakes Triple Berry Yoghurt 60g",
    "COL Price": 3.6,
    "COL ppu": "$6.00 per 100G",
    "COL Size": "60g"
  },
  {
    "Brand_Product_Size": "Coles Nut Deluxe Mix 200g",
    "COL Price": 3.5,
    "COL ppu": "$1.75 per 100G",
    "COL Size": "200g"
  },
  {
    "Brand_Product_Size": "Coles Mild Danish Salami 200g",
    "COL Price": 4.7,
    "COL ppu": "$23.50 per 1Kg",
    "COL Size": "200g"
  },
  {
    "Brand_Product_Size": "Cook & Dine Embossed Canister Large each",
    "COL Price": 10,
    "COL ppu": "$10.00 per 1Ea",
    "COL Size": "each"
  },
  {
    "Brand_Product_Size": "Coles Cherry Field Tomatoes Prepacked 250g",
    "COL Price": 2.5,
    "COL ppu": "$10.00 per 1Kg",
    "COL Size": "250g"
  },
  {
    "Brand_Product_Size": "McKenzie's Whole Green Lentils 375g",
    "COL Price": 2.3,
    "COL ppu": "$0.61 per 100G",
    "COL Size": "375g"
  },
  {
    "Brand_Product_Size": "Only Organic Pumpkin Potato & Beef Baby Food 8+ Months 170g",
    "COL Price": 2.9,
    "COL ppu": "$1.71 per 100G",
    "COL Size": "170g"
  },
  {
    "Brand_Product_Size": "Coles Baby Red Royale Potatoes Prepacked 1kg",
    "COL Price": 3.5,
    "COL ppu": "$3.50 per 1Kg",
    "COL Size": "1kg"
  },
  {
    "Brand_Product_Size": "Sandhurst Marinated Artichoke Quarters 97% Fat Free 170g",
    "COL Price": 3.1,
    "COL ppu": "$18.24 per 1Kg",
    "COL Size": "170g"
  },
  {
    "Brand_Product_Size": "Pantene Daily Moisture Renewal Conditioner 90mL",
    "COL Price": 3,
    "COL ppu": "$3.33 per 100mL",
    "COL Size": "90mL"
  },
  {
    "Brand_Product_Size": "Cook & Dine Ice Lolly Holders 4 pack",
    "COL Price": 2,
    "COL ppu": "$0.50 per 1Ea",
    "COL Size": "4 pack"
  },
  {
    "Brand_Product_Size": "Glow Hair Hoops Unicorn 4 pack",
    "COL Price": 6,
    "COL ppu": "$1.50 per 1Ea",
    "COL Size": "4 pack"
  },
  {
    "Brand_Product_Size": "Ribena Blackcurrant Fruit Juice Syrup Bottle 1L",
    "COL Price": 6,
    "COL ppu": "$6.00 per 1L",
    "COL Size": "1L"
  },
  {
    "Brand_Product_Size": "Coles Creamy Chicken Soup Pouch 430g",
    "COL Price": 2.7,
    "COL ppu": "$0.63 per 100G",
    "COL Size": "430g"
  },
  {
    "Brand_Product_Size": "Ocean Blue Sliced Smoked Ocean Trout 100g",
    "COL Price": 6.5,
    "COL ppu": "$65.00 per 1Kg",
    "COL Size": "100g"
  },
  {
    "Brand_Product_Size": "Bonds Women Logo Light Trainer LYQC4G Size 3-8 4 pack",
    "COL Price": 15,
    "COL ppu": "$3.75 per 1Ea",
    "COL Size": "4 pack"
  },
  {
    "Brand_Product_Size": "Arnott's Shortbread Cream Biscuits 250g",
    "COL Price": 3,
    "COL ppu": "$1.20 per 100G",
    "COL Size": "250g"
  },
  {
    "Brand_Product_Size": "Continental Sensation Garden Cauliflower & 4 Cheese Soup Serves 2 62g",
    "COL Price": 2,
    "COL ppu": "$3.23 per 100G",
    "COL Size": "62g"
  },
  {
    "Brand_Product_Size": "Blue Banner Pickled Onions 525g",
    "COL Price": 6,
    "COL ppu": "$11.43 per 1Kg",
    "COL Size": "525g"
  },
  {
    "Brand_Product_Size": "Air Wick VI Poo Fruity Pin Up 55mL",
    "COL Price": 10,
    "COL ppu": "$18.18 per 100mL",
    "COL Size": "55mL"
  },
  {
    "Brand_Product_Size": "King C Gillette Neck Razor Cartridge 3ct 1each",
    "COL Price": 21,
    "COL ppu": "$21.00 per 1Ea",
    "COL Size": "1each"
  },
  {
    "Brand_Product_Size": "Continental Kosher Lamb Balsamic Rosemary Shlder approx. 2.5kg",
    "COL Price": 117.5,
    "COL ppu": "$47.00 per 1Kg",
    "COL Size": "approx. 2.5kg"
  },
  {
    "Brand_Product_Size": "Pepsi Vanilla Soft Drink 2L",
    "COL Price": 2.15,
    "COL ppu": "$1.08 per 1L",
    "COL Size": "2L"
  },
  {
    "Brand_Product_Size": "Coles Thawed Seafood Chilli Prawns Skewers each",
    "COL Price": 1.5,
    "COL ppu": "$1.50 per 1Ea",
    "COL Size": "each"
  },
  {
    "Brand_Product_Size": "Nutella Ferrero Hazelnut Spread With Cocoa + Breadsticks 48g",
    "COL Price": 2,
    "COL ppu": "$4.17 per 100G",
    "COL Size": "48g"
  },
  {
    "Brand_Product_Size": "Continental Cup A Soup Tasty Tomato 54g",
    "COL Price": 2.1,
    "COL ppu": "$3.89 per 100G",
    "COL Size": "54g"
  },
  {
    "Brand_Product_Size": "Arkadia Vanilla Chai Tea 240g",
    "COL Price": 6.5,
    "COL ppu": "$2.71 per 100G",
    "COL Size": "240g"
  },
  {
    "Brand_Product_Size": "Kinder Surprise Blue 20g",
    "COL Price": 2.2,
    "COL ppu": "$11.00 per 100G",
    "COL Size": "20g"
  },
  {
    "Brand_Product_Size": "Coles Finest Artisan Kale & Caramelised Onion Crispbread 130g",
    "COL Price": 3,
    "COL ppu": "$2.31 per 100G",
    "COL Size": "130g"
  },
  {
    "Brand_Product_Size": "Herbert Adams Frozen Slow Cooked Beef with Caramelised Onion & Cabernet Sauvignon Pies 2 pack 400g",
    "COL Price": 7.8,
    "COL ppu": "$1.95 per 100G",
    "COL Size": "400g"
  },
  {
    "Brand_Product_Size": "Grain Waves Sour Cream & Chives 170g",
    "COL Price": 1.75,
    "COL ppu": "$1.03 per 100G",
    "COL Size": "170g"
  },
  {
    "Brand_Product_Size": "Selleys BBQ Tough 25 Wipes 1 pack",
    "COL Price": 10,
    "COL ppu": "$10.00 per 1Ea",
    "COL Size": "1 pack"
  },
  {
    "Brand_Product_Size": "Cottee's Orange No Added Sugar Cordial 1L",
    "COL Price": 4.2,
    "COL ppu": "$4.20 per 1L",
    "COL Size": "1L"
  },
  {
    "Brand_Product_Size": "Oreo Crme Biscuits Salted Caramel 133g",
    "COL Price": 1.5,
    "COL ppu": "$1.13 per 100G",
    "COL Size": "133g"
  },
  {
    "Brand_Product_Size": "Elevate Dry Cat Food Hairball Chicken 800g",
    "COL Price": 14,
    "COL ppu": "$1.75 per 100G",
    "COL Size": "800g"
  },
  {
    "Brand_Product_Size": "Uludag Orange Drink 250mL 6 pack",
    "COL Price": 6.85,
    "COL ppu": "$4.57 per 1L",
    "COL Size": "6 pack"
  },
  {
    "Brand_Product_Size": "MasterFoods Tuscan Meatballs Recipe Base 175g",
    "COL Price": 2.2,
    "COL ppu": "$1.26 per 100G",
    "COL Size": "175g"
  },
  {
    "Brand_Product_Size": "Leggo's Alfredo Pasta Sauce 490g",
    "COL Price": 3.3,
    "COL ppu": "$0.67 per 100G",
    "COL Size": "490g"
  },
  {
    "Brand_Product_Size": "McCain Gluten Free Thin Cut Potato Chips 750g",
    "COL Price": 3.85,
    "COL ppu": "$5.13 per 1Kg",
    "COL Size": "750g"
  },
  {
    "Brand_Product_Size": "Coles Made Easy Slow Cooked Beef Osso Bucco In A Rich Tomato Sauce 700g",
    "COL Price": 16,
    "COL ppu": "$22.86 per 1Kg",
    "COL Size": "700g"
  },
  {
    "Brand_Product_Size": "Tamar Valley Kids Greek Vanilla Yoghurt Pouch 110g",
    "COL Price": 1.3,
    "COL ppu": "$1.18 per 100G",
    "COL Size": "110g"
  },
  {
    "Brand_Product_Size": "Meat Servery Beef Scotch Fillet 100 Day Grain Fed approx. 250g",
    "COL Price": 11.75,
    "COL ppu": "$47.00 per 1Kg",
    "COL Size": "approx. 250g"
  },
  {
    "Brand_Product_Size": "Vetta Smart Fibre Kids Dinosaurs Pasta 500g",
    "COL Price": 1.6,
    "COL ppu": "$0.32 per 100G",
    "COL Size": "500g"
  },
  {
    "Brand_Product_Size": "Woofin Good Dog Treats Kangaroo Tails 4 pack",
    "COL Price": 12.6,
    "COL ppu": "$3.15 per 1Ea",
    "COL Size": "4 pack"
  },
  {
    "Brand_Product_Size": "Table Of Plenty Single Rice Cakes Salted Caramel 30g",
    "COL Price": 1.95,
    "COL ppu": "$6.50 per 100G",
    "COL Size": "30g"
  },
  {
    "Brand_Product_Size": "Nescafe Dolce Gusto Americano Coffee Capsules 16 pack 128g",
    "COL Price": 8.5,
    "COL ppu": "$6.64 per 100G",
    "COL Size": "128g"
  },
  {
    "Brand_Product_Size": "Blue Bird Curlies Corn Snacks 150g",
    "COL Price": 3.85,
    "COL ppu": "$2.57 per 100G",
    "COL Size": "150g"
  },
  {
    "Brand_Product_Size": "Coles Quick Oats Creamy Honey Porridge 12 Sachets 420g",
    "COL Price": 3.3,
    "COL ppu": "$0.79 per 100G",
    "COL Size": "420g"
  },
  {
    "Brand_Product_Size": "Toni & Guy Leave In Conditioner 100mL",
    "COL Price": 16,
    "COL ppu": "$16.00 per 100mL",
    "COL Size": "100mL"
  },
  {
    "Brand_Product_Size": "MasterFoods Hot English Mustard 175g",
    "COL Price": 2.5,
    "COL ppu": "$1.43 per 100G",
    "COL Size": "175g"
  },
  {
    "Brand_Product_Size": "Inghams Chicken Loaf approx. 125g",
    "COL Price": 1.75,
    "COL ppu": "$14.00 per 1Kg",
    "COL Size": "approx. 125g"
  },
  {
    "Brand_Product_Size": "Coles Cocktail Truss Tomatoes 250g",
    "COL Price": 3.9,
    "COL ppu": "$15.60 per 1Kg",
    "COL Size": "250g"
  },
  {
    "Brand_Product_Size": "OB Finest 3 Seed Pepita Crisps 110g",
    "COL Price": 6,
    "COL ppu": "$5.45 per 100G",
    "COL Size": "110g"
  },
  {
    "Brand_Product_Size": "Dynamo Profession 7 In 1 Laundry Liquid 1.8L",
    "COL Price": 20,
    "COL ppu": "$11.11 per 1L",
    "COL Size": "1.8L"
  },
  {
    "Brand_Product_Size": "Colgate Savacol Original Mouthwash 300mL",
    "COL Price": 9.7,
    "COL ppu": "$3.23 per 100mL",
    "COL Size": "300mL"
  },
  {
    "Brand_Product_Size": "Cetaphil Moisturising Lotion 250ml each",
    "COL Price": 11,
    "COL ppu": "$4.40 per 100mL",
    "COL Size": "each"
  },
  {
    "Brand_Product_Size": "Sensodyne Sensitive Teeth Pain Rapid Relief Toothpaste 100g",
    "COL Price": 11,
    "COL ppu": "$11.00 per 100G",
    "COL Size": "100g"
  },
  {
    "Brand_Product_Size": "Uncle Tobys Breakfast Bakes Apple & Cinnamon Oats 4 pack 260g",
    "COL Price": 6,
    "COL ppu": "$2.31 per 100G",
    "COL Size": "260g"
  },
  {
    "Brand_Product_Size": "Bepanthen Antiseptic Soothing Cream 100g",
    "COL Price": 12,
    "COL ppu": "$12.00 per 100G",
    "COL Size": "100g"
  },
  {
    "Brand_Product_Size": "Orgran Gluten Free All Purpose Plain Flour 500g",
    "COL Price": 3.57,
    "COL ppu": "$7.14 per 1Kg",
    "COL Size": "500g"
  },
  {
    "Brand_Product_Size": "Coles Red Leicester 200g",
    "COL Price": 4.5,
    "COL ppu": "$22.50 per 1Kg",
    "COL Size": "200g"
  },
  {
    "Brand_Product_Size": "Manicare Toe Nail Clipper With File 1 pack",
    "COL Price": 7,
    "COL ppu": "$7.00 per 1Ea",
    "COL Size": "1 pack"
  },
  {
    "Brand_Product_Size": "Coles Gluten Free Multi Seed Wraps 4 pack 200g",
    "COL Price": 5,
    "COL ppu": "$2.50 per 100G",
    "COL Size": "200g"
  },
  {
    "Brand_Product_Size": "Coles Salad Small Tubs Potato Egg & Bacon Salad Salad smaLL",
    "COL Price": 5,
    "COL ppu": "$5.00 per 1Ea",
    "COL Size": "smaLL"
  },
  {
    "Brand_Product_Size": "Maggi 2 Minute Noodles Oriental Single Cup 60g",
    "COL Price": 1.8,
    "COL ppu": "$3.00 per 100G",
    "COL Size": "60g"
  },
  {
    "Brand_Product_Size": "Coles Ultimate Brownie Baking Mix 500g",
    "COL Price": 4,
    "COL ppu": "$0.80 per 100G",
    "COL Size": "500g"
  },
  {
    "Brand_Product_Size": "Sealord Hoki Pub Style Tempura Batter Fillet 450g",
    "COL Price": 9.5,
    "COL ppu": "$21.11 per 1Kg",
    "COL Size": "450g"
  },
  {
    "Brand_Product_Size": "Jalna Pot Set Greek Style Natural Yoghurt 2kg",
    "COL Price": 10.95,
    "COL ppu": "$0.55 per 100G",
    "COL Size": "2kg"
  },
  {
    "Brand_Product_Size": "Modo Eco Living Stainless Steel Straws With Cleaning Brush 4 pack",
    "COL Price": 5,
    "COL ppu": "$1.25 per 1Ea",
    "COL Size": "4 pack"
  },
  {
    "Brand_Product_Size": "Mr Kipling Salted Caramel Slices 6 pack 175g",
    "COL Price": 2.5,
    "COL ppu": "$1.43 per 100G",
    "COL Size": "175g"
  },
  {
    "Brand_Product_Size": "Coles Natural Spring Water 350mL 24 pack",
    "COL Price": 8.6,
    "COL ppu": "$1.02 per 1L",
    "COL Size": "24 pack"
  },
  {
    "Brand_Product_Size": "Tracklement Perfect Ploughmans Pickle 295g",
    "COL Price": 14.75,
    "COL ppu": "$5.00 per 100G",
    "COL Size": "295g"
  },
  {
    "Brand_Product_Size": "Ottogi Korean BBQ Bulgogi Sauce 240g",
    "COL Price": 2.8,
    "COL ppu": "$1.17 per 100G",
    "COL Size": "240g"
  },
  {
    "Brand_Product_Size": "Paws Dog Mince 600g",
    "COL Price": 5,
    "COL ppu": "$0.83 per 100G",
    "COL Size": "600g"
  },
  {
    "Brand_Product_Size": "Nature's Way Slim Right Chocolate Weight Loss Powder 375g",
    "COL Price": 14.5,
    "COL ppu": "$14.50 per 1Ea",
    "COL Size": "375g"
  },
  {
    "Brand_Product_Size": "Loco Dairy Free Thickened Creamy 300mL",
    "COL Price": 3.5,
    "COL ppu": "$1.17 per 100mL",
    "COL Size": "300mL"
  },
  {
    "Brand_Product_Size": "Schwarzkopf Root Retoucher Spray Black 70g",
    "COL Price": 18,
    "COL ppu": "$25.71 per 100G",
    "COL Size": "70g"
  },
  {
    "Brand_Product_Size": "L'OR Espresso Ultimo Capsules 10 pack",
    "COL Price": 4.5,
    "COL ppu": "$0.45 per 1Ea",
    "COL Size": "10 pack"
  },
  {
    "Brand_Product_Size": "Olinas Selection Pack Crackers 290g",
    "COL Price": 10,
    "COL ppu": "$3.45 per 100G",
    "COL Size": "290g"
  },
  {
    "Brand_Product_Size": "Olay Luminous Hyaluronic Super Serum 30mL",
    "COL Price": 60,
    "COL ppu": "$200.01 per 100mL",
    "COL Size": "30mL"
  },
  {
    "Brand_Product_Size": "I&J Barramundi Fillets 700g",
    "COL Price": 17.6,
    "COL ppu": "$25.14 per 1Kg",
    "COL Size": "700g"
  },
  {
    "Brand_Product_Size": "Heinz Chilli Beanz Mild 420g",
    "COL Price": 2.5,
    "COL ppu": "$0.60 per 100G",
    "COL Size": "420g"
  },
  {
    "Brand_Product_Size": "Coles Soft Drink Diet Raspberry 1.25L",
    "COL Price": 1,
    "COL ppu": "$0.80 per 1L",
    "COL Size": "1.25L"
  },
  {
    "Brand_Product_Size": "Kooka's Chocolate Jam Cookies 500g",
    "COL Price": 4.2,
    "COL ppu": "$0.84 per 100G",
    "COL Size": "500g"
  },
  {
    "Brand_Product_Size": "M & M Kosher Whole Chicken approx. 2kg pack",
    "COL Price": 25,
    "COL ppu": "$12.50 per 1Kg",
    "COL Size": "approx. 2kg pack"
  },
  {
    "Brand_Product_Size": "Lee Kum Kee Ready Sauce San Choy Bao 100g",
    "COL Price": 2.2,
    "COL ppu": "$2.20 per 100G",
    "COL Size": "100g"
  },
  {
    "Brand_Product_Size": "Pyrex Simply Store Round Container 470mL each",
    "COL Price": 7,
    "COL ppu": "$7.00 per 1Ea",
    "COL Size": "each"
  },
  {
    "Brand_Product_Size": "Nestle Kit Kat Mint Cookie Fudge 45g",
    "COL Price": 2,
    "COL ppu": "$4.44 per 100G",
    "COL Size": "45g"
  },
  {
    "Brand_Product_Size": "Command Mini Hooks Value Pack 18 pack",
    "COL Price": 14.5,
    "COL ppu": "$14.50 per 1ea",
    "COL Size": "18 pack"
  },
  {
    "Brand_Product_Size": "Freedom Foods Barley+ Muesli Cranberry Almond & Cinnamon 500g",
    "COL Price": 6,
    "COL ppu": "$1.20 per 100G",
    "COL Size": "500g"
  },
  {
    "Brand_Product_Size": "Hunt And Brew Ethiopia Cold Brew Black Coffee 250mL",
    "COL Price": 3,
    "COL ppu": "$12.00 per 1L",
    "COL Size": "250mL"
  },
  {
    "Brand_Product_Size": "Organic Choice Orange Bergamot & Wild Lavender Luxe Laundry Liquid 1L",
    "COL Price": 10,
    "COL ppu": "$10.00 per 1L",
    "COL Size": "1L"
  },
  {
    "Brand_Product_Size": "Lifestyles Zero Condoms 40 pack",
    "COL Price": 29,
    "COL ppu": "$0.73 per 1Ea",
    "COL Size": "40 pack"
  },
  {
    "Brand_Product_Size": "MasterFoods Stir Fry Creamy Thai Chicken Recipe Base 175g",
    "COL Price": 2.2,
    "COL ppu": "$1.26 per 100G",
    "COL Size": "175g"
  },
  {
    "Brand_Product_Size": "Birds Eye Snap Frozen Country Harvest Winter Vegetables 1kg",
    "COL Price": 4,
    "COL ppu": "$4.00 per 1Kg",
    "COL Size": "1kg"
  },
  {
    "Brand_Product_Size": "Birds Eye Frozen Steam Fresh Carrot Cauliflower & Broccoli 5 pack 750g",
    "COL Price": 5,
    "COL ppu": "$6.67 per 1Kg",
    "COL Size": "750g"
  },
  {
    "Brand_Product_Size": "Schwarzkopf Extra Care Shampoo Colour Protect & Shine 900mL",
    "COL Price": 14,
    "COL ppu": "$1.56 per 100mL",
    "COL Size": "900mL"
  },
  {
    "Brand_Product_Size": "Selleys Oven Wipes 12 pack",
    "COL Price": 5,
    "COL ppu": "$41.67 per 100Ea",
    "COL Size": "12 pack"
  },
  {
    "Brand_Product_Size": "OB Finest Apricot & Hazelnut Crackers 150g",
    "COL Price": 6,
    "COL ppu": "$4.00 per 100G",
    "COL Size": "150g"
  },
  {
    "Brand_Product_Size": "Coles Perform Thai Red Curry Chicken 340g",
    "COL Price": 8,
    "COL ppu": "$2.35 per 100G",
    "COL Size": "340g"
  },
  {
    "Brand_Product_Size": "Udder Delights Brie approx. 100g",
    "COL Price": 4,
    "COL ppu": "$40.00 per 1Kg",
    "COL Size": "approx. 100g"
  },
  {
    "Brand_Product_Size": "Nivea Men Deep Face Moisturiser Day Cream 50mL",
    "COL Price": 14.5,
    "COL ppu": "$29.00 per 100mL",
    "COL Size": "50mL"
  },
  {
    "Brand_Product_Size": "San Remo Wholemeal Spaghetti 500g",
    "COL Price": 1.95,
    "COL ppu": "$0.39 per 100G",
    "COL Size": "500g"
  },
  {
    "Brand_Product_Size": "Maybelline Superstay 24H Lipstick 055 Perpetual Plum 1.8mL",
    "COL Price": 12,
    "COL ppu": "$66.67 per 10mL",
    "COL Size": "1.8mL"
  },
  {
    "Brand_Product_Size": "V Energy Drink Blue Multipack 10 pack",
    "COL Price": 13.5,
    "COL ppu": "$6.75 per 1L",
    "COL Size": "10 pack"
  },
  {
    "Brand_Product_Size": "Chobani Fit Yoghurt Pouch Coconut 140g",
    "COL Price": 1.5,
    "COL ppu": "$1.07 per 100G",
    "COL Size": "140g"
  },
  {
    "Brand_Product_Size": "Schmackos Strapz With Liver Dog Treats 200g",
    "COL Price": 6,
    "COL ppu": "$3.00 per 100G",
    "COL Size": "200g"
  },
  {
    "Brand_Product_Size": "Mainland On The Go Colby Cheese & Artisan Crackers 38g",
    "COL Price": 2.5,
    "COL ppu": "",
    "COL Size": "38g"
  },
  {
    "Brand_Product_Size": "Coles Tasty Light Cheese & Crackers 50g",
    "COL Price": 1.6,
    "COL ppu": "$3.20 per 100G",
    "COL Size": "50g"
  },
  {
    "Brand_Product_Size": "Wattle Valley Chunky Roasted Pumpkin With Cashews & Parmesan Dip 150g",
    "COL Price": 4.6,
    "COL ppu": "$3.07 per 100G",
    "COL Size": "150g"
  },
  {
    "Brand_Product_Size": "Violet Crumble Dark Bar 50g",
    "COL Price": 2,
    "COL ppu": "$4.00 per 100G",
    "COL Size": "50g"
  },
  {
    "Brand_Product_Size": "Lavazza Qualita Oro Ground 250g",
    "COL Price": 7.5,
    "COL ppu": "$3.00 per 100G",
    "COL Size": "250g"
  },
  {
    "Brand_Product_Size": "Milton Antibacterial Sterilizer Tablets 30 pack",
    "COL Price": 7.5,
    "COL ppu": "$0.25 per 1Ea",
    "COL Size": "30 pack"
  },
  {
    "Brand_Product_Size": "Bird Munchies Budgie Canary Bird Seed Treat 110g",
    "COL Price": 2,
    "COL ppu": "$1.82 per 100G",
    "COL Size": "110g"
  },
  {
    "Brand_Product_Size": "Emma & Tom's Carrot Top Juice Chilled 350mL",
    "COL Price": 3.9,
    "COL ppu": "$11.14 per 1L",
    "COL Size": "350mL"
  },
  {
    "Brand_Product_Size": "Nestle Milky Bar Whirl Chocolate Block 170g",
    "COL Price": 3,
    "COL ppu": "$1.76 per 100G",
    "COL Size": "170g"
  },
  {
    "Brand_Product_Size": "Coles Chocolate Cream Biscuit 200g",
    "COL Price": 1,
    "COL ppu": "$0.50 per 100G",
    "COL Size": "200g"
  },
  {
    "Brand_Product_Size": "Coles Prawns Cooked & Peeled Tail On 350g",
    "COL Price": 10,
    "COL ppu": "$28.57 per 1Kg",
    "COL Size": "350g"
  },
  {
    "Brand_Product_Size": "La Casa Del Formaggio Cheese Bocconcini Bambini 220g",
    "COL Price": 5.5,
    "COL ppu": "$25.00 per 1Kg",
    "COL Size": "220g"
  },
  {
    "Brand_Product_Size": "Yoosh Lychee Flavour Aloe Vera Drink 1.5L",
    "COL Price": 3.82,
    "COL ppu": "$0.25 per 100mL",
    "COL Size": "1.5L"
  },
  {
    "Brand_Product_Size": "Coles Tasty Cheddar Cheese Slices 24 Pack 500g",
    "COL Price": 6.5,
    "COL ppu": "$1.30 per 100G",
    "COL Size": "500g"
  },
  {
    "Brand_Product_Size": "Cracker Barrel Cracked Black Pepper Cheddar Cheese 130g",
    "COL Price": 3.5,
    "COL ppu": "$26.92 per 1Kg",
    "COL Size": "130g"
  },
  {
    "Brand_Product_Size": "The Spice Tailor Malabar Biryani 360g",
    "COL Price": 5.5,
    "COL ppu": "$1.53 per 100G",
    "COL Size": "360g"
  },
  {
    "Brand_Product_Size": "Heinz Baked Beans In Tomato Sauce 220g",
    "COL Price": 1.65,
    "COL ppu": "$0.75 per 100G",
    "COL Size": "220g"
  },
  {
    "Brand_Product_Size": "Green's Traditional Date Loaf Baking Mix 415g",
    "COL Price": 2.75,
    "COL ppu": "$0.66 per 100G",
    "COL Size": "415g"
  },
  {
    "Brand_Product_Size": "Crayola Washable Kids Paint 6 pack",
    "COL Price": 10,
    "COL ppu": "$1.67 per 1Ea",
    "COL Size": "6 pack"
  },
  {
    "Brand_Product_Size": "Maybelline Dream Radiant Liquid Foundation Classic Ivory 30mL",
    "COL Price": 17.5,
    "COL ppu": "$5.83 per 10mL",
    "COL Size": "30mL"
  },
  {
    "Brand_Product_Size": "Trident Tempura Batter Mix 150g",
    "COL Price": 2.1,
    "COL ppu": "$1.40 per 100G",
    "COL Size": "150g"
  },
  {
    "Brand_Product_Size": "Starbucks House Blend Ground 200g",
    "COL Price": 9,
    "COL ppu": "$4.50 per 100G",
    "COL Size": "200g"
  },
  {
    "Brand_Product_Size": "Greens Blueberry & Butter Milk Pancake Shake 325g",
    "COL Price": 3,
    "COL ppu": "$0.92 per 100G",
    "COL Size": "325g"
  },
  {
    "Brand_Product_Size": "Maybelline Tattoo Brow Pencil 255 Soft Brown 0.73g",
    "COL Price": 16.1,
    "COL ppu": "$220.58 per 10G",
    "COL Size": "0.73g"
  },
  {
    "Brand_Product_Size": "Coles Soda Water 2L",
    "COL Price": 1.45,
    "COL ppu": "$0.73 per 1L",
    "COL Size": "2L"
  },
  {
    "Brand_Product_Size": "Massel Beef Style Stock Cubes 105g",
    "COL Price": 3.4,
    "COL ppu": "$0.32 per 10G",
    "COL Size": "105g"
  },
  {
    "Brand_Product_Size": "Swisse Kids Gummies Bone Health 60 pack",
    "COL Price": 9.5,
    "COL ppu": "$0.16 per 1Ea",
    "COL Size": "60 pack"
  },
  {
    "Brand_Product_Size": "Yumi's Gluten Free Traditional Middle Eastern Hommus Dip 1kg",
    "COL Price": 7,
    "COL ppu": "$0.70 per 100G",
    "COL Size": "1kg"
  },
  {
    "Brand_Product_Size": "Balfours Frozen Pasties 4 pack 600g",
    "COL Price": 8,
    "COL ppu": "$1.33 per 100G",
    "COL Size": "600g"
  },
  {
    "Brand_Product_Size": "Redwin Coal Tar Shampoo 250mL",
    "COL Price": 4.85,
    "COL ppu": "$1.94 per 100mL",
    "COL Size": "250mL"
  },
  {
    "Brand_Product_Size": "Coles Seed & Grains Rice Crackers 100g",
    "COL Price": 1.35,
    "COL ppu": "$1.35 per 100G",
    "COL Size": "100g"
  },
  {
    "Brand_Product_Size": "Heinz Mild American Mustard 220mL",
    "COL Price": 2.75,
    "COL ppu": "$1.25 per 100mL",
    "COL Size": "220mL"
  },
  {
    "Brand_Product_Size": "Queen Victoria English Breakfast Tea 100 pack",
    "COL Price": 10,
    "COL ppu": "$0.10 per 1Ea",
    "COL Size": "100 pack"
  },
  {
    "Brand_Product_Size": "John West Lemon & Cracked Pepper Salmon 95g",
    "COL Price": 2,
    "COL ppu": "$21.05 per 1Kg",
    "COL Size": "95g"
  },
  {
    "Brand_Product_Size": "Coles Honeydew Melon Whole each",
    "COL Price": 4.9,
    "COL ppu": "$4.90 per 1Ea",
    "COL Size": "each"
  },
  {
    "Brand_Product_Size": "Tarago Triple Cream approx. 100g",
    "COL Price": 6.4,
    "COL ppu": "$64.00 per 1Kg",
    "COL Size": "approx. 100g"
  },
  {
    "Brand_Product_Size": "Radox Muscle Relax Bath Salts 900g",
    "COL Price": 8.5,
    "COL ppu": "$0.94 per 100G",
    "COL Size": "900g"
  },
  {
    "Brand_Product_Size": "Weis Dairy Free Dark Chocolate and Coconut Ice Cream Bars 4 pack",
    "COL Price": 7.5,
    "COL ppu": "$1.88 per 1mL",
    "COL Size": "4 pack"
  },
  {
    "Brand_Product_Size": "Gefen Sauerkraut Pickle 907g",
    "COL Price": 8.4,
    "COL ppu": "$0.93 per 100G",
    "COL Size": "907g"
  },
  {
    "Brand_Product_Size": "Coles Thawed Seafood Cooked Large Black Tiger Prawns 3kg",
    "COL Price": 90,
    "COL ppu": "$30.00 per 1kg",
    "COL Size": "3kg"
  },
  {
    "Brand_Product_Size": "St Dalfour Wild Blueberry Spread 284g",
    "COL Price": 3,
    "COL ppu": "$1.06 per 100G",
    "COL Size": "284g"
  },
  {
    "Brand_Product_Size": "Bundaberg Ginger Beer Bottles 375mL 4 pack",
    "COL Price": 6.35,
    "COL ppu": "$4.23 per 1L",
    "COL Size": "4 pack"
  },
  {
    "Brand_Product_Size": "Don KR Dairy Kabana Sticks 300g",
    "COL Price": 4.5,
    "COL ppu": "$15.00 per 1Kg",
    "COL Size": "300g"
  },
  {
    "Brand_Product_Size": "Darrell Lea Chocolate Twists Dark Chocolate Liquorice 200g",
    "COL Price": 4.4,
    "COL ppu": "$2.20 per 100G",
    "COL Size": "200g"
  },
  {
    "Brand_Product_Size": "Maharajah's Choice Garlic Paste 1kg",
    "COL Price": 4.9,
    "COL ppu": "$0.49 per 100G",
    "COL Size": "1kg"
  },
  {
    "Brand_Product_Size": "Coles Tempura Bubble Prawns 160g",
    "COL Price": 5,
    "COL ppu": "$3.13 per 100G",
    "COL Size": "160g"
  },
  {
    "Brand_Product_Size": "Primo Gluten Free Thinly Sliced Chicken Breast 80g",
    "COL Price": 3.25,
    "COL ppu": "$40.63 per 1Kg",
    "COL Size": "80g"
  },
  {
    "Brand_Product_Size": "Coles Deli Salad Large Tubs Potato Egg & Bacon Salad Salad Large",
    "COL Price": 7,
    "COL ppu": "$7.00 per 1Ea",
    "COL Size": "Large"
  },
  {
    "Brand_Product_Size": "Coles Bakery Brioche Slider Bun 8 Pack 190g",
    "COL Price": 2.7,
    "COL ppu": "$1.42 per 100G",
    "COL Size": "190g"
  },
  {
    "Brand_Product_Size": "Outback Spirit Wild Lime Ginger Chilli Sauce 245mL",
    "COL Price": 3,
    "COL ppu": "$1.22 per 100mL",
    "COL Size": "245mL"
  },
  {
    "Brand_Product_Size": "Coles Beef Eye Fillet approx. 430g each",
    "COL Price": 19.995,
    "COL ppu": "$46.50 per 1Kg",
    "COL Size": "approx. 430g each"
  },
  {
    "Brand_Product_Size": "Laucke Pizza & Focaccia Flour Mix 1kg",
    "COL Price": 5.75,
    "COL ppu": "$5.75 per 1Kg",
    "COL Size": "1kg"
  },
  {
    "Brand_Product_Size": "Coles Deli Streaky Bacon approx. 250g each",
    "COL Price": 3.75,
    "COL ppu": "$15.00 per 1kg",
    "COL Size": "approx. 250g each"
  },
  {
    "Brand_Product_Size": "Kellogg's LCMs Dino Puffed Rice Breakfast Cereal Bars 6 pack 132g",
    "COL Price": 4,
    "COL ppu": "$3.03 per 100G",
    "COL Size": "132g"
  },
  {
    "Brand_Product_Size": "Coles Deli Primo Cabanossi each",
    "COL Price": 1.85,
    "COL ppu": "$1.85 per 1Ea",
    "COL Size": "each"
  },
  {
    "Brand_Product_Size": "Coca-Cola Classic Coke Multipack 300mL 12 pack",
    "COL Price": 10,
    "COL ppu": "$2.78 per 1L",
    "COL Size": "12 pack"
  },
  {
    "Brand_Product_Size": "Coles No Added Sugar Dark Chocolate Orange Block 100g",
    "COL Price": 4,
    "COL ppu": "$4.00 per 100G",
    "COL Size": "100g"
  },
  {
    "Brand_Product_Size": "Saxby's Ginger Beer 375mL Bottles 4 pack",
    "COL Price": 2.75,
    "COL ppu": "$1.83 per 1L",
    "COL Size": "4 pack"
  },
  {
    "Brand_Product_Size": "Spring Gully Gluten Free Sweet Spiced Gherkins 550g",
    "COL Price": 4.1,
    "COL ppu": "$7.45 per 1Kg",
    "COL Size": "550g"
  },
  {
    "Brand_Product_Size": "Uncle Tobys Oat Flakes Cereal 640g",
    "COL Price": 5,
    "COL ppu": "$0.78 per 100G",
    "COL Size": "640g"
  },
  {
    "Brand_Product_Size": "Aveeno Baby Daily Wash & Shampoo 532mL",
    "COL Price": 18,
    "COL ppu": "$3.38 per 100mL",
    "COL Size": "532mL"
  },
  {
    "Brand_Product_Size": "Super Nature Frozen Super Protein Slow Cooked Lamb With Chickpea, Amaranth And Sweet Potato Mash Wellness Bowl 350g",
    "COL Price": 6.3,
    "COL ppu": "$1.80 per 100G",
    "COL Size": "350g"
  },
  {
    "Brand_Product_Size": "Bosisto's Waratah Flower Mint & Mandarin Body Wash 500mL",
    "COL Price": 8,
    "COL ppu": "$1.60 per 100mL",
    "COL Size": "500mL"
  },
  {
    "Brand_Product_Size": "Cottee's Orange & Mango Flavour Cordial 1L",
    "COL Price": 4.2,
    "COL ppu": "$4.20 per 1L",
    "COL Size": "1L"
  },
  {
    "Brand_Product_Size": "Birds Eye Frozen South Atlantic Flathead Crisp Light Batter Fillets 5 Pack 250g",
    "COL Price": 9,
    "COL ppu": "$36.00 per 1Kg",
    "COL Size": "250g"
  },
  {
    "Brand_Product_Size": "Old El Paso Regular Tortillas 6 pack 240g",
    "COL Price": 3,
    "COL ppu": "$1.25 per 100G",
    "COL Size": "240g"
  },
  {
    "Brand_Product_Size": "Bonne Maman Caramel Spread 380g",
    "COL Price": 5.2,
    "COL ppu": "$1.37 per 100G",
    "COL Size": "380g"
  },
  {
    "Brand_Product_Size": "South Cape Danish Style Fetta Reduced Fat 200g",
    "COL Price": 5,
    "COL ppu": "$25.00 per 1Kg",
    "COL Size": "200g"
  },
  {
    "Brand_Product_Size": "Lee Kum Kee Coconut Curry Vegetable Stir Fry Sauce Pouch 110g",
    "COL Price": 2.2,
    "COL ppu": "$2.00 per 100G",
    "COL Size": "110g"
  },
  {
    "Brand_Product_Size": "Primo Primo Mini Kabana perkg",
    "COL Price": 25,
    "COL ppu": "$25.00 per 1Kg",
    "COL Size": "perkg"
  },
  {
    "Brand_Product_Size": "Hydralyte Lemon Lime 10 Effervescent Electrolyte Tablets 1 pack",
    "COL Price": 8,
    "COL ppu": "$8.00 per 1Ea",
    "COL Size": "1 pack"
  },
  {
    "Brand_Product_Size": "Golden Circle Pine Mango Fruit Drink 1L",
    "COL Price": 2.25,
    "COL ppu": "$2.25 per 1L",
    "COL Size": "1L"
  },
  {
    "Brand_Product_Size": "Darrell Lea Dark Chocolate Coated Ginger 200g",
    "COL Price": 8,
    "COL ppu": "$4.00 per 100G",
    "COL Size": "200g"
  },
  {
    "Brand_Product_Size": "Garnier Fructis Colour Last Shampoo For Coloured Hair 850mL",
    "COL Price": 7.5,
    "COL ppu": "$0.88 per 100mL",
    "COL Size": "850mL"
  },
  {
    "Brand_Product_Size": "Finish Regular Rinse Aid for Dishwashers 500mL",
    "COL Price": 4.5,
    "COL ppu": "$0.90 per 100mL",
    "COL Size": "500mL"
  },
  {
    "Brand_Product_Size": "Restaurant Collection Tsukune Meatballs With Sriracha Mayo 471g",
    "COL Price": 16.8,
    "COL ppu": "$3.57 per 100G",
    "COL Size": "471g"
  },
  {
    "Brand_Product_Size": "Valley Produce Co. Flatbread Sea Salt & Sesame Artisan Crackers 130g",
    "COL Price": 4.9,
    "COL ppu": "$3.77 per 100G",
    "COL Size": "130g"
  },
  {
    "Brand_Product_Size": "Nivea Men Protective Face Moisturiser Cream for Sensitive Skin + SPF15 75mL",
    "COL Price": 12,
    "COL ppu": "$16.00 per 100mL",
    "COL Size": "75mL"
  },
  {
    "Brand_Product_Size": "Tena Lady Pads Extra Plus With Insta Dry 8 pack",
    "COL Price": 4.2,
    "COL ppu": "$0.53 per 1Ea",
    "COL Size": "8 pack"
  },
  {
    "Brand_Product_Size": "Vicks VapoDrops Original Menthol 10 Lozenges 3.5g",
    "COL Price": 1.5,
    "COL ppu": "$0.43 per 1G",
    "COL Size": "3.5g"
  },
  {
    "Brand_Product_Size": "Health Lab Kids Bliss Bites Caramel 150g",
    "COL Price": 6.5,
    "COL ppu": "$4.33 per 100G",
    "COL Size": "150g"
  },
  {
    "Brand_Product_Size": "Cracker Barrel Extra Sharp Vintage Cheddar Cheese Block 250g",
    "COL Price": 6.6,
    "COL ppu": "$26.40 per 1Kg",
    "COL Size": "250g"
  },
  {
    "Brand_Product_Size": "Wrigley's Extra Spearmint Sugar Free Chewing Gum 14 Piece 27g",
    "COL Price": 2,
    "COL ppu": "$7.41 per 100G",
    "COL Size": "27g"
  },
  {
    "Brand_Product_Size": "Decor Match Ups Basics Container Oblong Blue 3 Litre each",
    "COL Price": 8.5,
    "COL ppu": "$8.50 per 1ea",
    "COL Size": "each"
  },
  {
    "Brand_Product_Size": "Pukka Tea Peppermint & Licorice 20 pack",
    "COL Price": 7.5,
    "COL ppu": "$0.38 per 1Ea",
    "COL Size": "20 pack"
  },
  {
    "Brand_Product_Size": "Tamar Valley Greek Yoghurt 1kg",
    "COL Price": 6.4,
    "COL ppu": "$0.64 per 100G",
    "COL Size": "1kg"
  },
  {
    "Brand_Product_Size": "Coles Coconut Pumpkin & Ginger Curry With Rice 350g",
    "COL Price": 3,
    "COL ppu": "$0.86 per 100G",
    "COL Size": "350g"
  },
  {
    "Brand_Product_Size": "Coles Happy Birthday Acrylic Plaque Gold & Silver each",
    "COL Price": 5,
    "COL ppu": "$5.00 per 1Ea",
    "COL Size": "each"
  },
  {
    "Brand_Product_Size": "Glade Sense & Spray Refill Bali Sandalwood & Jasmine 12g",
    "COL Price": 5.9,
    "COL ppu": "$49.17 per 100G",
    "COL Size": "12g"
  },
  {
    "Brand_Product_Size": "My Dog Roast Chicken Flavour Including Garden Vegetables Cheddar Cheese And Bacon Flavours Dry Dog Food 1.5kg",
    "COL Price": 11,
    "COL ppu": "$0.73 per 100G",
    "COL Size": "1.5kg"
  },
  {
    "Brand_Product_Size": "Maybelline Colossal Big Shot Mascara Blackest Black 9.7mL",
    "COL Price": 14,
    "COL ppu": "$14.43 per 10mL",
    "COL Size": "9.7mL"
  },
  {
    "Brand_Product_Size": "Coles Ultra Laundry Powder Concentrate Top & Front Loader 2kg",
    "COL Price": 6.5,
    "COL ppu": "$3.25 per 1Kg",
    "COL Size": "2kg"
  },
  {
    "Brand_Product_Size": "Skittles Tropical 190g",
    "COL Price": 3,
    "COL ppu": "$1.58 per 100G",
    "COL Size": "190g"
  },
  {
    "Brand_Product_Size": "Barker's Apricot Jam 455g",
    "COL Price": 5,
    "COL ppu": "$1.10 per 100G",
    "COL Size": "455g"
  },
  {
    "Brand_Product_Size": "Coles Organic Celery 1 bunch",
    "COL Price": 8,
    "COL ppu": "$8.00 per 1Ea",
    "COL Size": "1 bunch"
  },
  {
    "Brand_Product_Size": "Vibe Mini Magnetic Pepperball Set each",
    "COL Price": 20,
    "COL ppu": "$20.00 per 1Ea",
    "COL Size": "each"
  },
  {
    "Brand_Product_Size": "L'Oreal Age Perfect Night Cream 50mL",
    "COL Price": 32.99,
    "COL ppu": "$65.98 per 100mL",
    "COL Size": "50mL"
  },
  {
    "Brand_Product_Size": "Coles Hawaiian Pizza 500g",
    "COL Price": 3.5,
    "COL ppu": "$0.70 per 100G",
    "COL Size": "500g"
  },
  {
    "Brand_Product_Size": "Clairol Nice 'N Easy 116 Natural Light Brown Hair Colour 1 pack",
    "COL Price": 9,
    "COL ppu": "$9.00 per 1Ea",
    "COL Size": "1 pack"
  },
  {
    "Brand_Product_Size": "Coles Finest British Yorkshire Wensleydale & Cranberries approx. 100g",
    "COL Price": 4,
    "COL ppu": "$40.00 per 1Kg",
    "COL Size": "approx. 100g"
  },
  {
    "Brand_Product_Size": "Body Crystal Botanica Roll On Deodorant 80mL",
    "COL Price": 5.5,
    "COL ppu": "$6.88 per 100mL",
    "COL Size": "80mL"
  },
  {
    "Brand_Product_Size": "Scentory Room Spray Aromatic Citrus Air Freshener 250mL",
    "COL Price": 7.5,
    "COL ppu": "$3.00 per 100mL",
    "COL Size": "250mL"
  },
  {
    "Brand_Product_Size": "Nice & Natural Coconut & Dark Chocolate Protein Nut Bars 5 pack 165g",
    "COL Price": 5,
    "COL ppu": "$3.03 per 100G",
    "COL Size": "165g"
  },
  {
    "Brand_Product_Size": "Dreambaby Insta-Cling Car Shades 2 pack",
    "COL Price": 8.8,
    "COL ppu": "$4.40 per 1Ea",
    "COL Size": "2 pack"
  },
  {
    "Brand_Product_Size": "Energizer Aluminium Steel Lightning Cable Assorted 1 pack",
    "COL Price": 30,
    "COL ppu": "$30.00 per 1Ea",
    "COL Size": "1 pack"
  },
  {
    "Brand_Product_Size": "Coles Laundry Liquid Concentrate Front & Top Loader 2L",
    "COL Price": 6.5,
    "COL ppu": "$3.25 per 1L",
    "COL Size": "2L"
  },
  {
    "Brand_Product_Size": "Kellogg's Rice Bubbles Puffed Rice Breakfast Cereal 250g",
    "COL Price": 4.15,
    "COL ppu": "$1.66 per 100G",
    "COL Size": "250g"
  },
  {
    "Brand_Product_Size": "Schweppes Infused Orange Mango 1.1L",
    "COL Price": 2.15,
    "COL ppu": "$1.95 per 1L",
    "COL Size": "1.1L"
  },
  {
    "Brand_Product_Size": "Command Large Black 4 pack",
    "COL Price": 7.5,
    "COL ppu": "",
    "COL Size": "4 pack"
  },
  {
    "Brand_Product_Size": "Coles Deli Bulk Pasta Classic Salad each",
    "COL Price": 12,
    "COL ppu": "$12.00 per 1Ea",
    "COL Size": "each"
  },
  {
    "Brand_Product_Size": "Decor Vent & Seal Leak Proof Glass Container 1.5L each",
    "COL Price": 15,
    "COL ppu": "$15.00 per 1Ea",
    "COL Size": "each"
  },
  {
    "Brand_Product_Size": "McCain Family Margherita Frozen Pizza 500g",
    "COL Price": 5.5,
    "COL ppu": "$1.10 per 100G",
    "COL Size": "500g"
  },
  {
    "Brand_Product_Size": "Coles White Chocolate & Raspberry Loaf Cake 460g",
    "COL Price": 6,
    "COL ppu": "$1.30 per 100G",
    "COL Size": "460g"
  },
  {
    "Brand_Product_Size": "Wellness Road Organic Hulled Tahini 375g",
    "COL Price": 5,
    "COL ppu": "$1.33 per 100G",
    "COL Size": "375g"
  },
  {
    "Brand_Product_Size": "Coles Deli Marinated Fetta Cheese approx. 100g",
    "COL Price": 2,
    "COL ppu": "$20.00 per 1Kg",
    "COL Size": "approx. 100g"
  },
  {
    "Brand_Product_Size": "Mr Chen's BBQ Pork Dumplings 300g",
    "COL Price": 3.75,
    "COL ppu": "$1.25 per 100G",
    "COL Size": "300g"
  },
  {
    "Brand_Product_Size": "Coles CousCous 500g",
    "COL Price": 1.75,
    "COL ppu": "$0.35 per 100G",
    "COL Size": "500g"
  },
  {
    "Brand_Product_Size": "Coles Finest Traditional Lavosh With Lemon Myrtle And Cracked Pepper 100g",
    "COL Price": 4,
    "COL ppu": "$4.00 per 100G",
    "COL Size": "100g"
  },
  {
    "Brand_Product_Size": "Kez's Kitchen Gluten Free Peanut Butter Brownies 210g",
    "COL Price": 7,
    "COL ppu": "$3.33 per 100G",
    "COL Size": "210g"
  },
  {
    "Brand_Product_Size": "Health Basics Freaky Friends Body Wash 1L",
    "COL Price": 10,
    "COL ppu": "$10.00 per 1L",
    "COL Size": "1L"
  },
  {
    "Brand_Product_Size": "Coles Kitchen Macaroni Cheese 350g",
    "COL Price": 7.5,
    "COL ppu": "$2.14 per 100G",
    "COL Size": "350g"
  },
  {
    "Brand_Product_Size": "Sara Lee Frozen Chocolate Fudge Brownie 350g",
    "COL Price": 5,
    "COL ppu": "$1.43 per 100G",
    "COL Size": "350g"
  },
  {
    "Brand_Product_Size": "I&J The Finest Frozen Basa Fillets 1kg",
    "COL Price": 7,
    "COL ppu": "$7.00 per 1Kg",
    "COL Size": "1kg"
  },
  {
    "Brand_Product_Size": "Shower Power Bathroom Cleaner Gel 750mL",
    "COL Price": 6.8,
    "COL ppu": "$0.91 per 100mL",
    "COL Size": "750mL"
  },
  {
    "Brand_Product_Size": "Coles Italian Whole Peeled Tomatoes 800g",
    "COL Price": 1.5,
    "COL ppu": "$1.88 per 1Kg",
    "COL Size": "800g"
  },
  {
    "Brand_Product_Size": "Table Of Plenty Mini Rice Snack Dark Chocolate Cakes 84g",
    "COL Price": 5.5,
    "COL ppu": "$6.55 per 100G",
    "COL Size": "84g"
  },
  {
    "Brand_Product_Size": "Queen Glucose Syrup 500g",
    "COL Price": 4.5,
    "COL ppu": "$0.90 per 100G",
    "COL Size": "500g"
  },
  {
    "Brand_Product_Size": "Bisto Chicken Flavour Gravy Granules 170g",
    "COL Price": 4.75,
    "COL ppu": "$2.79 per 100G",
    "COL Size": "170g"
  },
  {
    "Brand_Product_Size": "The Good Harvest Plain Flour 1kg",
    "COL Price": 2.5,
    "COL ppu": "$2.50 per 1Kg",
    "COL Size": "1kg"
  },
  {
    "Brand_Product_Size": "Vittoria Organic Coffee Beans 500g",
    "COL Price": 19,
    "COL ppu": "$3.80 per 100G",
    "COL Size": "500g"
  },
  {
    "Brand_Product_Size": "Coles Spinach Bunch each",
    "COL Price": 4,
    "COL ppu": "$4.00 per 1Ea",
    "COL Size": "each"
  },
  {
    "Brand_Product_Size": "Gippsland Dairy Blueberry Twist Yoghurt 160g",
    "COL Price": 2.5,
    "COL ppu": "$1.56 per 100G",
    "COL Size": "160g"
  },
  {
    "Brand_Product_Size": "Sole Mare Portuguese Style Sardines In Extra Virgin Olive Oil 120g",
    "COL Price": 2.8,
    "COL ppu": "$23.33 per 1Kg",
    "COL Size": "120g"
  },
  {
    "Brand_Product_Size": "Bird's Custard Powder 300g",
    "COL Price": 5.4,
    "COL ppu": "$1.80 per 100G",
    "COL Size": "300g"
  },
  {
    "Brand_Product_Size": "Nestle Milo Chocolate Malt Powder Drink 200g",
    "COL Price": 2,
    "COL ppu": "$1.00 per 100G",
    "COL Size": "200g"
  },
  {
    "Brand_Product_Size": "Annabel Karmel Meals Vegetable And Pasta Bake 200g",
    "COL Price": 4,
    "COL ppu": "$2.00 per 100G",
    "COL Size": "200g"
  },
  {
    "Brand_Product_Size": "Lindt Lindor Dark Assorted Cornet 327g",
    "COL Price": 20,
    "COL ppu": "$6.12 per 100G",
    "COL Size": "327g"
  },
  {
    "Brand_Product_Size": "Coles Casserole With Lamb Pasta & Vegetable Canned Dog Food Adult 1-7 Years 700g",
    "COL Price": 1.3,
    "COL ppu": "$0.19 per 100G",
    "COL Size": "700g"
  },
  {
    "Brand_Product_Size": "Caffe Aurora Italian Blend Coffee Beans 1kg",
    "COL Price": 15,
    "COL ppu": "$1.50 per 100G",
    "COL Size": "1kg"
  },
  {
    "Brand_Product_Size": "Latina Fresh Beef Ravioli 625g",
    "COL Price": 8,
    "COL ppu": "$1.28 per 100G",
    "COL Size": "625g"
  },
  {
    "Brand_Product_Size": "Bulla Dollop Thick Cream 200mL",
    "COL Price": 2.6,
    "COL ppu": "$1.30 per 100mL",
    "COL Size": "200mL"
  },
  {
    "Brand_Product_Size": "Olympian Almond Crescents Kourambies Greek Biscuits 250g",
    "COL Price": 6.3,
    "COL ppu": "$2.52 per 100G",
    "COL Size": "250g"
  },
  {
    "Brand_Product_Size": "L'Oreal Preference ST Honore 3.12 1 pack",
    "COL Price": 9.5,
    "COL ppu": "$9.50 per 1Ea",
    "COL Size": "1 pack"
  },
  {
    "Brand_Product_Size": "Nestle Milo Duo Cereal 660g",
    "COL Price": 7.5,
    "COL ppu": "$1.14 per 100G",
    "COL Size": "660g"
  },
  {
    "Brand_Product_Size": "Coles Thawed Seafood Cooked Large Black Tiger Prawns 3kg",
    "COL Price": 90,
    "COL ppu": "$30.00 per 1kg",
    "COL Size": "3kg"
  },
  {
    "Brand_Product_Size": "Nivea Gentle 3 in 1 Face Cleansing Wipes + Almond Oil for Dry Sensitive Skin 25 wipes 2 pack",
    "COL Price": 10,
    "COL ppu": "$5.00 per 1Ea",
    "COL Size": "2 pack"
  },
  {
    "Brand_Product_Size": "Deeko White Serviettes 200 pack",
    "COL Price": 3.6,
    "COL ppu": "$1.80 per 100Ea",
    "COL Size": "200 pack"
  },
  {
    "Brand_Product_Size": "OMO Active Clean Front & Top Loader Laundry Detergent Washing Powder 2kg",
    "COL Price": 22,
    "COL ppu": "$11.00 per 1Kg",
    "COL Size": "2kg"
  },
  {
    "Brand_Product_Size": "Strepsils Double Antibacterial Sore Menthol & Mint Lozenges 36 pack",
    "COL Price": 10.49,
    "COL ppu": "$0.29 per 1Ea",
    "COL Size": "36 pack"
  },
  {
    "Brand_Product_Size": "Pantene Pro-V Micellar Gentle Nourishing Conditioner 300mL",
    "COL Price": 13,
    "COL ppu": "$4.33 per 100mL",
    "COL Size": "300mL"
  },
  {
    "Brand_Product_Size": "Coles Blueberry Yoghurt Pouch 70g",
    "COL Price": 0.75,
    "COL ppu": "$1.07 per 100G",
    "COL Size": "70g"
  },
  {
    "Brand_Product_Size": "Dairy Farmers Thick & Creamy Mango Passionfruit Yoghurt 150g",
    "COL Price": 2.2,
    "COL ppu": "$1.47 per 100G",
    "COL Size": "150g"
  },
  {
    "Brand_Product_Size": "Sukin Purely Ageless Firming Serum 30mL",
    "COL Price": 28,
    "COL ppu": "$93.34 per 100mL",
    "COL Size": "30mL"
  },
  {
    "Brand_Product_Size": "Tresemme Violet Blonde Shine Shampoo 350mL",
    "COL Price": 6.3,
    "COL ppu": "$1.80 per 100mL",
    "COL Size": "350mL"
  },
  {
    "Brand_Product_Size": "Coles Indoor & Outdoor Insect Control Unit each",
    "COL Price": 15,
    "COL ppu": "$15.00 per 1Ea",
    "COL Size": "each"
  },
  {
    "Brand_Product_Size": "Coles Drumhead Cabbage Mini each",
    "COL Price": 5.9,
    "COL ppu": "$5.90 per 1Ea",
    "COL Size": "each"
  },
  {
    "Brand_Product_Size": "Gaganis Borlotti Beans 1kg",
    "COL Price": 5.5,
    "COL ppu": "$5.50 per 1Kg",
    "COL Size": "1kg"
  },
  {
    "Brand_Product_Size": "Chapstick Strawberry Lip Balm SPF 15+ 4.2g",
    "COL Price": 4.4,
    "COL ppu": "$104.76 per 100G",
    "COL Size": "4.2g"
  },
  {
    "Brand_Product_Size": "Abbott's Village Bakery Mixed Seeds & Grains Sandwich Thins 6 pack 240g",
    "COL Price": 3,
    "COL ppu": "$1.25 per 100G",
    "COL Size": "240g"
  },
  {
    "Brand_Product_Size": "Naturally Good Gluten Free Chocolate Mud Cake Mix 450g",
    "COL Price": 6,
    "COL ppu": "$1.33 per 100G",
    "COL Size": "450g"
  },
  {
    "Brand_Product_Size": "The Laughing Cow Light Less Fat Cheese Spread 128g",
    "COL Price": 2.5,
    "COL ppu": "$1.95 per 100G",
    "COL Size": "128g"
  },
  {
    "Brand_Product_Size": "Cottee's Lemon No Added Sugar Cordial 1L",
    "COL Price": 4.2,
    "COL ppu": "$4.20 per 1L",
    "COL Size": "1L"
  },
  {
    "Brand_Product_Size": "Coles Finest Dutch 1000 Day Aged Gouda approx. 100g",
    "COL Price": 6,
    "COL ppu": "$60.00 per 1Kg",
    "COL Size": "approx. 100g"
  },
  {
    "Brand_Product_Size": "Mortein Power Gard Crawling Insect Surface Spray 350g",
    "COL Price": 15,
    "COL ppu": "$4.29 per 100G",
    "COL Size": "350g"
  },
  {
    "Brand_Product_Size": "Olinas Mediterranean Crackers Sundried Tomato & Basil 90g",
    "COL Price": 4,
    "COL ppu": "$4.44 per 100G",
    "COL Size": "90g"
  },
  {
    "Brand_Product_Size": "Fab Malaysian Orchid & Sensually Essential Oils 1.8kg",
    "COL Price": 7,
    "COL ppu": "$3.89 per 1Kg",
    "COL Size": "1.8kg"
  },
  {
    "Brand_Product_Size": "Pine O Cleen Simply Wipes Grapefruit 90 pack",
    "COL Price": 7,
    "COL ppu": "$0.08 per 1Ea",
    "COL Size": "90 pack"
  },
  {
    "Brand_Product_Size": "Be Natural 5 Whole Grain Flakes Breakfast Cereal 325g",
    "COL Price": 2.92,
    "COL ppu": "$0.90 per 100G",
    "COL Size": "325g"
  },
  {
    "Brand_Product_Size": "Steggles Frozen Chicken Breast Tempura Crackles 400g",
    "COL Price": 8.5,
    "COL ppu": "$21.25 per 1Kg",
    "COL Size": "400g"
  },
  {
    "Brand_Product_Size": "Pana Organic Mint Chocolate 45g",
    "COL Price": 6,
    "COL ppu": "$13.33 per 100G",
    "COL Size": "45g"
  },
  {
    "Brand_Product_Size": "Colour Shock Brush With Gel Round Handle each",
    "COL Price": 12,
    "COL ppu": "$12.00 per 1Ea",
    "COL Size": "each"
  },
  {
    "Brand_Product_Size": "Coles Skirt & Trousers Metal Hangers 3 pack",
    "COL Price": 3.75,
    "COL ppu": "$1.25 per 1Ea",
    "COL Size": "3 pack"
  },
  {
    "Brand_Product_Size": "Cadbury Dairy Milk Roast Almond Chocolate Block 180g",
    "COL Price": 5,
    "COL ppu": "$2.78 per 100G",
    "COL Size": "180g"
  },
  {
    "Brand_Product_Size": "Sistema To Go Lunch Stack 1.8L each",
    "COL Price": 10,
    "COL ppu": "$10.00 per 1Ea",
    "COL Size": "each"
  },
  {
    "Brand_Product_Size": "Nicorette Classic Gum 2mg 150 pack",
    "COL Price": 48,
    "COL ppu": "$0.32 per 1Ea",
    "COL Size": "150 pack"
  },
  {
    "Brand_Product_Size": "Colgate Plax Kids Mouthwash 250mL",
    "COL Price": 4,
    "COL ppu": "$1.60 per 100mL",
    "COL Size": "250mL"
  },
  {
    "Brand_Product_Size": "Coles Instant Roast Meat Gravy Mix 120g",
    "COL Price": 1.65,
    "COL ppu": "$0.14 per 10G",
    "COL Size": "120g"
  },
  {
    "Brand_Product_Size": "Coles Finest Thai Green Chicken Curry 400g",
    "COL Price": 8.5,
    "COL ppu": "$2.13 per 100G",
    "COL Size": "400g"
  },
  {
    "Brand_Product_Size": "L'Oreal Paris Excellence 5.15 Natural Frosted Brown Hair Colour 1 pack",
    "COL Price": 20,
    "COL ppu": "$20.00 per 1Ea",
    "COL Size": "1 pack"
  },
  {
    "Brand_Product_Size": "Bickfords Diet Lemon Lime Bitter Cordial 750mL",
    "COL Price": 3.2,
    "COL ppu": "$0.43 per 100mL",
    "COL Size": "750mL"
  },
  {
    "Brand_Product_Size": "Coles Frozen Straight Cut Potato Chips 1kg",
    "COL Price": 1.9,
    "COL ppu": "$1.90 per 1Kg",
    "COL Size": "1kg"
  },
  {
    "Brand_Product_Size": "Durex Strawberry Lubricant 100mL",
    "COL Price": 7.99,
    "COL ppu": "$7.99 per 100mL",
    "COL Size": "100mL"
  },
  {
    "Brand_Product_Size": "Twinings English Breakfast Tea Bags 50 pack 100g",
    "COL Price": 7,
    "COL ppu": "$7.00 per 100G",
    "COL Size": "100g"
  },
  {
    "Brand_Product_Size": "Dine Slices With Chicken Wet Cat Food 85g Tray 7 pack",
    "COL Price": 7.5,
    "COL ppu": "$1.26 per 100G",
    "COL Size": "7 pack"
  },
  {
    "Brand_Product_Size": "Continental Cup A Soup Thai Red Curry Serves 2 60g",
    "COL Price": 2.1,
    "COL ppu": "$3.50 per 100G",
    "COL Size": "60g"
  },
  {
    "Brand_Product_Size": "Nestle Kit Kat Mint Chocolate Chip 170g",
    "COL Price": 3,
    "COL ppu": "$1.76 per 100G",
    "COL Size": "170g"
  },
  {
    "Brand_Product_Size": "Simple Facial Cleansing 50 Wipes 2 pack",
    "COL Price": 11,
    "COL ppu": "$5.50 per 1Ea",
    "COL Size": "2 pack"
  },
  {
    "Brand_Product_Size": "Uncle Tobys Vita Brits Cereal 1kg",
    "COL Price": 5,
    "COL ppu": "$0.50 per 100G",
    "COL Size": "1kg"
  },
  {
    "Brand_Product_Size": "Coles Made Easy Chicken Puff Pastry Parcels With Parmesan & Garlic 350g",
    "COL Price": 8,
    "COL ppu": "$2.29 per 100G",
    "COL Size": "350g"
  },
  {
    "Brand_Product_Size": "Coles Ultimate Vanilla Cookie Dough Chocolate Ripple Ice Cream 473mL",
    "COL Price": 6,
    "COL ppu": "$1.27 per 100mL",
    "COL Size": "473mL"
  },
  {
    "Brand_Product_Size": "Taste Traders Banhmi Cracker 150g",
    "COL Price": 2,
    "COL ppu": "$1.33 per 100G",
    "COL Size": "150g"
  },
  {
    "Brand_Product_Size": "Sharwood's Japanese Katsu Curry Pouch 250g",
    "COL Price": 3.5,
    "COL ppu": "$1.40 per 100G",
    "COL Size": "250g"
  },
  {
    "Brand_Product_Size": "Rascal & Friends Nappies Bulk Newborn 54 pack",
    "COL Price": 14,
    "COL ppu": "$0.26 per 1Ea",
    "COL Size": "54 pack"
  },
  {
    "Brand_Product_Size": "Deep Spring Lemon Lime Citrus Sparkling Natural Mineral Water 1.25L",
    "COL Price": 1.15,
    "COL ppu": "$0.92 per 1L",
    "COL Size": "1.25L"
  },
  {
    "Brand_Product_Size": "Moccona Rich & Dark Speciality Blend Coffee 200g",
    "COL Price": 16,
    "COL ppu": "$8.00 per 100G",
    "COL Size": "200g"
  },
  {
    "Brand_Product_Size": "Oral-B Pro White Electric Toothbrush Head 2 pack",
    "COL Price": 16.75,
    "COL ppu": "$8.38 per 1Ea",
    "COL Size": "2 pack"
  },
  {
    "Brand_Product_Size": "Marion's Kitchen Thai Green Curry Cooking Kit 475g",
    "COL Price": 7.45,
    "COL ppu": "$1.78 per 100G",
    "COL Size": "475g"
  },
  {
    "Brand_Product_Size": "Herbert Adams Frozen Chicken & Leek Pie 2 pack 420g",
    "COL Price": 7.8,
    "COL ppu": "$1.86 per 100G",
    "COL Size": "420g"
  },
  {
    "Brand_Product_Size": "Olay Regenerist Cream Cleanser 100g",
    "COL Price": 17.4,
    "COL ppu": "$17.40 per 100G",
    "COL Size": "100g"
  },
  {
    "Brand_Product_Size": "Hoyts Lemon Pepper 50g",
    "COL Price": 2.15,
    "COL ppu": "$0.43 per 10G",
    "COL Size": "50g"
  },
  {
    "Brand_Product_Size": "Lego Minibuild Assorted each",
    "COL Price": 7.5,
    "COL ppu": "$7.50 per 1Ea",
    "COL Size": "each"
  },
  {
    "Brand_Product_Size": "Coles Kitchen Loaded Supreme Pizza 470g",
    "COL Price": 5,
    "COL ppu": "$1.06 per 100G",
    "COL Size": "470g"
  },
  {
    "Brand_Product_Size": "Mainland On The Go Tasty Cheese & Artisan Crackers With Cranberry & Sunflower Seed 38g",
    "COL Price": 2.5,
    "COL ppu": "",
    "COL Size": "38g"
  },
  {
    "Brand_Product_Size": "Nestle Kit Kat Gooey Caramel 45g",
    "COL Price": 2,
    "COL ppu": "$4.44 per 100G",
    "COL Size": "45g"
  },
  {
    "Brand_Product_Size": "Cadbury Cherry Ripe Ice Cream 4 Pack 360mL",
    "COL Price": 8.5,
    "COL ppu": "$2.36 per 100mL",
    "COL Size": "360mL"
  },
  {
    "Brand_Product_Size": "Gippsland Dairy Toffee & Honeycomb Twist Yoghurt 160g",
    "COL Price": 2.5,
    "COL ppu": "$1.56 per 100G",
    "COL Size": "160g"
  },
  {
    "Brand_Product_Size": "MasterFoods Lemon Pepper Seasoning 52g",
    "COL Price": 3.2,
    "COL ppu": "$0.62 per 10G",
    "COL Size": "52g"
  },
  {
    "Brand_Product_Size": "Arnott's Tina Wafers 250g",
    "COL Price": 3.05,
    "COL ppu": "$1.22 per 100G",
    "COL Size": "250g"
  },
  {
    "Brand_Product_Size": "Gourmet Garden Lightly Dried Basil 10g",
    "COL Price": 3.5,
    "COL ppu": "$3.50 per 10G",
    "COL Size": "10g"
  },
  {
    "Brand_Product_Size": "Coles Finest Traditional Lavosh With Lemon Myrtle And Cracked Pepper 100g",
    "COL Price": 4,
    "COL ppu": "$4.00 per 100G",
    "COL Size": "100g"
  },
  {
    "Brand_Product_Size": "Nature's Way Fish Oil 1500mg Capsules 400 pack",
    "COL Price": 35,
    "COL ppu": "$0.09 per 1Ea",
    "COL Size": "400 pack"
  },
  {
    "Brand_Product_Size": "Old El Paso Spice Mix Nachos 35g",
    "COL Price": 2,
    "COL ppu": "$5.71 per 100G",
    "COL Size": "35g"
  },
  {
    "Brand_Product_Size": "Coles Graze Grass Fed Beef Mince 500g",
    "COL Price": 9,
    "COL ppu": "$1.80 per 100G",
    "COL Size": "500g"
  },
  {
    "Brand_Product_Size": "Coles Dish Brush 1 pack",
    "COL Price": 1.35,
    "COL ppu": "$1.35 per 1Ea",
    "COL Size": "1 pack"
  },
  {
    "Brand_Product_Size": "Coles Beef Steaks Herb Crumb 340g",
    "COL Price": 8.3,
    "COL ppu": "$24.41 per 1Kg",
    "COL Size": "340g"
  },
  {
    "Brand_Product_Size": "Saxby's Diet Ginger Beer 375mL Bottles 4 pack",
    "COL Price": 2.75,
    "COL ppu": "$1.83 per 1L",
    "COL Size": "4 pack"
  },
  {
    "Brand_Product_Size": "Maggi Japanese Teriyaki Chicken Fusian Noodle Cup 62g",
    "COL Price": 1.8,
    "COL ppu": "$2.90 per 100G",
    "COL Size": "62g"
  },
  {
    "Brand_Product_Size": "Systane Ultra Lubricant Eye Drops 10mL",
    "COL Price": 9.9,
    "COL ppu": "$99.00 per 100mL",
    "COL Size": "10mL"
  },
  {
    "Brand_Product_Size": "Clairol Dark Blonde Root Touch Up Spray 100mL",
    "COL Price": 10.5,
    "COL ppu": "$10.50 per 100mL",
    "COL Size": "100mL"
  },
  {
    "Brand_Product_Size": "Ritz Pepper Crackers 300g",
    "COL Price": 3,
    "COL ppu": "$1.00 per 100G",
    "COL Size": "300g"
  },
  {
    "Brand_Product_Size": "Oates Tilt-A-Matic Squeeze Mop Refill 2 pack",
    "COL Price": 9,
    "COL ppu": "$4.50 per 1Ea",
    "COL Size": "2 pack"
  },
  {
    "Brand_Product_Size": "Alpine Spelt & Sprouted Grains 640g",
    "COL Price": 5.65,
    "COL ppu": "$0.88 per 100G",
    "COL Size": "640g"
  },
  {
    "Brand_Product_Size": "Coles Deli Thawed Cooked King Prawns approx. 250g",
    "COL Price": 7.5,
    "COL ppu": "$30.00 per 1Kg",
    "COL Size": "approx. 250g"
  },
  {
    "Brand_Product_Size": "Dove Women's Antiperspirant Aerosol Deodorant Invisible dry 250mL",
    "COL Price": 7,
    "COL ppu": "$2.80 per 100mL",
    "COL Size": "250mL"
  },
  {
    "Brand_Product_Size": "Cook & Dine Stainless Steel Cake Server each",
    "COL Price": 5.5,
    "COL ppu": "$5.50 per 1Ea",
    "COL Size": "each"
  },
  {
    "Brand_Product_Size": "Colgate Optic White Express White Whitening Toothpaste 85g",
    "COL Price": 8,
    "COL ppu": "$9.41 per 100G",
    "COL Size": "85g"
  },
  {
    "Brand_Product_Size": "Sorbent 2 Ply Thick & Large White Facial Tissues 95 pack",
    "COL Price": 1.85,
    "COL ppu": "$0.02 per 1Ea",
    "COL Size": "95 pack"
  },
  {
    "Brand_Product_Size": "Quorn Sausages 336g",
    "COL Price": 7,
    "COL ppu": "$2.08 per 100G",
    "COL Size": "336g"
  },
  {
    "Brand_Product_Size": "Mr Chen's Hoisin Rice Paper Roll Kit 143g",
    "COL Price": 5.5,
    "COL ppu": "$3.85 per 100G",
    "COL Size": "143g"
  },
  {
    "Brand_Product_Size": "Birds Eye Frozen Steamfresh Fried Rice Vegetables 2Pack 400g",
    "COL Price": 4.2,
    "COL ppu": "$1.05 per 100G",
    "COL Size": "400g"
  },
  {
    "Brand_Product_Size": "Coles Crunchy Combo Sprouts Prepacked 200g",
    "COL Price": 2.2,
    "COL ppu": "$11.00 per 1Kg",
    "COL Size": "200g"
  },
  {
    "Brand_Product_Size": "John West Wild Scottish Sardines In Springwater 110g",
    "COL Price": 2.2,
    "COL ppu": "$20.00 per 1Kg",
    "COL Size": "110g"
  },
  {
    "Brand_Product_Size": "Weis Dairy Free Mango Sorbet Tub 1L",
    "COL Price": 7,
    "COL ppu": "$0.70 per 100mL",
    "COL Size": "1L"
  },
  {
    "Brand_Product_Size": "Coles Whole Egg Mayonnaise With Free Range Egg 445g",
    "COL Price": 2.6,
    "COL ppu": "$0.58 per 100G",
    "COL Size": "445g"
  },
  {
    "Brand_Product_Size": "Disney Cars Character each",
    "COL Price": 11,
    "COL ppu": "$11.00 per 1Ea",
    "COL Size": "each"
  },
  {
    "Brand_Product_Size": "Schweppes Tonic Water Mixers Multipack Bottles 300mL 4 pack",
    "COL Price": 5.9,
    "COL ppu": "$4.92 per 1L",
    "COL Size": "4 pack"
  },
  {
    "Brand_Product_Size": "Coles No Added Hormone Beef Oyster Blade Steak approx. 550g",
    "COL Price": 11,
    "COL ppu": "$20.00 per 1Kg",
    "COL Size": "approx. 550g"
  },
  {
    "Brand_Product_Size": "Oreo Strawberry Crme Cookies 133g",
    "COL Price": 1.5,
    "COL ppu": "$1.13 per 100G",
    "COL Size": "133g"
  },
  {
    "Brand_Product_Size": "Coca-Cola Diet Coke 2L",
    "COL Price": 2.85,
    "COL ppu": "$1.43 per 1L",
    "COL Size": "2L"
  },
  {
    "Brand_Product_Size": "Musashi High Protein Potein Shake Creamy Vanilla 375mL",
    "COL Price": 4.05,
    "COL ppu": "$1.08 per 100mL",
    "COL Size": "375mL"
  },
  {
    "Brand_Product_Size": "Kantong Cooking Chicken & Cashew Sauce 175g",
    "COL Price": 2.9,
    "COL ppu": "$1.66 per 100G",
    "COL Size": "175g"
  },
  {
    "Brand_Product_Size": "Cook & Dine Salt & Pepper Set each",
    "COL Price": 3,
    "COL ppu": "$3.00 per 1Ea",
    "COL Size": "each"
  },
  {
    "Brand_Product_Size": "Coles Durum Wheat Pasta Macaroni 500g",
    "COL Price": 1,
    "COL ppu": "$0.20 per 100G",
    "COL Size": "500g"
  },
  {
    "Brand_Product_Size": "Carman's Almond Hazelnut & Vanilla Roasted Nut 10 Bars 350g",
    "COL Price": 9,
    "COL ppu": "$2.57 per 100G",
    "COL Size": "350g"
  },
  {
    "Brand_Product_Size": "Uncle Tobys Chewy Apricot Wholegrain Oats Bars 6 Pack 185g",
    "COL Price": 2.15,
    "COL ppu": "$1.16 per 100G",
    "COL Size": "185g"
  },
  {
    "Brand_Product_Size": "Cleaver's Beef Mince Free Range Extra Lean Organic 500g",
    "COL Price": 14,
    "COL ppu": "$28.00 per 1Kg",
    "COL Size": "500g"
  },
  {
    "Brand_Product_Size": "Daawat Select Basmati Rice 5kg",
    "COL Price": 23.4,
    "COL ppu": "$0.47 per 100G",
    "COL Size": "5kg"
  },
  {
    "Brand_Product_Size": "Coles Blueberry Loaf Slices 5 pack 500g",
    "COL Price": 4.5,
    "COL ppu": "$0.90 per 100G",
    "COL Size": "500g"
  },
  {
    "Brand_Product_Size": "Golden Circle Pine Orange Juice 2L",
    "COL Price": 3,
    "COL ppu": "$1.50 per 1L",
    "COL Size": "2L"
  },
  {
    "Brand_Product_Size": "Hanabi Gutted Barramundi 500g",
    "COL Price": 10,
    "COL ppu": "$2.00 per 100G",
    "COL Size": "500g"
  },
  {
    "Brand_Product_Size": "San Remo Linguine Pasta No 1 500g",
    "COL Price": 1.95,
    "COL ppu": "$0.39 per 100G",
    "COL Size": "500g"
  },
  {
    "Brand_Product_Size": "Beechworth Bee Cause Australian River Honey 400g",
    "COL Price": 8.5,
    "COL ppu": "$2.13 per 100G",
    "COL Size": "400g"
  },
  {
    "Brand_Product_Size": "Paul Newman's Own Ranch Salad Dressing 250mL",
    "COL Price": 4,
    "COL ppu": "$1.60 per 100mL",
    "COL Size": "250mL"
  },
  {
    "Brand_Product_Size": "Arnott'S Tee Vee Snacks Biscuits Chocolate Milk 165g",
    "COL Price": 4,
    "COL ppu": "$2.42 per 100G",
    "COL Size": "165g"
  },
  {
    "Brand_Product_Size": "L'Oreal Paris Revitalift Laser Pure Retinol Night Serum 30mL",
    "COL Price": 36.4,
    "COL ppu": "$121.34 per 100mL",
    "COL Size": "30mL"
  },
  {
    "Brand_Product_Size": "Coles Pink & White Mallows 100g",
    "COL Price": 2,
    "COL ppu": "$2.00 per 100G",
    "COL Size": "100g"
  },
  {
    "Brand_Product_Size": "Coles Indian Daal Tadka 300g",
    "COL Price": 3,
    "COL ppu": "$1.00 per 100G",
    "COL Size": "300g"
  },
  {
    "Brand_Product_Size": "Coles Chocolate Malt Energy Drink 450g",
    "COL Price": 3.8,
    "COL ppu": "$0.84 per 100G",
    "COL Size": "450g"
  },
  {
    "Brand_Product_Size": "Charlie's Old Fashioned Lemonade Honest Quencher Chilled 1.5L",
    "COL Price": 4.8,
    "COL ppu": "$3.20 per 1L",
    "COL Size": "1.5L"
  },
  {
    "Brand_Product_Size": "Individual Greeting Cards 1 pack",
    "COL Price": 2.35,
    "COL ppu": "$2.35 per 1Ea",
    "COL Size": "1 pack"
  },
  {
    "Brand_Product_Size": "Cook & Dine Rolling Pin each",
    "COL Price": 5.5,
    "COL ppu": "$5.50 per 1Ea",
    "COL Size": "each"
  },
  {
    "Brand_Product_Size": "Advil Ibuprofen Regular Tablets 24 pack",
    "COL Price": 4.5,
    "COL ppu": "$0.19 per 1Ea",
    "COL Size": "24 pack"
  },
  {
    "Brand_Product_Size": "Purina Total Care Tasty Heartwormer & All Wormer Large Dog 3 pack",
    "COL Price": 37.5,
    "COL ppu": "$12.50 per 1Ea",
    "COL Size": "3 pack"
  },
  {
    "Brand_Product_Size": "Coles Bakery Rustic Rolls 4 pack",
    "COL Price": 3,
    "COL ppu": "$0.75 per 1Ea",
    "COL Size": "4 pack"
  },
  {
    "Brand_Product_Size": "Cook & Dine Table Forks 4 pack",
    "COL Price": 6,
    "COL ppu": "$1.50 per 1Ea",
    "COL Size": "4 pack"
  },
  {
    "Brand_Product_Size": "Divella Spaghetti Ristorante No 8 Pasta 500g",
    "COL Price": 2,
    "COL ppu": "$0.40 per 100G",
    "COL Size": "500g"
  },
  {
    "Brand_Product_Size": "Orgran Buckwheat Pancake Mix 375g",
    "COL Price": 3.9,
    "COL ppu": "$1.04 per 100G",
    "COL Size": "375g"
  },
  {
    "Brand_Product_Size": "Coles Chocolate Fingers Biscuits 200g",
    "COL Price": 1.65,
    "COL ppu": "$0.83 per 100G",
    "COL Size": "200g"
  },
  {
    "Brand_Product_Size": "Schwarzkopf Brilliance Bitter Sweet Chocolate Permanent Hair Colour 1 pack",
    "COL Price": 14.4,
    "COL ppu": "$14.40 per 1Ea",
    "COL Size": "1 pack"
  },
  {
    "Brand_Product_Size": "Explorer Mens Original Wool Crew Black Size 6-10 1 pack",
    "COL Price": 7.5,
    "COL ppu": "$7.50 per 1Ea",
    "COL Size": "1 pack"
  },
  {
    "Brand_Product_Size": "Blackmores Vitamin B12 75 pack",
    "COL Price": 13,
    "COL ppu": "$0.17 per 1Ea",
    "COL Size": "75 pack"
  },
  {
    "Brand_Product_Size": "Liddells Strawberry Yoghurt 140 grams 4 pack",
    "COL Price": 5.35,
    "COL ppu": "$0.96 per 100G",
    "COL Size": "4 pack"
  },
  {
    "Brand_Product_Size": "Always Fresh Pasticcini Lemon Biscuits 110g",
    "COL Price": 3.5,
    "COL ppu": "$3.18 per 100G",
    "COL Size": "110g"
  },
  {
    "Brand_Product_Size": "Arnott's Malt-O-Milk Biscuits 250g",
    "COL Price": 3,
    "COL ppu": "$1.20 per 100G",
    "COL Size": "250g"
  },
  {
    "Brand_Product_Size": "Cenovis Men's Multi+ Performance Once Daily Capsules 100 pack",
    "COL Price": 30,
    "COL ppu": "$0.30 per 1Ea",
    "COL Size": "100 pack"
  },
  {
    "Brand_Product_Size": "Sodastream Spirit White Sparkling Water Maker each",
    "COL Price": 99,
    "COL ppu": "$99.00 per 1Ea",
    "COL Size": "each"
  },
  {
    "Brand_Product_Size": "Morning Fresh Ultra Concentrate Advanced Fast Dry White Tea Dishwashing Liquid 650mL",
    "COL Price": 5,
    "COL ppu": "$0.77 per 100mL",
    "COL Size": "650mL"
  },
  {
    "Brand_Product_Size": "The Natural Confectionary Co. Smoothie Chews Lollies 220g",
    "COL Price": 2,
    "COL ppu": "$0.91 per 100G",
    "COL Size": "220g"
  },
  {
    "Brand_Product_Size": "Red Tractor Wheat Free Rolled Oats 600g",
    "COL Price": 8.5,
    "COL ppu": "$1.42 per 100G",
    "COL Size": "600g"
  },
  {
    "Brand_Product_Size": "Farmer Jo Salted Maple Baked Muesli 400g",
    "COL Price": 8,
    "COL ppu": "$2.00 per 100G",
    "COL Size": "400g"
  },
  {
    "Brand_Product_Size": "Cold Power Advanced Clean Laundry Powder 2kg",
    "COL Price": 8.75,
    "COL ppu": "$4.38 per 1Kg",
    "COL Size": "2kg"
  },
  {
    "Brand_Product_Size": "OB Finest Cashew & Rosemary Crackers 150g",
    "COL Price": 6,
    "COL ppu": "$4.00 per 100G",
    "COL Size": "150g"
  },
  {
    "Brand_Product_Size": "Dairy Farmers A2 Protein Prebiotic 2L",
    "COL Price": 4.2,
    "COL ppu": "$2.10 per 1L",
    "COL Size": "2L"
  },
  {
    "Brand_Product_Size": "Coles Kitchen Braised Beef & Mash 350g",
    "COL Price": 7.5,
    "COL ppu": "$2.14 per 100G",
    "COL Size": "350g"
  },
  {
    "Brand_Product_Size": "Royal Fields Canadian Green Lentils 1kg",
    "COL Price": 4.5,
    "COL ppu": "$4.50 per 1Kg",
    "COL Size": "1kg"
  },
  {
    "Brand_Product_Size": "Elevate Healthy Weight Dog Chicken Chunks With Peas & Sweet Potato In Gravy 100g",
    "COL Price": 1.5,
    "COL ppu": "$1.50 per 100G",
    "COL Size": "100g"
  },
  {
    "Brand_Product_Size": "Coles Finest Tasmanian Goats Cheese 300g",
    "COL Price": 9.7,
    "COL ppu": "$3.23 per 100G",
    "COL Size": "300g"
  },
  {
    "Brand_Product_Size": "Organic Love Beets Beetroot 250g",
    "COL Price": 4.5,
    "COL ppu": "$18.00 per 1Kg",
    "COL Size": "250g"
  },
  {
    "Brand_Product_Size": "Sirena Lemon Basil & Chilli Tuna 95g",
    "COL Price": 2.7,
    "COL ppu": "$28.42 per 1Kg",
    "COL Size": "95g"
  },
  {
    "Brand_Product_Size": "Borg's Triangles Feta 360g",
    "COL Price": 2.4,
    "COL ppu": "$0.67 per 100G",
    "COL Size": "360g"
  },
  {
    "Brand_Product_Size": "Nestle Kit Kat Mint Chocolate Chip 45g",
    "COL Price": 2,
    "COL ppu": "$4.44 per 100G",
    "COL Size": "45g"
  },
  {
    "Brand_Product_Size": "Pepsi Max Multipack Bottles 300mL 4 pack",
    "COL Price": 5.9,
    "COL ppu": "$4.92 per 1L",
    "COL Size": "4 pack"
  },
  {
    "Brand_Product_Size": "Bosisto's Sleep Roll On 10ml 10mL",
    "COL Price": 15,
    "COL ppu": "$15.00 per 1Ea",
    "COL Size": "10mL"
  },
  {
    "Brand_Product_Size": "Arnott's Tiny Teddy Hundreds & Thousands Biscuits 8 pack 184g",
    "COL Price": 3,
    "COL ppu": "$1.63 per 100G",
    "COL Size": "184g"
  },
  {
    "Brand_Product_Size": "Fodmapped Teriyaki Stir Fry Simmer Sauce 200g",
    "COL Price": 4,
    "COL ppu": "$2.00 per 100G",
    "COL Size": "200g"
  },
  {
    "Brand_Product_Size": "Pantene Pro-V Colour Therapy Shampoo 900mL",
    "COL Price": 17,
    "COL ppu": "$1.89 per 100mL",
    "COL Size": "900mL"
  },
  {
    "Brand_Product_Size": "Ayam Thai Yellow Curry Paste 185g",
    "COL Price": 2.75,
    "COL ppu": "$1.49 per 100G",
    "COL Size": "185g"
  },
  {
    "Brand_Product_Size": "Orange Power Lemon Myrtle & Orange Air Freshener 125mL",
    "COL Price": 3.36,
    "COL ppu": "$0.27 per 10mL",
    "COL Size": "125mL"
  },
  {
    "Brand_Product_Size": "Cook & Dine Serving Bowl each",
    "COL Price": 4,
    "COL ppu": "$4.00 per 1Ea",
    "COL Size": "each"
  },
  {
    "Brand_Product_Size": "Continental Value Pack Pasta & Sauce Creamy Bacon Carbonara Serves 5 145g",
    "COL Price": 3,
    "COL ppu": "$2.07 per 100G",
    "COL Size": "145g"
  },
  {
    "Brand_Product_Size": "Coles Parmesan Cheese With Chilli 125g",
    "COL Price": 4,
    "COL ppu": "$3.20 per 100G",
    "COL Size": "125g"
  },
  {
    "Brand_Product_Size": "Lavazza Espresso Barista Perfetto Beans 1kg",
    "COL Price": 22,
    "COL ppu": "$2.20 per 100G",
    "COL Size": "1kg"
  },
  {
    "Brand_Product_Size": "Dove Body Wash Triple Moisturising 500mL",
    "COL Price": 8,
    "COL ppu": "$1.60 per 100mL",
    "COL Size": "500mL"
  },
  {
    "Brand_Product_Size": "Harmony Colour each",
    "COL Price": 12.95,
    "COL ppu": "$12.95 per 1Ea",
    "COL Size": "each"
  },
  {
    "Brand_Product_Size": "Rafferty's Garden Banana Rice Cereal 4+ Months 120g",
    "COL Price": 1.5,
    "COL ppu": "$1.25 per 100G",
    "COL Size": "120g"
  },
  {
    "Brand_Product_Size": "Celebrity Slim Apricot Breakfast Bar 55g",
    "COL Price": 4.29,
    "COL ppu": "$7.80 per 100G",
    "COL Size": "55g"
  },
  {
    "Brand_Product_Size": "Moccona Classic Medium Roast Instant Coffee 200g",
    "COL Price": 13,
    "COL ppu": "$6.50 per 100G",
    "COL Size": "200g"
  },
  {
    "Brand_Product_Size": "Keep It Cleaner Nut Butter Filled Balls Double Peanut & Choc Almond Filling 40g",
    "COL Price": 3.5,
    "COL ppu": "$8.75 per 100G",
    "COL Size": "40g"
  },
  {
    "Brand_Product_Size": "Atkins Endulge Cherry Coconut 5 Pack 170g",
    "COL Price": 13.5,
    "COL ppu": "$7.94 per 100G",
    "COL Size": "170g"
  },
  {
    "Brand_Product_Size": "Sukin Invigorating Body Scrub Tube 200mL",
    "COL Price": 14.95,
    "COL ppu": "$7.48 per 100mL",
    "COL Size": "200mL"
  },
  {
    "Brand_Product_Size": "Coles Pizza Base Tomato 2 pack 560g",
    "COL Price": 4.5,
    "COL ppu": "$0.80 per 100G",
    "COL Size": "560g"
  },
  {
    "Brand_Product_Size": "Continental Cup A Soup Cream Of Chicken Soup Serves 4 75g",
    "COL Price": 2,
    "COL ppu": "$2.67 per 100G",
    "COL Size": "75g"
  },
  {
    "Brand_Product_Size": "Coles Black Sesame Seeds 150g",
    "COL Price": 2.5,
    "COL ppu": "$16.67 per 1Kg",
    "COL Size": "150g"
  },
  {
    "Brand_Product_Size": "Yumi's Gluten Free Smoked Trout Premium Mousse Dip 200g",
    "COL Price": 5.4,
    "COL ppu": "$2.70 per 100G",
    "COL Size": "200g"
  },
  {
    "Brand_Product_Size": "Herbert Adams Frozen Gourmet King Island Beef In Rich Gravy Pie  2 pack 420g",
    "COL Price": 7.8,
    "COL ppu": "$1.86 per 100G",
    "COL Size": "420g"
  },
  {
    "Brand_Product_Size": "Birds Eye Frozen Chopped Spinach 250g",
    "COL Price": 1.8,
    "COL ppu": "$7.20 per 1Kg",
    "COL Size": "250g"
  },
  {
    "Brand_Product_Size": "Cook & Dine Textured Hiball Glasses 4 pack",
    "COL Price": 16,
    "COL ppu": "$4.00 per 1Ea",
    "COL Size": "4 pack"
  },
  {
    "Brand_Product_Size": "Harvest Vegetables & Steak 425g",
    "COL Price": 3,
    "COL ppu": "$0.71 per 100G",
    "COL Size": "425g"
  },
  {
    "Brand_Product_Size": "Energizer USB-C Cable 2.0 Zinc-Nylon 1.2M Silver 1 pack",
    "COL Price": 20,
    "COL ppu": "$20.00 per 1Ea",
    "COL Size": "1 pack"
  },
  {
    "Brand_Product_Size": "Herb & Sons Meat Free Chicken Tend Sweet Chilli 300g",
    "COL Price": 6.5,
    "COL ppu": "$21.67 per 1Kg",
    "COL Size": "300g"
  },
  {
    "Brand_Product_Size": "Nutella Hazelnut Chocolate Spread 12 pack 180g",
    "COL Price": 4.75,
    "COL ppu": "$2.64 per 100G",
    "COL Size": "180g"
  },
  {
    "Brand_Product_Size": "Norsca Antiperspirant Adrenalin Deodorant For Men 245mL",
    "COL Price": 3,
    "COL ppu": "$1.22 per 100mL",
    "COL Size": "245mL"
  },
  {
    "Brand_Product_Size": "Kellogg's Fun Pack Assorted Breakfast Cereals 6 Sachets 170g",
    "COL Price": 6,
    "COL ppu": "$3.53 per 100G",
    "COL Size": "170g"
  },
  {
    "Brand_Product_Size": "Coles Continental Parsley Sleeved 1 bunch",
    "COL Price": 2.98,
    "COL ppu": "$2.98 per 1Ea",
    "COL Size": "1 bunch"
  },
  {
    "Brand_Product_Size": "King Island Dairy Black Label Blue Triple Cream approx. 100g",
    "COL Price": 6.5,
    "COL ppu": "$65.00 per 1Kg",
    "COL Size": "approx. 100g"
  },
  {
    "Brand_Product_Size": "Coles Spinach & Ricotta Agnolotti With Mediterranean Sauce 350g",
    "COL Price": 6.5,
    "COL ppu": "$1.86 per 100G",
    "COL Size": "350g"
  },
  {
    "Brand_Product_Size": "Armor All Protectant Wipes 25 pack",
    "COL Price": 10.5,
    "COL ppu": "$0.42 per 1Ea",
    "COL Size": "25 pack"
  },
  {
    "Brand_Product_Size": "Beijing Chilli Tofu Pieces 200g",
    "COL Price": 5,
    "COL ppu": "$2.50 per 100G",
    "COL Size": "200g"
  },
  {
    "Brand_Product_Size": "Kikkoman Soy Sauce 1L",
    "COL Price": 8,
    "COL ppu": "$8.00 per 1L",
    "COL Size": "1L"
  },
  {
    "Brand_Product_Size": "Bonne Maman Raspberry Jam 370g",
    "COL Price": 5.2,
    "COL ppu": "$1.41 per 100G",
    "COL Size": "370g"
  },
  {
    "Brand_Product_Size": "Le Tan Uber Glow Gradual Tanning Lotion For All Skin Tones 250mL",
    "COL Price": 15,
    "COL ppu": "$6.00 per 100mL",
    "COL Size": "250mL"
  },
  {
    "Brand_Product_Size": "Chiko Frozen Original Rolls 4 pack 650g",
    "COL Price": 4.5,
    "COL ppu": "$0.69 per 100G",
    "COL Size": "650g"
  },
  {
    "Brand_Product_Size": "Devondale Dairy Extra Soft Regular Tub 250g",
    "COL Price": 3.5,
    "COL ppu": "$1.40 per 100G",
    "COL Size": "250g"
  },
  {
    "Brand_Product_Size": "Fountain Hoi Sin Sauce 250mL",
    "COL Price": 2.7,
    "COL ppu": "$1.08 per 100mL",
    "COL Size": "250mL"
  },
  {
    "Brand_Product_Size": "Werther's Original Cream Candies 140g",
    "COL Price": 3.5,
    "COL ppu": "$2.50 per 100G",
    "COL Size": "140g"
  },
  {
    "Brand_Product_Size": "Coles Vegan Mayonnaise 445g",
    "COL Price": 4,
    "COL ppu": "$0.90 per 100G",
    "COL Size": "445g"
  },
  {
    "Brand_Product_Size": "Hunt & Brew Cold Brew Brazil Milk Coffee Chilled 400mL",
    "COL Price": 3.4,
    "COL ppu": "$8.50 per 1L",
    "COL Size": "400mL"
  },
  {
    "Brand_Product_Size": "Glen 20 Carpet Deodoriser 354g",
    "COL Price": 8,
    "COL ppu": "$2.26 per 100G",
    "COL Size": "354g"
  },
  {
    "Brand_Product_Size": "Birds Eye Deli Grilled Vegetables 400g",
    "COL Price": 5,
    "COL ppu": "$12.50 per 1Kg",
    "COL Size": "400g"
  },
  {
    "Brand_Product_Size": "Koala Turmeric Tea 36g",
    "COL Price": 4,
    "COL ppu": "$11.11 per 100G",
    "COL Size": "36g"
  },
  {
    "Brand_Product_Size": "Naturopathica Fat Blaster 30% Less Sugar Mocha Shake 430g",
    "COL Price": 20,
    "COL ppu": "$4.65 per 100G",
    "COL Size": "430g"
  },
  {
    "Brand_Product_Size": "Sensodyne Sensitive Daily Care Toothbrush 3 pack",
    "COL Price": 10.5,
    "COL ppu": "$3.50 per 1Ea",
    "COL Size": "3 pack"
  },
  {
    "Brand_Product_Size": "Wellness Road Black Chia Seeds 300g",
    "COL Price": 5.5,
    "COL ppu": "$1.83 per 100G",
    "COL Size": "300g"
  },
  {
    "Brand_Product_Size": "Mingle Seasoning Curry In A Hurry Spice 30g",
    "COL Price": 2.6,
    "COL ppu": "$0.87 per 10G",
    "COL Size": "30g"
  },
  {
    "Brand_Product_Size": "Lean Cuisine Mediterranean Chicken 280g",
    "COL Price": 4.5,
    "COL ppu": "$1.61 per 100G",
    "COL Size": "280g"
  },
  {
    "Brand_Product_Size": "Nestle Sweetened Condensed Milk 395g",
    "COL Price": 2.5,
    "COL ppu": "$0.63 per 100G",
    "COL Size": "395g"
  },
  {
    "Brand_Product_Size": "Coles Beef & Pork  Mixed Pack Sliders 600g",
    "COL Price": 8.5,
    "COL ppu": "$14.17 per 1Kg",
    "COL Size": "600g"
  },
  {
    "Brand_Product_Size": "Sanitarium So Good Long Life Unsweetened Almond Milk 1L",
    "COL Price": 2.7,
    "COL ppu": "$2.70 per 1L",
    "COL Size": "1L"
  },
  {
    "Brand_Product_Size": "Higher Living Daily Detox Tea 15 pack",
    "COL Price": 2.95,
    "COL ppu": "$0.20 per 1Ea",
    "COL Size": "15 pack"
  },
  {
    "Brand_Product_Size": "Laoganma Chilli Oil Hot 210g",
    "COL Price": 3,
    "COL ppu": "$1.43 per 100G",
    "COL Size": "210g"
  },
  {
    "Brand_Product_Size": "Continental Value Pack Pasta & Sauce Alfredo Serves 5 145g",
    "COL Price": 3,
    "COL ppu": "$2.07 per 100G",
    "COL Size": "145g"
  },
  {
    "Brand_Product_Size": "Bird Munchies Cuttlefish Bone 15g",
    "COL Price": 3.3,
    "COL ppu": "$22.00 per 100G",
    "COL Size": "15g"
  },
  {
    "Brand_Product_Size": "Musashi P45 Cookies & Cream Protein Bar 90g",
    "COL Price": 4,
    "COL ppu": "$4.44 per 100G",
    "COL Size": "90g"
  },
  {
    "Brand_Product_Size": "Heinz Big Eat Spaghetti Bolognese 410g",
    "COL Price": 2.5,
    "COL ppu": "$0.61 per 100G",
    "COL Size": "410g"
  },
  {
    "Brand_Product_Size": "Herbert Adams Frozen Gourmet Chunky Sous Vide Beef In Rich Gravy Pies 2 pack 400g",
    "COL Price": 6.6,
    "COL ppu": "$1.65 per 100G",
    "COL Size": "400g"
  },
  {
    "Brand_Product_Size": "Well Naturally Chocolate Rich Dark Bar 45g",
    "COL Price": 2.85,
    "COL ppu": "$6.33 per 100G",
    "COL Size": "45g"
  },
  {
    "Brand_Product_Size": "Passage Foods Passage To India Tikka Masala Simmer Sauce Pouch 375g",
    "COL Price": 2.35,
    "COL ppu": "$0.63 per 100G",
    "COL Size": "375g"
  },
  {
    "Brand_Product_Size": "Coles Crawling Insect Killer 350g",
    "COL Price": 2.9,
    "COL ppu": "$0.83 per 100G",
    "COL Size": "350g"
  },
  {
    "Brand_Product_Size": "Sistema Klip It Plus Container 1.49L 2 pack",
    "COL Price": 5,
    "COL ppu": "$2.50 per 1Ea",
    "COL Size": "2 pack"
  },
  {
    "Brand_Product_Size": "McVitie's Thins Dark Chocolate Digestive Biscuits 150g",
    "COL Price": 3.5,
    "COL ppu": "$2.33 per 100G",
    "COL Size": "150g"
  },
  {
    "Brand_Product_Size": "Dettol Instant Hand Sanitizer 50mL",
    "COL Price": 1.75,
    "COL ppu": "$3.50 per 100mL",
    "COL Size": "50mL"
  },
  {
    "Brand_Product_Size": "Coles Multi Vitamin Juice 2L",
    "COL Price": 2,
    "COL ppu": "$1.00 per 1L",
    "COL Size": "2L"
  },
  {
    "Brand_Product_Size": "Huy Fong Foods Sriracha Hot Chilli Sauce 482g",
    "COL Price": 5.9,
    "COL ppu": "$1.22 per 100G",
    "COL Size": "482g"
  },
  {
    "Brand_Product_Size": "Fountain Tomato Sauce 2L",
    "COL Price": 6,
    "COL ppu": "$0.30 per 100mL",
    "COL Size": "2L"
  },
  {
    "Brand_Product_Size": "Two Good Yoghurt Vanilla 150g",
    "COL Price": 2.5,
    "COL ppu": "$1.67 per 100G",
    "COL Size": "150g"
  },
  {
    "Brand_Product_Size": "Yoosh Aloe Vera With A Hint Of Honey Drink 500mL",
    "COL Price": 2.6,
    "COL ppu": "$5.20 per 1L",
    "COL Size": "500mL"
  },
  {
    "Brand_Product_Size": "Sunrice Long Grain White Microwavable Rice 250g",
    "COL Price": 2.5,
    "COL ppu": "$1.00 per 100G",
    "COL Size": "250g"
  },
  {
    "Brand_Product_Size": "Fix & Go Tripple Pack 3 pack",
    "COL Price": 4.16,
    "COL ppu": "",
    "COL Size": "3 pack"
  },
  {
    "Brand_Product_Size": "Sanitarium Up & Go Energize Coffee 6x250mL 1.5L",
    "COL Price": 9.7,
    "COL ppu": "$6.47 per 1L",
    "COL Size": "1.5L"
  },
  {
    "Brand_Product_Size": "Avent BPA Free Animal Soother 0-6 Months 2 pack",
    "COL Price": 12,
    "COL ppu": "$6.00 per 1Ea",
    "COL Size": "2 pack"
  },
  {
    "Brand_Product_Size": "Strepsils Lozenges Honey & Lemon 48 pack",
    "COL Price": 12.6,
    "COL ppu": "$0.26 per 1Ea",
    "COL Size": "48 pack"
  },
  {
    "Brand_Product_Size": "Hellmann's Real Mayonnaise Jar 800g",
    "COL Price": 9,
    "COL ppu": "$1.13 per 100G",
    "COL Size": "800g"
  },
  {
    "Brand_Product_Size": "Coles Deli Large BBQ Pasta Salad each",
    "COL Price": 7,
    "COL ppu": "$7.00 per 1Ea",
    "COL Size": "each"
  },
  {
    "Brand_Product_Size": "L'Oreal Paris Excellence 01 Very Light Natural Blonde Hair Colour 1 pack",
    "COL Price": 20,
    "COL ppu": "$20.00 per 1Ea",
    "COL Size": "1 pack"
  },
  {
    "Brand_Product_Size": "Majans Bhuja Gluten Free Beer Mix 160g",
    "COL Price": 2.5,
    "COL ppu": "$15.63 per 1Kg",
    "COL Size": "160g"
  },
  {
    "Brand_Product_Size": "St Dalfour Strawberry Spread 284g",
    "COL Price": 3,
    "COL ppu": "$1.06 per 100G",
    "COL Size": "284g"
  },
  {
    "Brand_Product_Size": "Reva Plastic Clothes Pegs 36 pack",
    "COL Price": 5.25,
    "COL ppu": "$0.15 per 1Ea",
    "COL Size": "36 pack"
  },
  {
    "Brand_Product_Size": "Garlos Kosher Sausage Roll 200g",
    "COL Price": 4.5,
    "COL ppu": "$2.25 per 100G",
    "COL Size": "200g"
  },
  {
    "Brand_Product_Size": "Coles I'M Free From Chocolate Mint Creme Biscuits 145g",
    "COL Price": 3.5,
    "COL ppu": "$2.41 per 100G",
    "COL Size": "145g"
  },
  {
    "Brand_Product_Size": "Herbal Essences Classic Replenishing Shampoo 490mL",
    "COL Price": 10,
    "COL ppu": "$2.04 per 100mL",
    "COL Size": "490mL"
  },
  {
    "Brand_Product_Size": "Peters Lemonade Icy Pole 8 pack 600mL",
    "COL Price": 4.6,
    "COL ppu": "$0.77 per 100mL",
    "COL Size": "600mL"
  },
  {
    "Brand_Product_Size": "Sacla Genovese Classic Pesto Sauce 190g",
    "COL Price": 3.8,
    "COL ppu": "$2.00 per 100G",
    "COL Size": "190g"
  },
  {
    "Brand_Product_Size": "Tip Top The One Omega 3 Sandwich Bread 700g",
    "COL Price": 3.4,
    "COL ppu": "$0.49 per 100G",
    "COL Size": "700g"
  },
  {
    "Brand_Product_Size": "Sukin Signature Botanical Body Wash 500mL",
    "COL Price": 9.95,
    "COL ppu": "$1.99 per 100mL",
    "COL Size": "500mL"
  },
  {
    "Brand_Product_Size": "Bulla Crunch Milkshake Flavour Limited Edition 631mL",
    "COL Price": 7,
    "COL ppu": "$1.11 per 100mL",
    "COL Size": "631mL"
  },
  {
    "Brand_Product_Size": "Kettle Chunky Chips Red Hot Sauce 150g",
    "COL Price": 4.65,
    "COL ppu": "$3.10 per 100G",
    "COL Size": "150g"
  },
  {
    "Brand_Product_Size": "Tassal Tassie Smoked Salmon 100g",
    "COL Price": 6,
    "COL ppu": "$60.00 per 1Kg",
    "COL Size": "100g"
  },
  {
    "Brand_Product_Size": "San Remo Macaroni  No 38 500g",
    "COL Price": 1.95,
    "COL ppu": "$0.39 per 100G",
    "COL Size": "500g"
  },
  {
    "Brand_Product_Size": "Golden Circle Apple Drink Tetra 1L",
    "COL Price": 2.25,
    "COL ppu": "$2.25 per 1L",
    "COL Size": "1L"
  },
  {
    "Brand_Product_Size": "Norco Full Cream Milk 2L",
    "COL Price": 3.5,
    "COL ppu": "$1.75 per 1L",
    "COL Size": "2L"
  },
  {
    "Brand_Product_Size": "Coles Tasmanian Salmon Boneless & Skin Off 2 Pack 280g",
    "COL Price": 12,
    "COL ppu": "$4.29 per 100G",
    "COL Size": "280g"
  },
  {
    "Brand_Product_Size": "MasterFoods All Purpose Pepper Seasoning 50g",
    "COL Price": 3,
    "COL ppu": "$0.60 per 10G",
    "COL Size": "50g"
  },
  {
    "Brand_Product_Size": "Telfast Hayfever Allergy Relief 60mg Tablets 10 pack",
    "COL Price": 7,
    "COL ppu": "$0.70 per 1Ea",
    "COL Size": "10 pack"
  },
  {
    "Brand_Product_Size": "Coles Fruity Bites Platter each",
    "COL Price": 35,
    "COL ppu": "$35.00 per 1Ea",
    "COL Size": "each"
  },
  {
    "Brand_Product_Size": "Auricchio Parmigiano Reggiano Cheese approx. 100g",
    "COL Price": 6.3,
    "COL ppu": "$63.00 per 1Kg",
    "COL Size": "approx. 100g"
  },
  {
    "Brand_Product_Size": "Carefree Regular Flexia Tampons 16 pack",
    "COL Price": 4.6,
    "COL ppu": "$0.29 per 1Ea",
    "COL Size": "16 pack"
  },
  {
    "Brand_Product_Size": "Duracell Coppertop AAA Batteries 20 pack",
    "COL Price": 19.9,
    "COL ppu": "$1.00 per 1Ea",
    "COL Size": "20 pack"
  },
  {
    "Brand_Product_Size": "Kellogg's LCM's Popcorn Bar Butter 108g",
    "COL Price": 4,
    "COL ppu": "$3.70 per 100G",
    "COL Size": "108g"
  },
  {
    "Brand_Product_Size": "Bulla Lactose Free Light Sour Cream 200mL",
    "COL Price": 3.2,
    "COL ppu": "$1.60 per 100G",
    "COL Size": "200mL"
  },
  {
    "Brand_Product_Size": "Vicks Vapodrops Anti Inflammatory Honey 36 pack",
    "COL Price": 13,
    "COL ppu": "$0.36 per 1Ea",
    "COL Size": "36 pack"
  },
  {
    "Brand_Product_Size": "Only Organic Blueberry Purple Carrot Rice Cakes 20g",
    "COL Price": 2.3,
    "COL ppu": "$11.50 per 100G",
    "COL Size": "20g"
  },
  {
    "Brand_Product_Size": "Dine Creamy Treats Cat Food Mixed Seafood 4 pack",
    "COL Price": 3,
    "COL ppu": "$6.25 per 100G",
    "COL Size": "4 pack"
  },
  {
    "Brand_Product_Size": "Golden Circle Pineapple Juice Multipack 250mL 6 pack",
    "COL Price": 4.5,
    "COL ppu": "$0.75 per 1Ea",
    "COL Size": "6 pack"
  },
  {
    "Brand_Product_Size": "Coles Natures Kitchen Mixed Garden Vegetable Koftas 240g",
    "COL Price": 3.5,
    "COL ppu": "$1.46 per 100G",
    "COL Size": "240g"
  },
  {
    "Brand_Product_Size": "Billie Cactus Or Blue Palm Cold Box each",
    "COL Price": 12,
    "COL ppu": "$12.00 per 1Ea",
    "COL Size": "each"
  },
  {
    "Brand_Product_Size": "Pattu Black Eye Beans 1kg",
    "COL Price": 6.5,
    "COL ppu": "$6.50 per 1Kg",
    "COL Size": "1kg"
  },
  {
    "Brand_Product_Size": "Wet Stuff Lubricant Salted Caramel 100g",
    "COL Price": 6.6,
    "COL ppu": "$6.60 per 100G",
    "COL Size": "100g"
  },
  {
    "Brand_Product_Size": "Coles Loaf With Beef Dog Food Can 1.2kg",
    "COL Price": 1.8,
    "COL ppu": "$1.50 per 1Kg",
    "COL Size": "1.2kg"
  },
  {
    "Brand_Product_Size": "Kurrajong Crackers Poppy Sesame Snack Size 25g",
    "COL Price": 1,
    "COL ppu": "$4.00 per 100G",
    "COL Size": "25g"
  },
  {
    "Brand_Product_Size": "Coles Deli Mon Pere Brie approx. 100g",
    "COL Price": 4.8,
    "COL ppu": "$48.00 per 1Kg",
    "COL Size": "approx. 100g"
  },
  {
    "Brand_Product_Size": "Zanetti Parmigiano Reggiano Wedge 200g",
    "COL Price": 11,
    "COL ppu": "$55.00 per 1Kg",
    "COL Size": "200g"
  },
  {
    "Brand_Product_Size": "Coles Cheesey Peelers 8 Pack 160g",
    "COL Price": 3.9,
    "COL ppu": "$24.38 per 1Kg",
    "COL Size": "160g"
  },
  {
    "Brand_Product_Size": "Riverside All Australian Walnuts 180g",
    "COL Price": 5.5,
    "COL ppu": "$30.56 per 1Kg",
    "COL Size": "180g"
  },
  {
    "Brand_Product_Size": "Basilio Creamy Bacon Instant Pasta Cup 55g",
    "COL Price": 2.5,
    "COL ppu": "$4.55 per 100G",
    "COL Size": "55g"
  },
  {
    "Brand_Product_Size": "Coles Kitchen Pasta Salad 800g",
    "COL Price": 5.9,
    "COL ppu": "$7.38 per 1Kg",
    "COL Size": "800g"
  },
  {
    "Brand_Product_Size": "Valley Produce Co. Vegetable Flatbread  Beetroot Artisan Crackers 130g",
    "COL Price": 4.9,
    "COL ppu": "$3.77 per 100G",
    "COL Size": "130g"
  },
  {
    "Brand_Product_Size": "Nature's Gift Just Natural Meatballs With Beef Potato Carrots & peas Dry Dog Food 700g",
    "COL Price": 5,
    "COL ppu": "$0.71 per 100G",
    "COL Size": "700g"
  },
  {
    "Brand_Product_Size": "Coles Tomato Basil & Mozzerella Aranchini 160g",
    "COL Price": 5,
    "COL ppu": "$3.13 per 100G",
    "COL Size": "160g"
  },
  {
    "Brand_Product_Size": "Coles Thawed Seafood Garlic Prawns Skewer each",
    "COL Price": 1.5,
    "COL ppu": "$1.50 per 1Ea",
    "COL Size": "each"
  },
  {
    "Brand_Product_Size": "Coles Bakery Buttermilk Scones 6 pack",
    "COL Price": 4.5,
    "COL ppu": "$0.75 per 1Ea",
    "COL Size": "6 pack"
  },
  {
    "Brand_Product_Size": "Coles Drinking Coconut each",
    "COL Price": 3.9,
    "COL ppu": "$3.90 per 1Ea",
    "COL Size": "each"
  },
  {
    "Brand_Product_Size": "T2 French Earl Grey Flavoured Black Tea Bags 25 pack 50g",
    "COL Price": 15,
    "COL ppu": "$30.00 per 100G",
    "COL Size": "50g"
  },
  {
    "Brand_Product_Size": "Starburst Original Fruit Chews Lollies Stick 45g",
    "COL Price": 2,
    "COL ppu": "$4.44 per 100G",
    "COL Size": "45g"
  },
  {
    "Brand_Product_Size": "The Bar Counter High Protein Chocolate Brownie Crunch",
    "COL Price": 2.5,
    "COL ppu": "",
    "COL Size": ""
  },
  {
    "Brand_Product_Size": "Fodmapped Gluten Free Roasted Pumpkin Soup 500g",
    "COL Price": 8,
    "COL ppu": "$1.60 per 100G",
    "COL Size": "500g"
  },
  {
    "Brand_Product_Size": "Coles RSPCA Approved Chicken Breast Burgers Herb & Garlic Crumb 400g",
    "COL Price": 5.5,
    "COL ppu": "$13.75 per 1Kg",
    "COL Size": "400g"
  },
  {
    "Brand_Product_Size": "Cucina Matese Egg Pappardelle Classica Italian Pasta No.123 250g",
    "COL Price": 3.5,
    "COL ppu": "$1.40 per 100G",
    "COL Size": "250g"
  },
  {
    "Brand_Product_Size": "Kiwi Black Shoe Laces 69cm 2 pair",
    "COL Price": 1.95,
    "COL ppu": "$0.49 per 1Ea",
    "COL Size": "2 pair"
  },
  {
    "Brand_Product_Size": "Don Ready To Eat Kabana Minis 160g",
    "COL Price": 5,
    "COL ppu": "$31.25 per 1Kg",
    "COL Size": "160g"
  },
  {
    "Brand_Product_Size": "Shine + Nootropic Mixed Berry Shot 100mL",
    "COL Price": 3,
    "COL ppu": "$30.00 per 1L",
    "COL Size": "100mL"
  },
  {
    "Brand_Product_Size": "Do Good Labs Superseed Brekky Bar 32g",
    "COL Price": 2.5,
    "COL ppu": "$7.81 per 100G",
    "COL Size": "32g"
  },
  {
    "Brand_Product_Size": "D3 Kinesiology Tape 6.0m X 50mm 1 pack",
    "COL Price": 10,
    "COL ppu": "$10.00 per 1Ea",
    "COL Size": "1 pack"
  },
  {
    "Brand_Product_Size": "Palmolive Luminous Moroccan Argan & Camellia oil Conditioner 350mL",
    "COL Price": 5,
    "COL ppu": "$1.43 per 100mL",
    "COL Size": "350mL"
  },
  {
    "Brand_Product_Size": "Rokeby Farms Smoothie Dutch Chocolate 425mL",
    "COL Price": 3.05,
    "COL ppu": "$7.18 per 1L",
    "COL Size": "425mL"
  },
  {
    "Brand_Product_Size": "Frantelle Pineapple & Orange Essence Sparkling Water Cans 375mL 10 pack",
    "COL Price": 8,
    "COL ppu": "$2.13 per 1L",
    "COL Size": "10 pack"
  },
  {
    "Brand_Product_Size": "MasterFoods Ground Ginger 25g",
    "COL Price": 2.2,
    "COL ppu": "$0.88 per 10G",
    "COL Size": "25g"
  },
  {
    "Brand_Product_Size": "Pattu White Urid Dhall 1kg",
    "COL Price": 3.8,
    "COL ppu": "$3.80 per 1Kg",
    "COL Size": "1kg"
  },
  {
    "Brand_Product_Size": "Second House Products Mohalabiah Mix 200g",
    "COL Price": 3,
    "COL ppu": "$1.50 per 100G",
    "COL Size": "200g"
  },
  {
    "Brand_Product_Size": "Nature's Way Kids Smart Iron Chewables 50 pack",
    "COL Price": 15,
    "COL ppu": "$0.30 per 1Ea",
    "COL Size": "50 pack"
  },
  {
    "Brand_Product_Size": "Coles Crystals Lavender Silica Gel Cat Litter 3.6kg",
    "COL Price": 14,
    "COL ppu": "$3.89 per 1Kg",
    "COL Size": "3.6kg"
  },
  {
    "Brand_Product_Size": "Coles Whole Champignons 425g",
    "COL Price": 1.35,
    "COL ppu": "$3.18 per 1Kg",
    "COL Size": "425g"
  },
  {
    "Brand_Product_Size": "Genius Gluten Free Soft Brioche Rolls 2 pack",
    "COL Price": 3.5,
    "COL ppu": "$1.75 per 1Ea",
    "COL Size": "2 pack"
  },
  {
    "Brand_Product_Size": "Majans Infuzions Seasoned Salt Veggie Straws 100g",
    "COL Price": 3.5,
    "COL ppu": "$3.50 per 100G",
    "COL Size": "100g"
  },
  {
    "Brand_Product_Size": "Queen Victoria English Breakfast Extra Strong Tea 50 pack",
    "COL Price": 6,
    "COL ppu": "$0.12 per 1Ea",
    "COL Size": "50 pack"
  },
  {
    "Brand_Product_Size": "Modo Bamboo Lunch Serviettes 50pack",
    "COL Price": 3,
    "COL ppu": "$0.06 per 1Ea",
    "COL Size": "50pack"
  },
  {
    "Brand_Product_Size": "Faber-Castell Colour Connector Pens 20 pack",
    "COL Price": 7.5,
    "COL ppu": "$0.38 per 1Ea",
    "COL Size": "20 pack"
  },
  {
    "Brand_Product_Size": "Malt Star Non Alcoholic Malt Drink 330mL",
    "COL Price": 1.6,
    "COL ppu": "$0.48 per 100mL",
    "COL Size": "330mL"
  },
  {
    "Brand_Product_Size": "Coles Easy Carve Semi Boneless Leg Roast approx. 1.5kg",
    "COL Price": 30,
    "COL ppu": "$20.00 per 1Kg",
    "COL Size": "approx. 1.5kg"
  },
  {
    "Brand_Product_Size": "Dairy Farmers A2 Goodness Chocolate Milk 300mL",
    "COL Price": 1.9,
    "COL ppu": "$6.33 per 1L",
    "COL Size": "300mL"
  },
  {
    "Brand_Product_Size": "Coles Beef Graze Grass Fed Roast Slow Cook approx. 450g each",
    "COL Price": 9.9,
    "COL ppu": "$22.00 per 1Kg",
    "COL Size": "approx. 450g each"
  },
  {
    "Brand_Product_Size": "Heinz Spaghetti & Sausages 420g",
    "COL Price": 2.2,
    "COL ppu": "$5.24 per 1Kg",
    "COL Size": "420g"
  },
  {
    "Brand_Product_Size": "McCain Frozen Potato Bites Crispy Nuggets 900g",
    "COL Price": 4.5,
    "COL ppu": "$0.50 per 100G",
    "COL Size": "900g"
  },
  {
    "Brand_Product_Size": "L'Oreal Paris Excellence 6 Light Brown Hair Colour 1 pack",
    "COL Price": 20,
    "COL ppu": "$20.00 per 1Ea",
    "COL Size": "1 pack"
  },
  {
    "Brand_Product_Size": "Gatorade Tropical Fruit Sports Drink 600mL",
    "COL Price": 2.15,
    "COL ppu": "$3.58 per 1L",
    "COL Size": "600mL"
  },
  {
    "Brand_Product_Size": "Slow Hills RSPCA Chicken Half approx. 1.250kg",
    "COL Price": 15,
    "COL ppu": "$12.00 per 1Kg",
    "COL Size": "approx. 1.250kg"
  },
  {
    "Brand_Product_Size": "Gaviscon Dual Action Peppermint Tablets 32 pack",
    "COL Price": 10.5,
    "COL ppu": "$0.33 per 1Ea",
    "COL Size": "32 pack"
  },
  {
    "Brand_Product_Size": "Green & Blacks's Raspberry & Hazelnut Smooth Dark Chocolate Block 90g",
    "COL Price": 3,
    "COL ppu": "$3.33 per 100G",
    "COL Size": "90g"
  },
  {
    "Brand_Product_Size": "La Zuppa Pumpkin Microwavable Soup Bowl 420g",
    "COL Price": 4,
    "COL ppu": "$0.95 per 100G",
    "COL Size": "420g"
  },
  {
    "Brand_Product_Size": "Coles Medium Navel Oranges approx. 180g each",
    "COL Price": 1.242,
    "COL ppu": "$6.90 per 1Kg",
    "COL Size": "approx. 180g each"
  },
  {
    "Brand_Product_Size": "Bounty Smooth & Creamy Ice Cream Bar 6 Pack 300mL",
    "COL Price": 8.5,
    "COL ppu": "$2.83 per 100mL",
    "COL Size": "300mL"
  },
  {
    "Brand_Product_Size": "John West Wild Scottish Sardines With Rosemary & Sea Salt 110g",
    "COL Price": 2.2,
    "COL ppu": "$20.00 per 1Kg",
    "COL Size": "110g"
  },
  {
    "Brand_Product_Size": "Tylenol 500mg Coated Tablets 20 pack",
    "COL Price": 3.7,
    "COL ppu": "$0.19 per 1Ea",
    "COL Size": "20 pack"
  },
  {
    "Brand_Product_Size": "Ceres Litchi Sensation Fruit Juice 1L",
    "COL Price": 2.8,
    "COL ppu": "$2.80 per 1L",
    "COL Size": "1L"
  },
  {
    "Brand_Product_Size": "Casalingo New York Style Brisket Pastrami approx. 2kg each",
    "COL Price": 70,
    "COL ppu": "$35.00 per 1Kg",
    "COL Size": "approx. 2kg each"
  },
  {
    "Brand_Product_Size": "Wallaby Thins Almond 130g",
    "COL Price": 5,
    "COL ppu": "$3.85 per 100G",
    "COL Size": "130g"
  },
  {
    "Brand_Product_Size": "Coles Deli Thawed Cooked Prawn Plate Small 200g 1 each",
    "COL Price": 8,
    "COL ppu": "$8.00 per 1Ea",
    "COL Size": "1 each"
  },
  {
    "Brand_Product_Size": "L'Oreal Preference 7.23 Bali Dark Rose Gold Hair Colour 1 pack",
    "COL Price": 9.5,
    "COL ppu": "$9.50 per 1Ea",
    "COL Size": "1 pack"
  },
  {
    "Brand_Product_Size": "Sanitarium Weet-Bix Breakfast Cereal 575g",
    "COL Price": 3.8,
    "COL ppu": "$0.66 per 100G",
    "COL Size": "575g"
  },
  {
    "Brand_Product_Size": "Coles Brown Onions Prepacked 1kg",
    "COL Price": 2.5,
    "COL ppu": "$2.50 per 1Kg",
    "COL Size": "1kg"
  },
  {
    "Brand_Product_Size": "Pauls Zymil Lactose Free Long Life Milk Low Fat 1L",
    "COL Price": 2.25,
    "COL ppu": "$2.25 per 1L",
    "COL Size": "1L"
  },
  {
    "Brand_Product_Size": "Coles Kitchen Gnocchi Pesto Sundried Tomato 350g",
    "COL Price": 6.5,
    "COL ppu": "$1.86 per 100G",
    "COL Size": "350g"
  },
  {
    "Brand_Product_Size": "Capilano Light & Smooth Honey Upside Down 340g",
    "COL Price": 6.9,
    "COL ppu": "$2.03 per 100G",
    "COL Size": "340g"
  },
  {
    "Brand_Product_Size": "Nestle Baking Cocoa 190g",
    "COL Price": 4,
    "COL ppu": "$2.11 per 100G",
    "COL Size": "190g"
  },
  {
    "Brand_Product_Size": "Coles Havarti Cheese Slices 200g",
    "COL Price": 3.7,
    "COL ppu": "$18.50 per 1Kg",
    "COL Size": "200g"
  },
  {
    "Brand_Product_Size": "Cook & Dine Plastic Cups 200mL 50 pack",
    "COL Price": 2.5,
    "COL ppu": "$5.00 per 100Ea",
    "COL Size": "50 pack"
  },
  {
    "Brand_Product_Size": "H2coco Pure Pink Coconut Water 750mL",
    "COL Price": 5.15,
    "COL ppu": "$6.87 per 1L",
    "COL Size": "750mL"
  },
  {
    "Brand_Product_Size": "Royal Fields Egg Noodles 1kg",
    "COL Price": 4,
    "COL ppu": "$4.00 per 1Kg",
    "COL Size": "1kg"
  },
  {
    "Brand_Product_Size": "Tip Top Sunblest White Bread 650g",
    "COL Price": 3,
    "COL ppu": "$0.46 per 100G",
    "COL Size": "650g"
  },
  {
    "Brand_Product_Size": "Blue Cow French Style Triple Cream Cheese 180g",
    "COL Price": 7.5,
    "COL ppu": "$41.67 per 1Kg",
    "COL Size": "180g"
  },
  {
    "Brand_Product_Size": "Sorbent Hypo Allergenic Flushable Wipes Toilet Tissue 40 pack",
    "COL Price": 3.5,
    "COL ppu": "$0.09 per 1Ea",
    "COL Size": "40 pack"
  },
  {
    "Brand_Product_Size": "Coles Shredded Iceberg Lettuce Prepacked 200g",
    "COL Price": 2,
    "COL ppu": "$1.00 per 100G",
    "COL Size": "200g"
  },
  {
    "Brand_Product_Size": "Garlos Limited Edition Pie 200g",
    "COL Price": 4.5,
    "COL ppu": "$2.25 per 100G",
    "COL Size": "200g"
  },
  {
    "Brand_Product_Size": "Palmolive Naturals Active Nourishment Conditioner 700mL",
    "COL Price": 5,
    "COL ppu": "$0.71 per 100mL",
    "COL Size": "700mL"
  },
  {
    "Brand_Product_Size": "Clearasil Ultra Facial Wipes Deep Pore 65 pack",
    "COL Price": 14.8,
    "COL ppu": "$0.23 per 1Ea",
    "COL Size": "65 pack"
  },
  {
    "Brand_Product_Size": "Green's Cinnamon Donut Pancake Shake 325g",
    "COL Price": 3,
    "COL ppu": "$0.92 per 100G",
    "COL Size": "325g"
  },
  {
    "Brand_Product_Size": "Higher Living Organic Licorice Tea Bags 15 Pack 30g",
    "COL Price": 2.95,
    "COL ppu": "$0.20 per 1Ea",
    "COL Size": "30g"
  },
  {
    "Brand_Product_Size": "Vicks First Defense Nasal Spray 15mL",
    "COL Price": 14.9,
    "COL ppu": "$99.34 per 100mL",
    "COL Size": "15mL"
  },
  {
    "Brand_Product_Size": "Tamar Valley Kids Greek Strawberry Yoghurt Pouch 110g",
    "COL Price": 1.3,
    "COL ppu": "$1.18 per 100G",
    "COL Size": "110g"
  },
  {
    "Brand_Product_Size": "Fruit Wise Fruit Straps Variety Pack 140g",
    "COL Price": 6.1,
    "COL ppu": "$4.36 per 100G",
    "COL Size": "140g"
  },
  {
    "Brand_Product_Size": "Coles Penne Napoletana Pasta 375g",
    "COL Price": 3,
    "COL ppu": "$0.80 per 100G",
    "COL Size": "375g"
  },
  {
    "Brand_Product_Size": "Gefen Sea Salt Popcorners 142g",
    "COL Price": 3.7,
    "COL ppu": "$2.61 per 100G",
    "COL Size": "142g"
  },
  {
    "Brand_Product_Size": "Birds Eye Frozen Fish Fillets With Original Crumb Oven Bake 14 Pieces 1kg",
    "COL Price": 15.7,
    "COL ppu": "$15.70 per 1Kg",
    "COL Size": "1kg"
  },
  {
    "Brand_Product_Size": "Coles Toasted Nutty Muesli 750g",
    "COL Price": 3.1,
    "COL ppu": "$0.41 per 100G",
    "COL Size": "750g"
  },
  {
    "Brand_Product_Size": "Heinz Organic Tomato Ketchup 500mL",
    "COL Price": 4.3,
    "COL ppu": "$0.86 per 100mL",
    "COL Size": "500mL"
  },
  {
    "Brand_Product_Size": "Pump Pure Water 750mL",
    "COL Price": 2.7,
    "COL ppu": "$3.60 per 1L",
    "COL Size": "750mL"
  },
  {
    "Brand_Product_Size": "Pringles New York Cheeseburger Potato Chips 134g",
    "COL Price": 2,
    "COL ppu": "$1.49 per 100G",
    "COL Size": "134g"
  },
  {
    "Brand_Product_Size": "SecondBite $2 Donation each",
    "COL Price": 2,
    "COL ppu": "$2.00 per 1ea",
    "COL Size": "each"
  },
  {
    "Brand_Product_Size": "Coles Frozen Corn Kernels 1kg",
    "COL Price": 2.7,
    "COL ppu": "$2.70 per 1Kg",
    "COL Size": "1kg"
  },
  {
    "Brand_Product_Size": "Coles Resealable Sandwich Bags 50 pack",
    "COL Price": 1.75,
    "COL ppu": "$0.04 per 1Ea",
    "COL Size": "50 pack"
  },
  {
    "Brand_Product_Size": "Coles Urban Coffee Culture Intensity 11 Supreme Coffee Capsules 10 pack 52g",
    "COL Price": 3.7,
    "COL ppu": "$7.12 per 100G",
    "COL Size": "52g"
  },
  {
    "Brand_Product_Size": "Dr Oetker Smiley Icing Decorations 12g",
    "COL Price": 3.5,
    "COL ppu": "$29.17 per 100G",
    "COL Size": "12g"
  },
  {
    "Brand_Product_Size": "Coles Envelopes C6 50 pack",
    "COL Price": 3.5,
    "COL ppu": "$0.07 per 1Ea",
    "COL Size": "50 pack"
  },
  {
    "Brand_Product_Size": "Dettol Spray And Wear Pink Waterlily 250mL",
    "COL Price": 6.4,
    "COL ppu": "$25.60 per 1L",
    "COL Size": "250mL"
  },
  {
    "Brand_Product_Size": "Three Threes Spreadable Sweet Mustard Pickles 390g",
    "COL Price": 2.5,
    "COL ppu": "$0.64 per 100G",
    "COL Size": "390g"
  },
  {
    "Brand_Product_Size": "Safcol Brisling Sardines In Springwater 110g",
    "COL Price": 1.4,
    "COL ppu": "$12.73 per 1Kg",
    "COL Size": "110g"
  },
  {
    "Brand_Product_Size": "MasterFoods Mushroom & White Wine Finishing Sauce 165g",
    "COL Price": 2,
    "COL ppu": "$0.12 per 10G",
    "COL Size": "165g"
  },
  {
    "Brand_Product_Size": "Pringles Minis Original Salted Potato Chips 5 pack 95g",
    "COL Price": 3.2,
    "COL ppu": "$3.37 per 100G",
    "COL Size": "95g"
  },
  {
    "Brand_Product_Size": "Herbal Essences Bio Renew Sulfate-Free Honey & Vitamin B Shampoo 360mL",
    "COL Price": 14,
    "COL ppu": "$3.89 per 100mL",
    "COL Size": "360mL"
  },
  {
    "Brand_Product_Size": "Kez's Kitchen Choc Mud Fruit Bars 125g",
    "COL Price": 3.6,
    "COL ppu": "$2.88 per 100G",
    "COL Size": "125g"
  },
  {
    "Brand_Product_Size": "Ecostore Baby Bodywash 500mL",
    "COL Price": 14,
    "COL ppu": "$2.80 per 100mL",
    "COL Size": "500mL"
  },
  {
    "Brand_Product_Size": "Coles Deli Thawed Cooked Peeled Prawns Cutlets approx. 250g",
    "COL Price": 7.25,
    "COL ppu": "$29.00 per 1Kg",
    "COL Size": "approx. 250g"
  },
  {
    "Brand_Product_Size": "Bounce Gluten Free Plant Protein Almond Butter Energy Ball 42g",
    "COL Price": 2,
    "COL ppu": "$0.48 per 10G",
    "COL Size": "42g"
  },
  {
    "Brand_Product_Size": "Sun Swallow Beancurd Stick 180g",
    "COL Price": 4.8,
    "COL ppu": "$2.67 per 100G",
    "COL Size": "180g"
  },
  {
    "Brand_Product_Size": "Three Threes Stuffed Olives 500g",
    "COL Price": 3.7,
    "COL ppu": "$7.40 per 1Kg",
    "COL Size": "500g"
  },
  {
    "Brand_Product_Size": "Wild Tides Sweet Chilli Fished Tuna 95g",
    "COL Price": 1,
    "COL ppu": "$1.05 per 100G",
    "COL Size": "95g"
  },
  {
    "Brand_Product_Size": "Lindt Lindor Milk Chocolate Balls Gift Box 125g",
    "COL Price": 6,
    "COL ppu": "$4.80 per 100G",
    "COL Size": "125g"
  },
  {
    "Brand_Product_Size": "Plant Life Food Co Vegan Herbed Mayo 240g",
    "COL Price": 4.5,
    "COL ppu": "$1.88 per 100G",
    "COL Size": "240g"
  },
  {
    "Brand_Product_Size": "Cook & Dine Measuring Spoon each",
    "COL Price": 5,
    "COL ppu": "$5.00 per 1Ea",
    "COL Size": "each"
  },
  {
    "Brand_Product_Size": "Razzamatazza Luxe Knee-Hi Pantyhose Natural Size 1 1 pack",
    "COL Price": 6,
    "COL ppu": "",
    "COL Size": "1 pack"
  },
  {
    "Brand_Product_Size": "Natural Chip Co. Sea Salt & Cracked Pepper Potato Chips 175g",
    "COL Price": 3.5,
    "COL ppu": "$2.00 per 100G",
    "COL Size": "175g"
  },
  {
    "Brand_Product_Size": "Bic Cristal Original Pens Black 10 pack",
    "COL Price": 4,
    "COL ppu": "$0.40 per 1Ea",
    "COL Size": "10 pack"
  },
  {
    "Brand_Product_Size": "Buderim Ginger Uncrystalised Naked Sweet Ginger 200g",
    "COL Price": 4.35,
    "COL ppu": "$21.75 per 1Kg",
    "COL Size": "200g"
  },
  {
    "Brand_Product_Size": "Gatorade Lemon Lime Sports Drink 600mL",
    "COL Price": 2.15,
    "COL ppu": "$3.58 per 1L",
    "COL Size": "600mL"
  },
  {
    "Brand_Product_Size": "Kellogg's LCMs Coco Pops Chocolatey Puffed Rice Snack Bars 6 pack 132g",
    "COL Price": 4,
    "COL ppu": "$3.03 per 100G",
    "COL Size": "132g"
  },
  {
    "Brand_Product_Size": "Coles Summer Fruits Muesli 750g",
    "COL Price": 3.1,
    "COL ppu": "$0.41 per 100G",
    "COL Size": "750g"
  },
  {
    "Brand_Product_Size": "Botanica Fresh Pineapple & Tunisian Rosemary Reed Diffuser 80mL",
    "COL Price": 8.25,
    "COL ppu": "$10.31 per 100mL",
    "COL Size": "80mL"
  },
  {
    "Brand_Product_Size": "Arnott's Orange Slice Biscuits 250g",
    "COL Price": 3,
    "COL ppu": "$1.20 per 100G",
    "COL Size": "250g"
  },
  {
    "Brand_Product_Size": "L'Oreal Men Expert Hydra Energetic All in One Moisturiser 75mL",
    "COL Price": 7.5,
    "COL ppu": "$10.00 per 100mL",
    "COL Size": "75mL"
  },
  {
    "Brand_Product_Size": "Oral-B Essential Waxed Dental Floss 2x50m",
    "COL Price": 4.09,
    "COL ppu": "$0.04 per 1M",
    "COL Size": "2x50m"
  },
  {
    "Brand_Product_Size": "Dreambaby Room & Bath Thermometer each",
    "COL Price": 14.4,
    "COL ppu": "$14.40 per 1Ea",
    "COL Size": "each"
  },
  {
    "Brand_Product_Size": "Peters Drumstick Caramel Swirl Ice Cream Cones 4 pack 475mL",
    "COL Price": 5,
    "COL ppu": "$1.05 per 100mL",
    "COL Size": "475mL"
  },
  {
    "Brand_Product_Size": "Nature's Gift Sustain Beef Dry Dog Food 6kg",
    "COL Price": 18,
    "COL ppu": "$3.00 per 1Kg",
    "COL Size": "6kg"
  },
  {
    "Brand_Product_Size": "Twisties Cheese 90g",
    "COL Price": 1.5,
    "COL ppu": "$1.67 per 100G",
    "COL Size": "90g"
  },
  {
    "Brand_Product_Size": "MasterFoods Garlic & Herb No Added Salt Seasoning 37g",
    "COL Price": 2.9,
    "COL ppu": "$0.78 per 10G",
    "COL Size": "37g"
  },
  {
    "Brand_Product_Size": "Norsca Clear Passion Flower Antiperspirant Deodorant 150g",
    "COL Price": 3,
    "COL ppu": "$1.22 per 100mL",
    "COL Size": "150g"
  },
  {
    "Brand_Product_Size": "Kan Tong Thai Green Curry Paste 125g",
    "COL Price": 2.9,
    "COL ppu": "$2.32 per 100G",
    "COL Size": "125g"
  },
  {
    "Brand_Product_Size": "L'Oreal True Match Rose Ivory Concealer 6.8mL",
    "COL Price": 14,
    "COL ppu": "$20.59 per 10mL",
    "COL Size": "6.8mL"
  },
  {
    "Brand_Product_Size": "Dr. Oetker Frozen Ristorante Quattro Formaggi Pizza 340g",
    "COL Price": 7.9,
    "COL ppu": "$2.32 per 100G",
    "COL Size": "340g"
  },
  {
    "Brand_Product_Size": "Kettle Sweet Chilli & Sour Cream Potato Chips 175g",
    "COL Price": 4.65,
    "COL ppu": "$2.66 per 100G",
    "COL Size": "175g"
  },
  {
    "Brand_Product_Size": "Ozkleen BBQ Kleen 500mL",
    "COL Price": 8.5,
    "COL ppu": "$1.70 per 100mL",
    "COL Size": "500mL"
  },
  {
    "Brand_Product_Size": "Guylian Assortment Belgian Chocolates 305g",
    "COL Price": 18,
    "COL ppu": "$5.90 per 100G",
    "COL Size": "305g"
  },
  {
    "Brand_Product_Size": "Mix Regular Pantyhose 15 Denier Black Tall/ X-Tall 4 pack",
    "COL Price": 5,
    "COL ppu": "$1.25 per 1Ea",
    "COL Size": "4 pack"
  },
  {
    "Brand_Product_Size": "Cadbury Crunchie Bites Tub 340g",
    "COL Price": 12,
    "COL ppu": "$3.53 per 100G",
    "COL Size": "340g"
  },
  {
    "Brand_Product_Size": "Easiyo Black Yoghurt Maker each",
    "COL Price": 25,
    "COL ppu": "$25.00 per 1Ea",
    "COL Size": "each"
  },
  {
    "Brand_Product_Size": "McCain Delish Golden Ale Flavour Chips 600g",
    "COL Price": 4,
    "COL ppu": "$6.67 per 1Kg",
    "COL Size": "600g"
  },
  {
    "Brand_Product_Size": "Coles Dried Pitted Prunes 1kg",
    "COL Price": 9,
    "COL ppu": "$9.00 per 1Kg",
    "COL Size": "1kg"
  },
  {
    "Brand_Product_Size": "Betty Crocker Chocolate Fudge Cake Mix 540g",
    "COL Price": 5.2,
    "COL ppu": "$0.96 per 100G",
    "COL Size": "540g"
  },
  {
    "Brand_Product_Size": "Prochef Coconut Oil Spray 260g",
    "COL Price": 5,
    "COL ppu": "$1.92 per 100G",
    "COL Size": "260g"
  },
  {
    "Brand_Product_Size": "Coles Micro Greens Parsley each",
    "COL Price": 3.3,
    "COL ppu": "$3.30 per 1Ea",
    "COL Size": "each"
  },
  {
    "Brand_Product_Size": "Dilmah Pure Ceylon Premium Loose Leaf Tea 250g",
    "COL Price": 5.3,
    "COL ppu": "$2.12 per 100G",
    "COL Size": "250g"
  },
  {
    "Brand_Product_Size": "Coles Chocolate Coated Almonds 190g",
    "COL Price": 2,
    "COL ppu": "$1.05 per 100G",
    "COL Size": "190g"
  },
  {
    "Brand_Product_Size": "Coles Deli Salads Tub Jumbo Classic Pasta each",
    "COL Price": 10,
    "COL ppu": "$10.00 per 1Ea",
    "COL Size": "each"
  },
  {
    "Brand_Product_Size": "Coles Italian Whole Peeled Tomatoes 400g",
    "COL Price": 0.8,
    "COL ppu": "$2.00 per 1Kg",
    "COL Size": "400g"
  },
  {
    "Brand_Product_Size": "Orgran Superfood Kale Quinoa Brown Rice Penne Pasta 250g",
    "COL Price": 4,
    "COL ppu": "$1.60 per 100G",
    "COL Size": "250g"
  },
  {
    "Brand_Product_Size": "Maybelline Hyper Sharp Black Wing Liquid Liner 0.55mL",
    "COL Price": 12.6,
    "COL ppu": "$229.09 per 10mL",
    "COL Size": "0.55mL"
  },
  {
    "Brand_Product_Size": "Balconi Mix Max Cocoa Cakes 10 pack 350g",
    "COL Price": 5.5,
    "COL ppu": "$1.57 per 100G",
    "COL Size": "350g"
  },
  {
    "Brand_Product_Size": "Cook & Dine Drink Bottle 500mL each",
    "COL Price": 4,
    "COL ppu": "$4.00 per 1Ea",
    "COL Size": "each"
  },
  {
    "Brand_Product_Size": "Coles Light Thickened Cream 300mL",
    "COL Price": 1.9,
    "COL ppu": "$0.63 per 100mL",
    "COL Size": "300mL"
  },
  {
    "Brand_Product_Size": "Campbell's Chunky Chicken Roast Vegetable Soup Can 505g",
    "COL Price": 3.5,
    "COL ppu": "$0.69 per 100G",
    "COL Size": "505g"
  },
  {
    "Brand_Product_Size": "Coles Frozen Party Pies 24 Pack 1.1kg",
    "COL Price": 6.2,
    "COL ppu": "$5.64 per 1Kg",
    "COL Size": "1.1kg"
  },
  {
    "Brand_Product_Size": "Dole Pineapple Chunks In Juice 227g",
    "COL Price": 1.3,
    "COL ppu": "$5.73 per 1Kg",
    "COL Size": "227g"
  },
  {
    "Brand_Product_Size": "Lavazza Prontissimo Intenso Instant Coffee 95g",
    "COL Price": 10,
    "COL ppu": "$10.53 per 100G",
    "COL Size": "95g"
  },
  {
    "Brand_Product_Size": "Garlos Lean Beef Pie 200g",
    "COL Price": 4,
    "COL ppu": "$2.00 per 100G",
    "COL Size": "200g"
  },
  {
    "Brand_Product_Size": "Poise Ultrathins Super Light Pads 12 pack",
    "COL Price": 5,
    "COL ppu": "$0.42 per 1Ea",
    "COL Size": "12 pack"
  },
  {
    "Brand_Product_Size": "Five Tastes Massaman Curry Paste 210g",
    "COL Price": 3,
    "COL ppu": "$1.43 per 100G",
    "COL Size": "210g"
  },
  {
    "Brand_Product_Size": "Kirks Sugar Free Creaming Soda Multipack Cans 375mL 10 pack",
    "COL Price": 6.2,
    "COL ppu": "$1.65 per 1L",
    "COL Size": "10 pack"
  },
  {
    "Brand_Product_Size": "Nuttelex Pulse Buttery Spread 500g",
    "COL Price": 4,
    "COL ppu": "$0.80 per 100G",
    "COL Size": "500g"
  },
  {
    "Brand_Product_Size": "Nestle Milky Bar Chocolate Whirl Medium Bar 45g",
    "COL Price": 2,
    "COL ppu": "$4.44 per 100G",
    "COL Size": "45g"
  },
  {
    "Brand_Product_Size": "Coles Ultra glide Metallic Ironing Board Cover Pattern 1 pack",
    "COL Price": 12.6,
    "COL ppu": "$12.60 per 1Ea",
    "COL Size": "1 pack"
  },
  {
    "Brand_Product_Size": "Coles Toasted Original Muesli 750g",
    "COL Price": 3.1,
    "COL ppu": "$0.41 per 100G",
    "COL Size": "750g"
  },
  {
    "Brand_Product_Size": "Colman's Old English Mustard 100g",
    "COL Price": 4.3,
    "COL ppu": "$4.30 per 100G",
    "COL Size": "100g"
  },
  {
    "Brand_Product_Size": "Cub Baby Cotton Buds 1 pack",
    "COL Price": 2.5,
    "COL ppu": "",
    "COL Size": "1 pack"
  },
  {
    "Brand_Product_Size": "Coles Deli Small Greek Salad each",
    "COL Price": 5,
    "COL ppu": "$5.00 per 1Ea",
    "COL Size": "each"
  },
  {
    "Brand_Product_Size": "Danone The Ultimate Tropical Mango Yoghurt 4x115g 4 pack",
    "COL Price": 4.5,
    "COL ppu": "$0.98 per 100G",
    "COL Size": "4 pack"
  },
  {
    "Brand_Product_Size": "Reese's Peanut Butter Round Sandwich 3 Pack 441mL",
    "COL Price": 6,
    "COL ppu": "$1.36 per 100mL",
    "COL Size": "441mL"
  },
  {
    "Brand_Product_Size": "Dolmio Oven Bake Sauce Mediterranean Style Chicken 175g",
    "COL Price": 2.9,
    "COL ppu": "$1.66 per 100G",
    "COL Size": "175g"
  },
  {
    "Brand_Product_Size": "Coles Natural Almonds Prepacked 400g",
    "COL Price": 9,
    "COL ppu": "$22.50 per 1Kg",
    "COL Size": "400g"
  },
  {
    "Brand_Product_Size": "Coles Antibacterial Lime Fresh Hand Wash 250mL",
    "COL Price": 1.5,
    "COL ppu": "$0.60 per 100mL",
    "COL Size": "250mL"
  },
  {
    "Brand_Product_Size": "Coles Orange Juice Multipack 250mL 6 pack",
    "COL Price": 2.9,
    "COL ppu": "$1.93 per 1L",
    "COL Size": "6 pack"
  },
  {
    "Brand_Product_Size": "Coles Frozen Crinkle Cut Potato Chips 1kg",
    "COL Price": 1.9,
    "COL ppu": "$1.90 per 1Kg",
    "COL Size": "1kg"
  },
  {
    "Brand_Product_Size": "Coles Tomato Sauce Spaghetti 420g",
    "COL Price": 0.9,
    "COL ppu": "$0.21 per 100G",
    "COL Size": "420g"
  },
  {
    "Brand_Product_Size": "Pitango Ginger Miso Chicken Meal 350g",
    "COL Price": 9.95,
    "COL ppu": "$2.84 per 100G",
    "COL Size": "350g"
  },
  {
    "Brand_Product_Size": "Pace Farm Free Range Natural Living Extra Large Eggs 12 pack 800g",
    "COL Price": 6.5,
    "COL ppu": "$0.81 per 100G",
    "COL Size": "800g"
  },
  {
    "Brand_Product_Size": "Huggies Ultra Dry Nappy Pants For Girls 9-14 Kg Size 4 29 pack",
    "COL Price": 17,
    "COL ppu": "$0.59 per 1Ea",
    "COL Size": "29 pack"
  },
  {
    "Brand_Product_Size": "Coles Primo HGP Free Silverside approx. 130g",
    "COL Price": 2.34,
    "COL ppu": "$18.00 per 1Kg",
    "COL Size": "approx. 130g"
  },
  {
    "Brand_Product_Size": "Tom & Luke Snackaballs Salted Caramel Pot 224g",
    "COL Price": 7,
    "COL ppu": "$3.13 per 100G",
    "COL Size": "224g"
  },
  {
    "Brand_Product_Size": "Freedom Foods Xo Crunch Berry Flavour 245g",
    "COL Price": 4,
    "COL ppu": "$1.63 per 100G",
    "COL Size": "245g"
  },
  {
    "Brand_Product_Size": "Naturally Wild Crocodile Tail Steak 250g",
    "COL Price": 13,
    "COL ppu": "$52.00 per 1Kg",
    "COL Size": "250g"
  },
  {
    "Brand_Product_Size": "Coles Cheeseburger Chicken Bites 400g",
    "COL Price": 6.5,
    "COL ppu": "$16.25 per 1Kg",
    "COL Size": "400g"
  },
  {
    "Brand_Product_Size": "Kinor Rose Grape Juice 750mL",
    "COL Price": 6.15,
    "COL ppu": "$8.20 per 1L",
    "COL Size": "750mL"
  },
  {
    "Brand_Product_Size": "Coles Superfood Leaf Blend 150g",
    "COL Price": 3,
    "COL ppu": "$20.00 per 1Kg",
    "COL Size": "150g"
  },
  {
    "Brand_Product_Size": "Mt Franklin Lightly Sparkling Lime Water 375 mL 10 pack",
    "COL Price": 13.75,
    "COL ppu": "$3.67 per 1L",
    "COL Size": "10 pack"
  },
  {
    "Brand_Product_Size": "Coles Whole Baby Potatoes 410g",
    "COL Price": 1.6,
    "COL ppu": "$3.90 per 1Kg",
    "COL Size": "410g"
  },
  {
    "Brand_Product_Size": "Master Crackles Oven Baked Pork Crackle Sea Salt 50g",
    "COL Price": 2,
    "COL ppu": "$4.00 per 100G",
    "COL Size": "50g"
  },
  {
    "Brand_Product_Size": "Devondale Skim Long Life Milk 6 pack 1.2L",
    "COL Price": 3.2,
    "COL ppu": "$2.67 per 1L",
    "COL Size": "1.2L"
  },
  {
    "Brand_Product_Size": "Nivea Men Silver Protect Antiperspirant Roll On Deodorant 50mL",
    "COL Price": 3.5,
    "COL ppu": "$7.00 per 100mL",
    "COL Size": "50mL"
  },
  {
    "Brand_Product_Size": "Coles Coconut Chilli Lime Microwave Rice Pouch 250g",
    "COL Price": 2.5,
    "COL ppu": "$1.00 per 100G",
    "COL Size": "250g"
  },
  {
    "Brand_Product_Size": "Passage Foods Passage To India Saag Curry Simmer Sauce 375g",
    "COL Price": 2.35,
    "COL ppu": "$0.63 per 100G",
    "COL Size": "375g"
  },
  {
    "Brand_Product_Size": "Nature's Way Odourless Fish Oil 1500mg Capsules 200 pack",
    "COL Price": 20,
    "COL ppu": "$0.10 per 1Ea",
    "COL Size": "200 pack"
  },
  {
    "Brand_Product_Size": "Streets Dairy Free Magnum Classic 3 pack 270mL",
    "COL Price": 7,
    "COL ppu": "$2.59 per 100mL",
    "COL Size": "270mL"
  },
  {
    "Brand_Product_Size": "Coles Blueberry Yoghurt Pouch 70g",
    "COL Price": 0.75,
    "COL ppu": "$1.07 per 100G",
    "COL Size": "70g"
  },
  {
    "Brand_Product_Size": "COYO Vanilla Probiotic Coconut Milk Kefir 250mL",
    "COL Price": 4.9,
    "COL ppu": "$19.60 per 1L",
    "COL Size": "250mL"
  },
  {
    "Brand_Product_Size": "Abbott's Village Bakery Gluten Free Soy & Linseed Bread 500g",
    "COL Price": 6,
    "COL ppu": "$1.20 per 100G",
    "COL Size": "500g"
  },
  {
    "Brand_Product_Size": "Harpic Fresh Power6 Toilet Cleaner Marine Splash 39g",
    "COL Price": 5,
    "COL ppu": "$12.82 per 100G",
    "COL Size": "39g"
  },
  {
    "Brand_Product_Size": "Coles Cherry Field Tomatoes Prepacked 250g",
    "COL Price": 2.5,
    "COL ppu": "$10.00 per 1Kg",
    "COL Size": "250g"
  },
  {
    "Brand_Product_Size": "Continental Kosher Butchers Beef Bolar Blade approx. 1.2kg",
    "COL Price": 45.6,
    "COL ppu": "$38.00 per 1Kg",
    "COL Size": "approx. 1.2kg"
  },
  {
    "Brand_Product_Size": "Well Naturally Chocolate Orange Bar Sugar Free 45g",
    "COL Price": 2.85,
    "COL ppu": "$6.33 per 100G",
    "COL Size": "45g"
  },
  {
    "Brand_Product_Size": "Coles Organic Whole Peeled Italian Tomatoes 400g",
    "COL Price": 1.2,
    "COL ppu": "$3.00 per 1Kg",
    "COL Size": "400g"
  },
  {
    "Brand_Product_Size": "Garlos Sausage Roll 200g",
    "COL Price": 4,
    "COL ppu": "$2.00 per 100G",
    "COL Size": "200g"
  },
  {
    "Brand_Product_Size": "Artisan Sour Red Cherries 90g",
    "COL Price": 7,
    "COL ppu": "$77.79 per 1Kg",
    "COL Size": "90g"
  },
  {
    "Brand_Product_Size": "Maharajah's Choice Poha Rice Flakes 500g",
    "COL Price": 1.55,
    "COL ppu": "$0.31 per 100G",
    "COL Size": "500g"
  },
  {
    "Brand_Product_Size": "Coles Finest Leg Ham approx. 125g",
    "COL Price": 4.625,
    "COL ppu": "$37.00 per 1Kg",
    "COL Size": "approx. 125g"
  },
  {
    "Brand_Product_Size": "Coles Ultra Dishwashing Liquid Lychee & Lime Blossom 900mL",
    "COL Price": 2.7,
    "COL ppu": "$0.30 per 100mL",
    "COL Size": "900mL"
  },
  {
    "Brand_Product_Size": "Wellness Road Organic White Quinoa 500g",
    "COL Price": 7,
    "COL ppu": "$1.40 per 100G",
    "COL Size": "500g"
  },
  {
    "Brand_Product_Size": "Marcel Petit Comte approx. 100g",
    "COL Price": 7.5,
    "COL ppu": "$75.00 per 1Kg",
    "COL Size": "approx. 100g"
  },
  {
    "Brand_Product_Size": "Fruit Co Juice Plus + 10 Fruits 2L",
    "COL Price": 2.75,
    "COL ppu": "$1.38 per 1L",
    "COL Size": "2L"
  },
  {
    "Brand_Product_Size": "Tommee Tippee Closer To Nature Teats 3-6 Months 2 pack",
    "COL Price": 7.7,
    "COL ppu": "$3.85 per 1Ea",
    "COL Size": "2 pack"
  },
  {
    "Brand_Product_Size": "Fountain Sweet Chilli Sauce 250mL",
    "COL Price": 2.7,
    "COL ppu": "$1.08 per 100mL",
    "COL Size": "250mL"
  },
  {
    "Brand_Product_Size": "Wai Wai Oriental Style Instant Noodles 60g",
    "COL Price": 0.65,
    "COL ppu": "$1.08 per 100G",
    "COL Size": "60g"
  },
  {
    "Brand_Product_Size": "Kleenex Single Pocket Ultra Soft Facial Tissue 9 pack",
    "COL Price": 0.75,
    "COL ppu": "$8.33 per 100Ea",
    "COL Size": "9 pack"
  },
  {
    "Brand_Product_Size": "Twinings Cold Water Infusions Live Well Uplift 12 pack",
    "COL Price": 6.5,
    "COL ppu": "$0.54 per 1Ea",
    "COL Size": "12 pack"
  },
  {
    "Brand_Product_Size": "Coles Bake & Create Bubblegum Sprinkles 85g",
    "COL Price": 3,
    "COL ppu": "$3.53 per 100G",
    "COL Size": "85g"
  },
  {
    "Brand_Product_Size": "Coles Custard Cream Biscuits 200g",
    "COL Price": 1,
    "COL ppu": "$0.50 per 100G",
    "COL Size": "200g"
  },
  {
    "Brand_Product_Size": "Jordans Crispy Oat Clusters Strawberry 500g",
    "COL Price": 3.5,
    "COL ppu": "$0.70 per 100G",
    "COL Size": "500g"
  },
  {
    "Brand_Product_Size": "Lindt Excellence Sea Salt  Dark Chocolate Block 100g",
    "COL Price": 4.5,
    "COL ppu": "$4.50 per 100G",
    "COL Size": "100g"
  },
  {
    "Brand_Product_Size": "Praise Whole Egg Mayonnaise 670g",
    "COL Price": 6,
    "COL ppu": "$0.90 per 100G",
    "COL Size": "670g"
  },
  {
    "Brand_Product_Size": "Sugarine Sweetener Tablets 600 pack",
    "COL Price": 5.7,
    "COL ppu": "$0.01 per 1Ea",
    "COL Size": "600 pack"
  },
  {
    "Brand_Product_Size": "Smiths Fun Mix Chips 20 Pack 375g",
    "COL Price": 5.5,
    "COL ppu": "$1.47 per 100G",
    "COL Size": "375g"
  },
  {
    "Brand_Product_Size": "Coles Vegan Pork Less Belly Bites 128g",
    "COL Price": 6,
    "COL ppu": "$4.69 per 100G",
    "COL Size": "128g"
  },
  {
    "Brand_Product_Size": "Schick Hydro 3 Blade Kit 6 pack",
    "COL Price": 7.5,
    "COL ppu": "$1.25 per 1Ea",
    "COL Size": "6 pack"
  },
  {
    "Brand_Product_Size": "Farmer Jo Salted Maple Baked Muesli 400g",
    "COL Price": 8,
    "COL ppu": "$2.00 per 100G",
    "COL Size": "400g"
  },
  {
    "Brand_Product_Size": "Imodium Advanced Tablets 6 pack",
    "COL Price": 11,
    "COL ppu": "$1.83 per 1Ea",
    "COL Size": "6 pack"
  },
  {
    "Brand_Product_Size": "John West Wild Alaskan Red Salmon 415g",
    "COL Price": 13,
    "COL ppu": "$31.33 per 1Kg",
    "COL Size": "415g"
  },
  {
    "Brand_Product_Size": "Sirena Smoke Infused Oil Tuna Can 95g",
    "COL Price": 2.7,
    "COL ppu": "$28.42 per 1Kg",
    "COL Size": "95g"
  },
  {
    "Brand_Product_Size": "Nivea Men Invisible Black & White Fresh Roll On Antiperspirant Deodorant 50mL",
    "COL Price": 3.5,
    "COL ppu": "$7.00 per 100mL",
    "COL Size": "50mL"
  },
  {
    "Brand_Product_Size": "Tasmanian Heritage White Pearl Camembert approx. 100g",
    "COL Price": 4.5,
    "COL ppu": "$45.00 per 1Kg",
    "COL Size": "approx. 100g"
  },
  {
    "Brand_Product_Size": "Multix Non Stick Aluminium Foil Wrap 30cm 10m",
    "COL Price": 2.4,
    "COL ppu": "$0.24 per 1M",
    "COL Size": "10m"
  },
  {
    "Brand_Product_Size": "Lean Cuisine Honey Ginger Chicken 350g",
    "COL Price": 8.5,
    "COL ppu": "$2.43 per 100G",
    "COL Size": "350g"
  },
  {
    "Brand_Product_Size": "Coles Apple & Blackcurrant Juice Multipack 250mL 6 pack",
    "COL Price": 2.9,
    "COL ppu": "$1.93 per 1L",
    "COL Size": "6 pack"
  },
  {
    "Brand_Product_Size": "Nivea Express Hydration Body Lotion Moisturiser 400mL",
    "COL Price": 8,
    "COL ppu": "$2.00 per 100mL",
    "COL Size": "400mL"
  },
  {
    "Brand_Product_Size": "Brut Original Roll On Deodorant each",
    "COL Price": 2,
    "COL ppu": "$4.00 per 100mL",
    "COL Size": "each"
  },
  {
    "Brand_Product_Size": "Coles Deli Express Capocollo 80g",
    "COL Price": 6,
    "COL ppu": "$75.00 per 1Kg",
    "COL Size": "80g"
  },
  {
    "Brand_Product_Size": "Hoyts Parsley 15g",
    "COL Price": 1.75,
    "COL ppu": "$1.17 per 10G",
    "COL Size": "15g"
  },
  {
    "Brand_Product_Size": "Gourmet Garden Mild Chilli Stir In Paste 80g",
    "COL Price": 3.5,
    "COL ppu": "$0.44 per 10G",
    "COL Size": "80g"
  },
  {
    "Brand_Product_Size": "Black Swan Classic Jalapeno Tzatziki Dip 200g",
    "COL Price": 3.5,
    "COL ppu": "$1.75 per 100G",
    "COL Size": "200g"
  },
  {
    "Brand_Product_Size": "Soothers Butter-Menthol Honey & Lemon Liquid Centres Medicated Throat Lozenges 10 pack",
    "COL Price": 2.2,
    "COL ppu": "$0.22 per 1Ea",
    "COL Size": "10 pack"
  },
  {
    "Brand_Product_Size": "Comfort Rosy Blush Fabric Softener 800mL",
    "COL Price": 7,
    "COL ppu": "$8.75 per 1L",
    "COL Size": "800mL"
  },
  {
    "Brand_Product_Size": "Rexona Men Antiperspirant Clean Scent Roll On 50mL",
    "COL Price": 8,
    "COL ppu": "$16.00 per 100mL",
    "COL Size": "50mL"
  },
  {
    "Brand_Product_Size": "Bega Tasty Natural Cheese Slices 30 pack 500g",
    "COL Price": 9,
    "COL ppu": "$18.00 per 1Kg",
    "COL Size": "500g"
  },
  {
    "Brand_Product_Size": "Starbucks Nescafe Dolce Gusto Capsules Espresso Blonde Roast 12 pack",
    "COL Price": 5,
    "COL ppu": "$0.42 per 1Ea",
    "COL Size": "12 pack"
  },
  {
    "Brand_Product_Size": "Helga's Digestive Wellbeing Barley Wholemeal Loaf 700g",
    "COL Price": 4.2,
    "COL ppu": "$0.60 per 100G",
    "COL Size": "700g"
  },
  {
    "Brand_Product_Size": "Coles Pikelets 8 Pack 200g",
    "COL Price": 2,
    "COL ppu": "$1.00 per 100G",
    "COL Size": "200g"
  },
  {
    "Brand_Product_Size": "Grillman BBQ Medium Aluminium Trays 3 pack",
    "COL Price": 4,
    "COL ppu": "$1.33 per 1Ea",
    "COL Size": "3 pack"
  },
  {
    "Brand_Product_Size": "Sara Lee Sticky Date Ice Cream 1L",
    "COL Price": 10,
    "COL ppu": "$10.00 per 1L",
    "COL Size": "1L"
  },
  {
    "Brand_Product_Size": "Nature's Way Glucosamine + Chondroitin Tablets 90 pack",
    "COL Price": 30,
    "COL ppu": "$0.33 per 1Ea",
    "COL Size": "90 pack"
  },
  {
    "Brand_Product_Size": "Hawaiian Tropic Sunless Tan Foam Light/Medium 200mL",
    "COL Price": 19,
    "COL ppu": "$9.50 per 100mL",
    "COL Size": "200mL"
  },
  {
    "Brand_Product_Size": "Trident Thai Chicken Noodle Soup 50g",
    "COL Price": 1.1,
    "COL ppu": "$2.20 per 100G",
    "COL Size": "50g"
  },
  {
    "Brand_Product_Size": "Sharwood's Korean BBQ Asian Pouch 250g",
    "COL Price": 3.5,
    "COL ppu": "$1.40 per 100G",
    "COL Size": "250g"
  },
  {
    "Brand_Product_Size": "Garlos Satay Chicken Pie 200g",
    "COL Price": 4.5,
    "COL ppu": "$2.25 per 100G",
    "COL Size": "200g"
  },
  {
    "Brand_Product_Size": "Coles Bakery Stone Baked By Laurent Mini Olive Pane Di Casa each",
    "COL Price": 2.85,
    "COL ppu": "$2.85 per 1Ea",
    "COL Size": "each"
  },
  {
    "Brand_Product_Size": "Trident Sweet Chilli Sauce 285mL",
    "COL Price": 3,
    "COL ppu": "$1.05 per 100mL",
    "COL Size": "285mL"
  },
  {
    "Brand_Product_Size": "Cadbury Dairy Milk Fruit and Nut Chocolate Block 180g",
    "COL Price": 5,
    "COL ppu": "$2.78 per 100G",
    "COL Size": "180g"
  },
  {
    "Brand_Product_Size": "Coles Kitchen Spaghetti Carbonara 350g",
    "COL Price": 7.5,
    "COL ppu": "$2.14 per 100G",
    "COL Size": "350g"
  },
  {
    "Brand_Product_Size": "Dolmio Extra Red Wine & Italian Herbs Pasta Sauce 500g",
    "COL Price": 1.64,
    "COL ppu": "$0.33 per 100G",
    "COL Size": "500g"
  },
  {
    "Brand_Product_Size": "Lindt Les Grandes Block Milk Hazelnut & Caramel 150g",
    "COL Price": 5.5,
    "COL ppu": "$3.67 per 100G",
    "COL Size": "150g"
  },
  {
    "Brand_Product_Size": "Coles Frozen Straight Cut Potato Chips 1kg",
    "COL Price": 1.9,
    "COL ppu": "$1.90 per 1Kg",
    "COL Size": "1kg"
  },
  {
    "Brand_Product_Size": "Kettle Sea Salt Flat Bread Crackers 150g",
    "COL Price": 3.5,
    "COL ppu": "$2.33 per 100G",
    "COL Size": "150g"
  },
  {
    "Brand_Product_Size": "Garnier Pure Charcoal Tissue Mask 28g",
    "COL Price": 3,
    "COL ppu": "$1.07 per 10G",
    "COL Size": "28g"
  },
  {
    "Brand_Product_Size": "OB Finest Cranberry & Pumpkin Seed Crackers 150g",
    "COL Price": 6,
    "COL ppu": "$4.00 per 100G",
    "COL Size": "150g"
  },
  {
    "Brand_Product_Size": "Herbert Adams Quiche Pumpkin Parmesan Spinach 200g",
    "COL Price": 5.5,
    "COL ppu": "$2.75 per 100G",
    "COL Size": "200g"
  },
  {
    "Brand_Product_Size": "Sirena Basil Infused Tuna 95g",
    "COL Price": 2.7,
    "COL ppu": "$28.42 per 1Kg",
    "COL Size": "95g"
  },
  {
    "Brand_Product_Size": "Barilla Penne Lisce Pasta No 71 500g",
    "COL Price": 2,
    "COL ppu": "$0.40 per 100G",
    "COL Size": "500g"
  },
  {
    "Brand_Product_Size": "Ajishima Freeze Dried Miso Soup With Fungi 12g",
    "COL Price": 2.6,
    "COL ppu": "$2.17 per 10G",
    "COL Size": "12g"
  },
  {
    "Brand_Product_Size": "Kettle Sweet Chilli & Sour Cream Potato Chips 175g",
    "COL Price": 4.65,
    "COL ppu": "$2.66 per 100G",
    "COL Size": "175g"
  },
  {
    "Brand_Product_Size": "Halo Top Oat Milk Chocolate Caramel Pretzel 473mL",
    "COL Price": 9,
    "COL ppu": "$1.90 per 100mL",
    "COL Size": "473mL"
  },
  {
    "Brand_Product_Size": "Buono Mochi Ice Chocolate 156g",
    "COL Price": 5.6,
    "COL ppu": "$3.59 per 100G",
    "COL Size": "156g"
  },
  {
    "Brand_Product_Size": "Bosisto's Sensitive Laundry Powder 1kg",
    "COL Price": 7.7,
    "COL ppu": "$7.70 per 1Kg",
    "COL Size": "1kg"
  },
  {
    "Brand_Product_Size": "Coles Pavlova 500g",
    "COL Price": 8,
    "COL ppu": "$1.60 per 100G",
    "COL Size": "500g"
  },
  {
    "Brand_Product_Size": "Pana White Hazelnut 80g",
    "COL Price": 9,
    "COL ppu": "$11.25 per 100G",
    "COL Size": "80g"
  },
  {
    "Brand_Product_Size": "Planet Food Organic Almond Flour 275g",
    "COL Price": 12,
    "COL ppu": "$43.64 per 1Kg",
    "COL Size": "275g"
  },
  {
    "Brand_Product_Size": "Sally Hansen Miracle Gel Regal Rose Nail Polish 14.7mL",
    "COL Price": 17,
    "COL ppu": "$11.56 per 10mL",
    "COL Size": "14.7mL"
  },
  {
    "Brand_Product_Size": "Coles Refried Beans 454g",
    "COL Price": 2.1,
    "COL ppu": "$0.46 per 100G",
    "COL Size": "454g"
  },
  {
    "Brand_Product_Size": "Coles Nature's Kitchen Hoisin Jackfruit Bao Buns 168g",
    "COL Price": 6,
    "COL ppu": "$3.57 per 100G",
    "COL Size": "168g"
  },
  {
    "Brand_Product_Size": "Obela Zesty Jalapeno Hommus Dip 220g",
    "COL Price": 4.5,
    "COL ppu": "$2.05 per 100G",
    "COL Size": "220g"
  },
  {
    "Brand_Product_Size": "Harpic Fresh Power Toilet Cleaner Tropical Blossom 700mL",
    "COL Price": 5,
    "COL ppu": "$0.71 per 100mL",
    "COL Size": "700mL"
  },
  {
    "Brand_Product_Size": "Maybelline Dream Radiant Liquid Foundation Sandy Beige 30mL",
    "COL Price": 17.5,
    "COL ppu": "$5.83 per 10mL",
    "COL Size": "30mL"
  },
  {
    "Brand_Product_Size": "Coles Kitchen Tidy Bag Large 25 pack",
    "COL Price": 2,
    "COL ppu": "$0.08 per 1Ea",
    "COL Size": "25 pack"
  },
  {
    "Brand_Product_Size": "Sabco Latex Heavy Duty Gloves Large 1 pack",
    "COL Price": 3,
    "COL ppu": "$3.00 per 1Ea",
    "COL Size": "1 pack"
  },
  {
    "Brand_Product_Size": "Sweet William Chocolate Rice Crackle Bar Dairy Free 50g",
    "COL Price": 2,
    "COL ppu": "$4.00 per 100G",
    "COL Size": "50g"
  },
  {
    "Brand_Product_Size": "Organic Choice Black Orchid & Smoked Sandalwood Air Freshener 200mL",
    "COL Price": 5,
    "COL ppu": "$2.50 per 100mL",
    "COL Size": "200mL"
  },
  {
    "Brand_Product_Size": "Coles Bakery Banana Bread Slice 100g",
    "COL Price": 1.5,
    "COL ppu": "$1.50 per 100G",
    "COL Size": "100g"
  },
  {
    "Brand_Product_Size": "Coles Pork Spare Ribs approx. 916g",
    "COL Price": 13.74,
    "COL ppu": "$15.00 per 1Kg",
    "COL Size": "approx. 916g"
  },
  {
    "Brand_Product_Size": "Coles Sunflower Bird Seed 1.25kg",
    "COL Price": 5.3,
    "COL ppu": "$0.42 per 100G",
    "COL Size": "1.25kg"
  },
  {
    "Brand_Product_Size": "Moosehead Perfecting Pomade 100g",
    "COL Price": 9,
    "COL ppu": "$9.00 per 100G",
    "COL Size": "100g"
  },
  {
    "Brand_Product_Size": "Providore Premium Tomato Paste 130g",
    "COL Price": 2,
    "COL ppu": "$1.54 per 100G",
    "COL Size": "130g"
  },
  {
    "Brand_Product_Size": "Colgate 360 Degree Value Pack Medium Toothbrush 2 pack",
    "COL Price": 8,
    "COL ppu": "$4.00 per 1Ea",
    "COL Size": "2 pack"
  },
  {
    "Brand_Product_Size": "Fountain Satay Sauce 250mL",
    "COL Price": 2.7,
    "COL ppu": "$1.08 per 100mL",
    "COL Size": "250mL"
  },
  {
    "Brand_Product_Size": "Sakata Plain Rice Crackers 100g",
    "COL Price": 2,
    "COL ppu": "$2.00 per 100G",
    "COL Size": "100g"
  },
  {
    "Brand_Product_Size": "Hercules Clickzip Snack Bags Small 15cm x 10cm 40 pack",
    "COL Price": 2,
    "COL ppu": "$0.05 per 1Ea",
    "COL Size": "40 pack"
  },
  {
    "Brand_Product_Size": "Lucas Papaw Ointment Lip Tube 25g",
    "COL Price": 5.9,
    "COL ppu": "$23.60 per 100G",
    "COL Size": "25g"
  },
  {
    "Brand_Product_Size": "Dilmah Pure Ceylon Jasmine Flavour Green Tea Bags 20 pack 40g",
    "COL Price": 2,
    "COL ppu": "$0.10 per 1Ea",
    "COL Size": "40g"
  },
  {
    "Brand_Product_Size": "Casalingo Felino Salami approx. 500g",
    "COL Price": 17,
    "COL ppu": "$34.00 per 1Kg",
    "COL Size": "approx. 500g"
  },
  {
    "Brand_Product_Size": "Coles Finest Caramelised Onion Relish 110g",
    "COL Price": 3.5,
    "COL ppu": "$3.18 per 100G",
    "COL Size": "110g"
  },
  {
    "Brand_Product_Size": "Cook & Dine Patterned Small Plate each",
    "COL Price": 4,
    "COL ppu": "$4.00 per 1Ea",
    "COL Size": "each"
  },
  {
    "Brand_Product_Size": "Harpic Infinite Scent Hook Marine 2 pack",
    "COL Price": 6,
    "COL ppu": "$3.00 per 1Ea",
    "COL Size": "2 pack"
  },
  {
    "Brand_Product_Size": "Sumo Well Crumbed Chicken With Rosemary Potatoes & Gravy 300g",
    "COL Price": 9.95,
    "COL ppu": "$3.32 per 100G",
    "COL Size": "300g"
  },
  {
    "Brand_Product_Size": "Cocobella Coconut Passionfruit Yoghurt 150g",
    "COL Price": 1.25,
    "COL ppu": "$0.83 per 100G",
    "COL Size": "150g"
  },
  {
    "Brand_Product_Size": "Coles Ricotta Spinach Agnolotti Pasta 600g",
    "COL Price": 4,
    "COL ppu": "$0.67 per 100G",
    "COL Size": "600g"
  },
  {
    "Brand_Product_Size": "Palmolive Men Active Shower Gel 1L",
    "COL Price": 8.5,
    "COL ppu": "$0.85 per 100mL",
    "COL Size": "1L"
  },
  {
    "Brand_Product_Size": "Pedigree Real Chicken & Turkey High Protein Dry Dog Food 1 to 7 Years 2.5kg",
    "COL Price": 8.4,
    "COL ppu": "$3.36 per 1Kg",
    "COL Size": "2.5kg"
  },
  {
    "Brand_Product_Size": "Coles Face Masks 10 pack",
    "COL Price": 4,
    "COL ppu": "$0.40 per 1Ea",
    "COL Size": "10 pack"
  },
  {
    "Brand_Product_Size": "Coles Special Curried Ketchup Sauce 375mL",
    "COL Price": 2.75,
    "COL ppu": "$0.73 per 100mL",
    "COL Size": "375mL"
  },
  {
    "Brand_Product_Size": "Nature's Way Kids Smart Vita Gummies Omega 60 pack",
    "COL Price": 14.5,
    "COL ppu": "$0.24 per 1Ea",
    "COL Size": "60 pack"
  },
  {
    "Brand_Product_Size": "Finish Lemon Concentrate Dishwasher Powder Bottle 1kg",
    "COL Price": 12,
    "COL ppu": "$1.20 per 100G",
    "COL Size": "1kg"
  },
  {
    "Brand_Product_Size": "Tena Plus Night Pants 12 pack",
    "COL Price": 19.9,
    "COL ppu": "$1.66 per 1Ea",
    "COL Size": "12 pack"
  },
  {
    "Brand_Product_Size": "Ayam Hawker Market Malaysian Char Kway Teow Sauce 205g",
    "COL Price": 1.75,
    "COL ppu": "$0.85 per 100G",
    "COL Size": "205g"
  },
  {
    "Brand_Product_Size": "Windex Surface & Glass Wipes 28 pack",
    "COL Price": 4.5,
    "COL ppu": "$0.16 per 1Ea",
    "COL Size": "28 pack"
  },
  {
    "Brand_Product_Size": "Cadbury Dairy Milk Freddo Strawberry Sharepack 180g",
    "COL Price": 2.5,
    "COL ppu": "$1.39 per 100G",
    "COL Size": "180g"
  },
  {
    "Brand_Product_Size": "Despicable Me SPF 50+ Sunscreen Trigger 250mL",
    "COL Price": 16.8,
    "COL ppu": "$6.72 per 100mL",
    "COL Size": "250mL"
  },
  {
    "Brand_Product_Size": "Crest Australia New Zealand Travel Adaptor each",
    "COL Price": 10,
    "COL ppu": "$10.00 per 1Ea",
    "COL Size": "each"
  },
  {
    "Brand_Product_Size": "Coles Organic Australian Sultanas 375g",
    "COL Price": 4,
    "COL ppu": "$10.67 per 1Kg",
    "COL Size": "375g"
  },
  {
    "Brand_Product_Size": "Coles Deli Delre Smoked Dutch Cheese approx. 230g",
    "COL Price": 7.13,
    "COL ppu": "$31.00 per 1Kg",
    "COL Size": "approx. 230g"
  },
  {
    "Brand_Product_Size": "Schwarzkopf Live Salon Black Hair Colour 1 pack",
    "COL Price": 7,
    "COL ppu": "$7.00 per 1Ea",
    "COL Size": "1 pack"
  },
  {
    "Brand_Product_Size": "Tom & Luke Snackaballs Beetroot & Raspberry Pot 224g",
    "COL Price": 7,
    "COL ppu": "$3.13 per 100G",
    "COL Size": "224g"
  },
  {
    "Brand_Product_Size": "Keep It Cleaner Primavera Pasta Sauce 500g",
    "COL Price": 4,
    "COL ppu": "$0.80 per 100G",
    "COL Size": "500g"
  },
  {
    "Brand_Product_Size": "Coles Deli Meredith Dairy Ash Chevre 150g",
    "COL Price": 9,
    "COL ppu": "$60.00 per 1Kg",
    "COL Size": "150g"
  },
  {
    "Brand_Product_Size": "Gillette Proglide 8CT Red Power Razor 1 pack",
    "COL Price": 52,
    "COL ppu": "$52.00 per 1Ea",
    "COL Size": "1 pack"
  },
  {
    "Brand_Product_Size": "Wellness Road Psyllium Husk Powder 450g",
    "COL Price": 8,
    "COL ppu": "$1.78 per 100G",
    "COL Size": "450g"
  },
  {
    "Brand_Product_Size": "Paesanella Cheese Cherry Bocconcini 500g",
    "COL Price": 12,
    "COL ppu": "$24.00 per 1Kg",
    "COL Size": "500g"
  },
  {
    "Brand_Product_Size": "Xtreme 3 Pivot Ball Hybrid 5 pack",
    "COL Price": 4,
    "COL ppu": "$0.80 per 1Ea",
    "COL Size": "5 pack"
  },
  {
    "Brand_Product_Size": "Delamaris Salad Provencale Mackerel 125g",
    "COL Price": 2.7,
    "COL ppu": "$21.60 per 1Kg",
    "COL Size": "125g"
  },
  {
    "Brand_Product_Size": "Selleys BBQ Tough 25 Wipes 1 pack",
    "COL Price": 10,
    "COL ppu": "$10.00 per 1Ea",
    "COL Size": "1 pack"
  },
  {
    "Brand_Product_Size": "Coles Deli Salads Tub Snack Classic Pasta 70g each",
    "COL Price": 2,
    "COL ppu": "$2.00 per 1Ea",
    "COL Size": "each"
  },
  {
    "Brand_Product_Size": "Nescafe Gold Oat Latte Coffee Sachets 6 pack",
    "COL Price": 6.3,
    "COL ppu": "$1.05 per 1Ea",
    "COL Size": "6 pack"
  },
  {
    "Brand_Product_Size": "Libra Exta Regular With Wings Pads 14 pack",
    "COL Price": 2.94,
    "COL ppu": "$0.21 per 1Ea",
    "COL Size": "14 pack"
  },
  {
    "Brand_Product_Size": "Veet Shea Butter & Berry Cold Wax Strips 40 pack",
    "COL Price": 15,
    "COL ppu": "$0.38 per 1Ea",
    "COL Size": "40 pack"
  },
  {
    "Brand_Product_Size": "Lynx Women Aerosol Anarchy Deodorant 165mL",
    "COL Price": 7,
    "COL ppu": "$4.24 per 100mL",
    "COL Size": "165mL"
  },
  {
    "Brand_Product_Size": "Stagg Chili Vegetable Garden With Four Bean Chili 425g",
    "COL Price": 4,
    "COL ppu": "$0.94 per 100G",
    "COL Size": "425g"
  },
  {
    "Brand_Product_Size": "Marathon Frozen Dim Sims 1.5kg",
    "COL Price": 9.5,
    "COL ppu": "$0.63 per 100G",
    "COL Size": "1.5kg"
  },
  {
    "Brand_Product_Size": "Kynd Multivitamin + Skin 30 pack",
    "COL Price": 30,
    "COL ppu": "",
    "COL Size": "30 pack"
  },
  {
    "Brand_Product_Size": "Darikay Hearty Vegetable Soup 550g",
    "COL Price": 6.5,
    "COL ppu": "$1.18 per 100G",
    "COL Size": "550g"
  },
  {
    "Brand_Product_Size": "Gentle Touch Brush And Comb Set 1 pack",
    "COL Price": 8.5,
    "COL ppu": "$8.50 per 1Ea",
    "COL Size": "1 pack"
  },
  {
    "Brand_Product_Size": "Centrum Multivitamin & Minerals Dietary Supplement For Women 50+  60 Tablets 1 pack",
    "COL Price": 20,
    "COL ppu": "$33.33 per 100Ea",
    "COL Size": "1 pack"
  },
  {
    "Brand_Product_Size": "Swisse Ultiboost Daily Immune Support 60 pack",
    "COL Price": 10,
    "COL ppu": "$16.67 per 100Ea",
    "COL Size": "60 pack"
  },
  {
    "Brand_Product_Size": "OMO Active Clean Top & Front Loader Laundry Liquid Detergent 2L",
    "COL Price": 22,
    "COL ppu": "$11.00 per 1L",
    "COL Size": "2L"
  },
  {
    "Brand_Product_Size": "Solo Solo Lemon Zero Sugar Soft Drink 600mL",
    "COL Price": 3,
    "COL ppu": "$5.00 per 1L",
    "COL Size": "600mL"
  },
  {
    "Brand_Product_Size": "Huggies Ultimate Micellar Water Wipes 64 pack",
    "COL Price": 6,
    "COL ppu": "$9.38 per 100Ea",
    "COL Size": "64 pack"
  },
  {
    "Brand_Product_Size": "Coles Baked Beans In Tomato Sauce 425g 3 pack",
    "COL Price": 2,
    "COL ppu": "$0.67 per 1ea",
    "COL Size": "3 pack"
  },
  {
    "Brand_Product_Size": "Sanpellegrino Sparkling Mineral Water Bottle 750mL",
    "COL Price": 3.1,
    "COL ppu": "$4.13 per 1L",
    "COL Size": "750mL"
  },
  {
    "Brand_Product_Size": "Natures Kitchen Mexican Style Jackfruit 250g",
    "COL Price": 7,
    "COL ppu": "$2.80 per 100G",
    "COL Size": "250g"
  },
  {
    "Brand_Product_Size": "Abundance Coconut Curry 380g",
    "COL Price": 6,
    "COL ppu": "$1.58 per 100G",
    "COL Size": "380g"
  },
  {
    "Brand_Product_Size": "L'Oreal Paris Excellence 6.30 Light Golden Brown Hair Colour 1 pack",
    "COL Price": 20,
    "COL ppu": "$20.00 per 1Ea",
    "COL Size": "1 pack"
  },
  {
    "Brand_Product_Size": "Bref Pro Nature Grapefruit 50g",
    "COL Price": 3,
    "COL ppu": "$6.00 per 100G",
    "COL Size": "50g"
  },
  {
    "Brand_Product_Size": "Coles USB-A To Lightning Cable 1M White 1 pack",
    "COL Price": 17,
    "COL ppu": "$17.00 per 1ea",
    "COL Size": "1 pack"
  },
  {
    "Brand_Product_Size": "Bulla Creamy Classics Vanilla Ice Cream Tub 2L",
    "COL Price": 8.5,
    "COL ppu": "$0.43 per 100mL",
    "COL Size": "2L"
  },
  {
    "Brand_Product_Size": "Coles Pistachios 80g",
    "COL Price": 4.9,
    "COL ppu": "$61.25 per 1Kg",
    "COL Size": "80g"
  },
  {
    "Brand_Product_Size": "Sargents Frozen Aussie Angus Beef Family Pie 550g",
    "COL Price": 6.5,
    "COL ppu": "$1.18 per 100G",
    "COL Size": "550g"
  },
  {
    "Brand_Product_Size": "Lean Cuisine Thai Red Chicken Curry 375g",
    "COL Price": 4.5,
    "COL ppu": "$1.20 per 100G",
    "COL Size": "375g"
  },
  {
    "Brand_Product_Size": "Kirks Creaming Soda Multipack cans 375mL 10 pack",
    "COL Price": 6.2,
    "COL ppu": "$1.65 per 1L",
    "COL Size": "10 pack"
  },
  {
    "Brand_Product_Size": "Canon Foods Gluten Free Chicken Breast Schnitzel 440g",
    "COL Price": 6.5,
    "COL ppu": "$14.77 per 1Kg",
    "COL Size": "440g"
  },
  {
    "Brand_Product_Size": "Jindi Cheese Camembert 200g",
    "COL Price": 7,
    "COL ppu": "$35.00 per 1Kg",
    "COL Size": "200g"
  },
  {
    "Brand_Product_Size": "Sellotape Clear Packaging Tape each",
    "COL Price": 3.25,
    "COL ppu": "$3.25 per 1ea",
    "COL Size": "each"
  },
  {
    "Brand_Product_Size": "Nivea Men Silver Protect Antibacterial Aerosol Antiperspirant Deodorant 250mL",
    "COL Price": 6.5,
    "COL ppu": "$2.60 per 100mL",
    "COL Size": "250mL"
  },
  {
    "Brand_Product_Size": "Nestle Coffee & Milk 395g",
    "COL Price": 4.2,
    "COL ppu": "$1.06 per 100G",
    "COL Size": "395g"
  },
  {
    "Brand_Product_Size": "Coles Made Easy Moroccan Lamb Filo Rolls With Fetta & Pumpkin 400g",
    "COL Price": 8.5,
    "COL ppu": "$2.13 per 100G",
    "COL Size": "400g"
  },
  {
    "Brand_Product_Size": "Able Foods Baked Beans Tomato Sauce 200g",
    "COL Price": 2.5,
    "COL ppu": "$1.25 per 100G",
    "COL Size": "200g"
  },
  {
    "Brand_Product_Size": "Coles RSPCA Approved Chicken Ribs Southern Fried With Mild Chilli Sauce 450g",
    "COL Price": 7.5,
    "COL ppu": "$1.67 per 100G",
    "COL Size": "450g"
  },
  {
    "Brand_Product_Size": "Abbott's Village Bakery Sourdough Rye Bread 760g",
    "COL Price": 3.8,
    "COL ppu": "$0.50 per 100G",
    "COL Size": "760g"
  },
  {
    "Brand_Product_Size": "Hong Kong Dim Sim Kitchen Frozen BBQ Pork Buns 6 Pieces 200g",
    "COL Price": 2.5,
    "COL ppu": "$1.25 per 100G",
    "COL Size": "200g"
  },
  {
    "Brand_Product_Size": "Bondi Sands Gradual Tanning Milk 375mL",
    "COL Price": 18,
    "COL ppu": "$4.80 per 100mL",
    "COL Size": "375mL"
  },
  {
    "Brand_Product_Size": "Nivea Gentle Moisturising Face Cleansing Wipes + Almond Oil for Dry Skin 25 pack",
    "COL Price": 7.5,
    "COL ppu": "$0.30 per 1Ea",
    "COL Size": "25 pack"
  },
  {
    "Brand_Product_Size": "Ayam Hawker Market Thai Pad See Ew Sauce 205g",
    "COL Price": 1.75,
    "COL ppu": "$0.85 per 100G",
    "COL Size": "205g"
  },
  {
    "Brand_Product_Size": "Marzena Natural Body Wax Strips 20 pack",
    "COL Price": 10,
    "COL ppu": "$0.50 per 1Ea",
    "COL Size": "20 pack"
  },
  {
    "Brand_Product_Size": "Olay Eyes Ultimate Eye Cream 15mL",
    "COL Price": 49,
    "COL ppu": "$326.69 per 100mL",
    "COL Size": "15mL"
  },
  {
    "Brand_Product_Size": "Toni & Guy Heat Protection Mist 150mL",
    "COL Price": 16,
    "COL ppu": "$10.67 per 100mL",
    "COL Size": "150mL"
  },
  {
    "Brand_Product_Size": "Twinings English Breakfast Tea Bags 50 pack 100g",
    "COL Price": 7,
    "COL ppu": "$7.00 per 100G",
    "COL Size": "100g"
  },
  {
    "Brand_Product_Size": "Starburst Original Fruit Chews Lollies Large Bag 235g",
    "COL Price": 3,
    "COL ppu": "$1.28 per 100G",
    "COL Size": "235g"
  },
  {
    "Brand_Product_Size": "Uncle Toby's Oat Slice Apple & Cinnamon 70g",
    "COL Price": 3.5,
    "COL ppu": "$5.00 per 100G",
    "COL Size": "70g"
  },
  {
    "Brand_Product_Size": "Coles Monterey Jack Cheese Slices 200g",
    "COL Price": 3.7,
    "COL ppu": "$18.50 per 1Kg",
    "COL Size": "200g"
  },
  {
    "Brand_Product_Size": "Wrigley's Juicy Fruit Chewing Gum 5 x 10 Piece Pack 70g",
    "COL Price": 3.5,
    "COL ppu": "$5.00 per 100G",
    "COL Size": "70g"
  },
  {
    "Brand_Product_Size": "Glad To Be Green Recycled Kitchen Tidy Bags Large 22 pack",
    "COL Price": 3.6,
    "COL ppu": "",
    "COL Size": "22 pack"
  },
  {
    "Brand_Product_Size": "Fancy Feast Classic Beef Feast in Gravy Canned Cat Food 85g",
    "COL Price": 1.45,
    "COL ppu": "$1.71 per 100G",
    "COL Size": "85g"
  },
  {
    "Brand_Product_Size": "Rimmel Lasting Finish Liquid Ivory Foundation 30mL",
    "COL Price": 11.4,
    "COL ppu": "$3.80 per 10mL",
    "COL Size": "30mL"
  },
  {
    "Brand_Product_Size": "Coles Ultra Sunscreen SPF 50+ 100mL",
    "COL Price": 2.25,
    "COL ppu": "$2.25 per 100mL",
    "COL Size": "100mL"
  },
  {
    "Brand_Product_Size": "Rascal & Friends Sensitive Wipes 240pc Multibag 240 pack",
    "COL Price": 7,
    "COL ppu": "",
    "COL Size": "240 pack"
  },
  {
    "Brand_Product_Size": "Dencorub Extra Strength Heat Rub Gel 100g",
    "COL Price": 6,
    "COL ppu": "$6.00 per 100G",
    "COL Size": "100g"
  },
  {
    "Brand_Product_Size": "Sunbeam Mixed Dried Fruit 1kg",
    "COL Price": 9.6,
    "COL ppu": "$9.60 per 1Kg",
    "COL Size": "1kg"
  },
  {
    "Brand_Product_Size": "Edgell Snack Time Chick Peas With Zesty Vinaigrette 70g",
    "COL Price": 0.9,
    "COL ppu": "$12.86 per 1Kg",
    "COL Size": "70g"
  },
  {
    "Brand_Product_Size": "Munchkin Miracle 360 Trainer Cup each",
    "COL Price": 10,
    "COL ppu": "$10.00 per 1Ea",
    "COL Size": "each"
  },
  {
    "Brand_Product_Size": "Coles Bombay Croquettes 7 Pack 175g",
    "COL Price": 5,
    "COL ppu": "$2.86 per 100G",
    "COL Size": "175g"
  },
  {
    "Brand_Product_Size": "Lavazza Smooth And Aromatic Medium Roast Ground Coffee 1kg",
    "COL Price": 30,
    "COL ppu": "$3.00 per 100G",
    "COL Size": "1kg"
  },
  {
    "Brand_Product_Size": "Coles Frozen Pastry Puff Sheet Ready Rolled 6 pack 1kg",
    "COL Price": 2.3,
    "COL ppu": "$0.23 per 100G",
    "COL Size": "1kg"
  },
  {
    "Brand_Product_Size": "Coles Rectractable Lead 1 pack",
    "COL Price": 15,
    "COL ppu": "$15.00 per 1Ea",
    "COL Size": "1 pack"
  },
  {
    "Brand_Product_Size": "Pana Organic Fig & Wild Orange Chocolate 45g",
    "COL Price": 6,
    "COL ppu": "$13.33 per 100G",
    "COL Size": "45g"
  },
  {
    "Brand_Product_Size": "Ben & Jerry's Ice Cream Swich Up 458mL",
    "COL Price": 8,
    "COL ppu": "$1.75 per 100mL",
    "COL Size": "458mL"
  },
  {
    "Brand_Product_Size": "Garlos Chicken Breast Pie 200g",
    "COL Price": 4.5,
    "COL ppu": "$2.25 per 100G",
    "COL Size": "200g"
  },
  {
    "Brand_Product_Size": "Cobram Estate Ginger & Lemongrass Meal Starter With Extra Virgin Olive Oil 375mL",
    "COL Price": 10.5,
    "COL ppu": "$2.80 per 100mL",
    "COL Size": "375mL"
  },
  {
    "Brand_Product_Size": "Bolands Fig Roll Biscuits 200g",
    "COL Price": 3.3,
    "COL ppu": "$1.65 per 100G",
    "COL Size": "200g"
  },
  {
    "Brand_Product_Size": "Optimum Lamb & Rice Adult Wet Dog Food Tray 100g",
    "COL Price": 1.5,
    "COL ppu": "$1.50 per 100G",
    "COL Size": "100g"
  },
  {
    "Brand_Product_Size": "Coles Puffed Rice Bar Chocolate 120g",
    "COL Price": 2.5,
    "COL ppu": "$2.08 per 100G",
    "COL Size": "120g"
  },
  {
    "Brand_Product_Size": "Coles Apple Crown Danishes 2 pack",
    "COL Price": 3,
    "COL ppu": "$1.50 per 1Ea",
    "COL Size": "2 pack"
  },
  {
    "Brand_Product_Size": "Gourmet Emporium Bakery Traditional Greek Baklava 2 Pack 100g",
    "COL Price": 4,
    "COL ppu": "$4.00 per 100G",
    "COL Size": "100g"
  },
  {
    "Brand_Product_Size": "Coles Urban Coffee Culture Intensity 11 Supreme Coffee Capsules 10 pack 52g",
    "COL Price": 3.7,
    "COL ppu": "$7.12 per 100G",
    "COL Size": "52g"
  },
  {
    "Brand_Product_Size": "Coles Cracker Squares 250g",
    "COL Price": 0.95,
    "COL ppu": "$0.38 per 100G",
    "COL Size": "250g"
  },
  {
    "Brand_Product_Size": "Restaurant Collection Spiced Roasted Cauliflower With Miso 777g",
    "COL Price": 13,
    "COL ppu": "$1.67 per 100G",
    "COL Size": "777g"
  },
  {
    "Brand_Product_Size": "Clairol Nice N Easy Repair 6 Light Brown Hair Colour 177mL",
    "COL Price": 11,
    "COL ppu": "$6.21 per 100mL",
    "COL Size": "177mL"
  },
  {
    "Brand_Product_Size": "Cadbury Marvellous Creations Birthday Cake Block 190g",
    "COL Price": 5,
    "COL ppu": "$2.63 per 100G",
    "COL Size": "190g"
  },
  {
    "Brand_Product_Size": "Coles 4 Leaf Salad Mix Prepacked 200g",
    "COL Price": 3,
    "COL ppu": "$15.00 per 1Kg",
    "COL Size": "200g"
  },
  {
    "Brand_Product_Size": "Coles Eggs Free Range 12 pack 600g",
    "COL Price": 3.9,
    "COL ppu": "$0.65 per 100G",
    "COL Size": "600g"
  },
  {
    "Brand_Product_Size": "Jordans Crispy Oat Clusters Chunky Nut 500g",
    "COL Price": 3.5,
    "COL ppu": "$0.70 per 100G",
    "COL Size": "500g"
  },
  {
    "Brand_Product_Size": "B-B Products Crudo Prosciutto 100g",
    "COL Price": 6.3,
    "COL ppu": "$63.00 per 1Kg",
    "COL Size": "100g"
  },
  {
    "Brand_Product_Size": "Nature's Way Magnesium + Turmeric Tablets 150 pack",
    "COL Price": 38,
    "COL ppu": "$0.25 per 1Ea",
    "COL Size": "150 pack"
  },
  {
    "Brand_Product_Size": "Toolworx Double Plug 1 pack",
    "COL Price": 6.75,
    "COL ppu": "$6.75 per 1Ea",
    "COL Size": "1 pack"
  },
  {
    "Brand_Product_Size": "Cadbury Dairy Milk Crunchie Chocolate Block 180g",
    "COL Price": 5,
    "COL ppu": "$2.78 per 100G",
    "COL Size": "180g"
  },
  {
    "Brand_Product_Size": "Buono Mochi Ice Dessert Green Tea 156g",
    "COL Price": 5.6,
    "COL ppu": "$3.59 per 100G",
    "COL Size": "156g"
  },
  {
    "Brand_Product_Size": "Maggi 2 Minute Noodle Hot Mealz Kari Kari Kaw Bowl 96g",
    "COL Price": 2.5,
    "COL ppu": "$2.60 per 100G",
    "COL Size": "96g"
  },
  {
    "Brand_Product_Size": "Carman's Classic Fruit & Nut Muesli Bars 12 pack 540g",
    "COL Price": 9,
    "COL ppu": "$1.67 per 100G",
    "COL Size": "540g"
  },
  {
    "Brand_Product_Size": "Cancer Council Kids Sunscreen SPF 50+ 500mL",
    "COL Price": 27,
    "COL ppu": "$5.40 per 100mL",
    "COL Size": "500mL"
  },
  {
    "Brand_Product_Size": "Codral Cold & Flu Mucus Cough Hot Drink 10 pack",
    "COL Price": 13.99,
    "COL ppu": "$1.40 per 1Ea",
    "COL Size": "10 pack"
  },
  {
    "Brand_Product_Size": "Coles Dairy Free Coconut Strawberry Yoghurt 125g",
    "COL Price": 2.5,
    "COL ppu": "$2.00 per 100G",
    "COL Size": "125g"
  },
  {
    "Brand_Product_Size": "MasterFoods Chives Chopped 7g",
    "COL Price": 4.8,
    "COL ppu": "$6.86 per 10G",
    "COL Size": "7g"
  },
  {
    "Brand_Product_Size": "Coles Frozen Organic Mango 450g",
    "COL Price": 7.5,
    "COL ppu": "$1.67 per 100G",
    "COL Size": "450g"
  },
  {
    "Brand_Product_Size": "Bubs Organic Grass Fed Formula Stg 1 800g",
    "COL Price": 24,
    "COL ppu": "$3.00 per 100G",
    "COL Size": "800g"
  },
  {
    "Brand_Product_Size": "Coles Thawed Seafood Raw Lobster Tail each",
    "COL Price": 9,
    "COL ppu": "$9.00 per 1Ea",
    "COL Size": "each"
  },
  {
    "Brand_Product_Size": "Coles Salmon Skin On Portions 2 Pack 280g",
    "COL Price": 11,
    "COL ppu": "$3.93 per 100G",
    "COL Size": "280g"
  },
  {
    "Brand_Product_Size": "Final Net Superhold Hair Lacquer 400g",
    "COL Price": 10,
    "COL ppu": "$2.50 per 100G",
    "COL Size": "400g"
  },
  {
    "Brand_Product_Size": "Coles Deli Mon Pere Brie approx. 100g",
    "COL Price": 4.8,
    "COL ppu": "$48.00 per 1Kg",
    "COL Size": "approx. 100g"
  },
  {
    "Brand_Product_Size": "Coles Fresh Seafood Sydney Rock Oysters 12 pack",
    "COL Price": 15,
    "COL ppu": "$1.25 per 1Ea",
    "COL Size": "12 pack"
  },
  {
    "Brand_Product_Size": "Coles Light Smooth Ricotta 375g",
    "COL Price": 3,
    "COL ppu": "$0.80 per 100G",
    "COL Size": "375g"
  },
  {
    "Brand_Product_Size": "Nutty Bruce Smooth Almond Butter 250g",
    "COL Price": 8,
    "COL ppu": "$3.20 per 100G",
    "COL Size": "250g"
  },
  {
    "Brand_Product_Size": "Mirabella LED Globe GLS Bayonet Cap 11 watt Warm White each",
    "COL Price": 8,
    "COL ppu": "$8.00 per 1Ea",
    "COL Size": "each"
  },
  {
    "Brand_Product_Size": "Nivea Naturally Good Shower Gel Cotton Flower 300mL",
    "COL Price": 4.9,
    "COL ppu": "$1.63 per 100mL",
    "COL Size": "300mL"
  },
  {
    "Brand_Product_Size": "King Island Dairy Furneaux Cheese approx. 100g",
    "COL Price": 6.3,
    "COL ppu": "$63.00 per 1Kg",
    "COL Size": "approx. 100g"
  },
  {
    "Brand_Product_Size": "Rexona Women Anti Per spirant Advance Shower Fresh Deodorant 220mL",
    "COL Price": 7.5,
    "COL ppu": "$3.41 per 100mL",
    "COL Size": "220mL"
  },
  {
    "Brand_Product_Size": "Trill Bird Seed Cockatiel Mix 1.8kg",
    "COL Price": 6,
    "COL ppu": "",
    "COL Size": "1.8kg"
  },
  {
    "Brand_Product_Size": "Mayver's Dark Roast Peanut Butter Smooth 375g",
    "COL Price": 5,
    "COL ppu": "$1.33 per 100G",
    "COL Size": "375g"
  },
  {
    "Brand_Product_Size": "Coles Salad Snack Tubs Potato Egg & Bacon Salad Salad each",
    "COL Price": 3,
    "COL ppu": "$3.00 per 1Ea",
    "COL Size": "each"
  },
  {
    "Brand_Product_Size": "Coles Cool White 23 Watt 1610 Lumens Edison Screw Spiral CFL 2 pack",
    "COL Price": 10,
    "COL ppu": "$5.00 per 1Ea",
    "COL Size": "2 pack"
  },
  {
    "Brand_Product_Size": "Red Rock Deli Sea Salt & Balsamic Vinegar Potato Chips 165g",
    "COL Price": 3,
    "COL ppu": "$1.82 per 100G",
    "COL Size": "165g"
  },
  {
    "Brand_Product_Size": "Coles RSPCA Approved Chicken Breast Sliced Roast Lemon & Herb 150g",
    "COL Price": 5,
    "COL ppu": "$3.33 per 100G",
    "COL Size": "150g"
  },
  {
    "Brand_Product_Size": "Coles Butter Lettuce each",
    "COL Price": 2,
    "COL ppu": "$2.00 per 1Ea",
    "COL Size": "each"
  },
  {
    "Brand_Product_Size": "Loma Linda Spring Water Tuno 142g",
    "COL Price": 2.35,
    "COL ppu": "$1.65 per 100G",
    "COL Size": "142g"
  },
  {
    "Brand_Product_Size": "Steradent Denture Cleaner Powder 200g",
    "COL Price": 5.95,
    "COL ppu": "$2.98 per 100G",
    "COL Size": "200g"
  },
  {
    "Brand_Product_Size": "Pace Farm Liberty Cage Free Eggs 12 pack 600g",
    "COL Price": 5,
    "COL ppu": "$0.83 per 100G",
    "COL Size": "600g"
  },
  {
    "Brand_Product_Size": "Vitasoy Soy Barista Milk 1L",
    "COL Price": 4,
    "COL ppu": "$4.00 per 1L",
    "COL Size": "1L"
  },
  {
    "Brand_Product_Size": "Pauls Strawberry Custard 70g",
    "COL Price": 1.5,
    "COL ppu": "$2.14 per 100G",
    "COL Size": "70g"
  },
  {
    "Brand_Product_Size": "Hoyts Turmeric 25g",
    "COL Price": 1.5,
    "COL ppu": "$0.60 per 10G",
    "COL Size": "25g"
  },
  {
    "Brand_Product_Size": "Buono Mochi Ice Chocolate 156g",
    "COL Price": 5.6,
    "COL ppu": "$3.59 per 100G",
    "COL Size": "156g"
  },
  {
    "Brand_Product_Size": "OB Finest Fig & Almond Crackers 150g",
    "COL Price": 6,
    "COL ppu": "$4.00 per 100G",
    "COL Size": "150g"
  },
  {
    "Brand_Product_Size": "Freedom Foods Messy Monkeys A2 Protein Chocolate Flavoured Multipack Dairy Milk 200mL 6 pack",
    "COL Price": 6,
    "COL ppu": "$5.00 per 1L",
    "COL Size": "6 pack"
  },
  {
    "Brand_Product_Size": "Coles Contact Lens Solution 360mL",
    "COL Price": 11,
    "COL ppu": "$3.06 per 100mL",
    "COL Size": "360mL"
  },
  {
    "Brand_Product_Size": "Coles Bakery Marks Lemon Meringue Pie Cake 7 Inch each",
    "COL Price": 30,
    "COL ppu": "$30.00 per 1Ea",
    "COL Size": "each"
  },
  {
    "Brand_Product_Size": "Parachute Coconut Oil 500mL",
    "COL Price": 6,
    "COL ppu": "$1.20 per 100mL",
    "COL Size": "500mL"
  },
  {
    "Brand_Product_Size": "Australias Own Barista Macadamia Milk 1L",
    "COL Price": 3.6,
    "COL ppu": "$3.60 per 1L",
    "COL Size": "1L"
  },
  {
    "Brand_Product_Size": "Maybelline New York The City Mini Rooftop Bronze Eyeshadow Palette 4g",
    "COL Price": 14,
    "COL ppu": "$35.00 per 10G",
    "COL Size": "4g"
  },
  {
    "Brand_Product_Size": "Kellogg's All-Bran Wheat Flakes Honey Almond Breakfast Cereal 420g",
    "COL Price": 6.5,
    "COL ppu": "$1.55 per 100G",
    "COL Size": "420g"
  },
  {
    "Brand_Product_Size": "You Beaut Frozen Mixed Berries 400g",
    "COL Price": 6,
    "COL ppu": "$1.50 per 100G",
    "COL Size": "400g"
  },
  {
    "Brand_Product_Size": "Thursday Plantation Tea Tree Medicated Acne Gel 25g",
    "COL Price": 9.75,
    "COL ppu": "$39.00 per 100G",
    "COL Size": "25g"
  },
  {
    "Brand_Product_Size": "V Sugarfree  Energy Drink 250mL",
    "COL Price": 2.8,
    "COL ppu": "$11.20 per 1L",
    "COL Size": "250mL"
  },
  {
    "Brand_Product_Size": "Coles Dark Chocolate Chocolatey Moments Biscuits 125g",
    "COL Price": 1.5,
    "COL ppu": "$1.20 per 100G",
    "COL Size": "125g"
  },
  {
    "Brand_Product_Size": "Sun Valley Fruit Salad True Fruit Bars 120g",
    "COL Price": 4.5,
    "COL ppu": "$3.75 per 100G",
    "COL Size": "120g"
  },
  {
    "Brand_Product_Size": "Soothers Butter-Menthol Medicated Throat Lozenges 1pack",
    "COL Price": 2.2,
    "COL ppu": "$5.50 per 100G",
    "COL Size": "1pack"
  },
  {
    "Brand_Product_Size": "Natural Chip Co Chips Lentil Craves Sour Cream & Chives 100g",
    "COL Price": 1.75,
    "COL ppu": "$1.75 per 100G",
    "COL Size": "100g"
  },
  {
    "Brand_Product_Size": "Nestle Milkybar Hot Chocolate 10 pack",
    "COL Price": 6.3,
    "COL ppu": "$0.63 per 1Ea",
    "COL Size": "10 pack"
  },
  {
    "Brand_Product_Size": "Patties Corn & Cheese Croquette 300g",
    "COL Price": 6,
    "COL ppu": "$2.00 per 100G",
    "COL Size": "300g"
  },
  {
    "Brand_Product_Size": "Cottee's Raspberry Cordial 1L",
    "COL Price": 4.2,
    "COL ppu": "$4.20 per 1L",
    "COL Size": "1L"
  },
  {
    "Brand_Product_Size": "Coles Curved Nail Scissors 1 pack",
    "COL Price": 7.2,
    "COL ppu": "$7.20 per 1Ea",
    "COL Size": "1 pack"
  },
  {
    "Brand_Product_Size": "Panadol Paracetamol Cold + Flu Plus Decongestant Caplets 20 pack",
    "COL Price": 13,
    "COL ppu": "$0.65 per 1Ea",
    "COL Size": "20 pack"
  },
  {
    "Brand_Product_Size": "Purina Total Care Flea Tick Control Plus Medium Dog Treatment 1 pack",
    "COL Price": 14,
    "COL ppu": "$14.00 per 1Ea",
    "COL Size": "1 pack"
  },
  {
    "Brand_Product_Size": "John Frieda Sheer Blonde Platinum Champagne Moisture Infusion Shampoo 250mL",
    "COL Price": 16,
    "COL ppu": "$6.40 per 100mL",
    "COL Size": "250mL"
  },
  {
    "Brand_Product_Size": "Darrell Lea Soft Centres 255g",
    "COL Price": 15,
    "COL ppu": "$5.88 per 100G",
    "COL Size": "255g"
  },
  {
    "Brand_Product_Size": "Fountain Hot Chilli Sauce 250mL",
    "COL Price": 2.7,
    "COL ppu": "$1.08 per 100mL",
    "COL Size": "250mL"
  },
  {
    "Brand_Product_Size": "Coles Garlic Prawn Skewers Made With Aussie Prawns Thawed 5Pk 5 pack",
    "COL Price": 12.5,
    "COL ppu": "$2.50 per 1Ea",
    "COL Size": "5 pack"
  },
  {
    "Brand_Product_Size": "Wellness Road Organic Flaxseed Oil 200mL",
    "COL Price": 10,
    "COL ppu": "$5.00 per 100mL",
    "COL Size": "200mL"
  },
  {
    "Brand_Product_Size": "Campbell's Chunky Soup Chilli Beef 505g",
    "COL Price": 3.5,
    "COL ppu": "$0.69 per 100G",
    "COL Size": "505g"
  },
  {
    "Brand_Product_Size": "Trolli Strawberry Clouds 150g",
    "COL Price": 1.85,
    "COL ppu": "$1.23 per 100G",
    "COL Size": "150g"
  },
  {
    "Brand_Product_Size": "Coles Extra Mild Olive Oil 500mL",
    "COL Price": 4,
    "COL ppu": "$0.80 per 100mL",
    "COL Size": "500mL"
  },
  {
    "Brand_Product_Size": "Blistex Lip Balm Conditioner SPF30 7g",
    "COL Price": 5,
    "COL ppu": "$71.43 per 100G",
    "COL Size": "7g"
  },
  {
    "Brand_Product_Size": "Coles Pesto'naise 340g",
    "COL Price": 2.75,
    "COL ppu": "$0.81 per 100G",
    "COL Size": "340g"
  },
  {
    "Brand_Product_Size": "Quorn Meat Free Mince 300g",
    "COL Price": 6.2,
    "COL ppu": "$2.07 per 100G",
    "COL Size": "300g"
  },
  {
    "Brand_Product_Size": "Purina Lucky Dog Meaty Chews With Real Beef & Chewy Rawhide Dog Treat 4 pack",
    "COL Price": 4.5,
    "COL ppu": "$1.13 per 1Ea",
    "COL Size": "4 pack"
  },
  {
    "Brand_Product_Size": "Aeroplane Mousse Chocolate 65g",
    "COL Price": 1.75,
    "COL ppu": "$2.69 per 100G",
    "COL Size": "65g"
  },
  {
    "Brand_Product_Size": "Haagen-Dazs Belgian Choc Ice Cream Tub 457mL",
    "COL Price": 7,
    "COL ppu": "$1.53 per 100mL",
    "COL Size": "457mL"
  },
  {
    "Brand_Product_Size": "SPC Spaghetti in Tomato & Cheese 420g",
    "COL Price": 1.4,
    "COL ppu": "$0.33 per 100G",
    "COL Size": "420g"
  },
  {
    "Brand_Product_Size": "Earth Choice Multi-Purpose Cleaner Trigger Spray 600mL",
    "COL Price": 3.2,
    "COL ppu": "$0.53 per 100mL",
    "COL Size": "600mL"
  },
  {
    "Brand_Product_Size": "Aussie Bodies Low Carb Choc Mint 120g",
    "COL Price": 9,
    "COL ppu": "$7.50 per 100G",
    "COL Size": "120g"
  },
  {
    "Brand_Product_Size": "Lynx Aerosol Dark Temptation Deodorant 165mL",
    "COL Price": 7,
    "COL ppu": "$4.24 per 100mL",
    "COL Size": "165mL"
  },
  {
    "Brand_Product_Size": "Cook With Curtis Mexican Recipe Beef Mince 500g",
    "COL Price": 9,
    "COL ppu": "$18.00 per 1Kg",
    "COL Size": "500g"
  },
  {
    "Brand_Product_Size": "Strauss SP Hommus Dip 500g",
    "COL Price": 15.5,
    "COL ppu": "$3.10 per 100G",
    "COL Size": "500g"
  },
  {
    "Brand_Product_Size": "Lipton Ice Tea Drink Raspberry 500mL",
    "COL Price": 1.9,
    "COL ppu": "$3.80 per 1L",
    "COL Size": "500mL"
  },
  {
    "Brand_Product_Size": "Just Juice Apple Juice Multipack 200mL 6 pack",
    "COL Price": 5.3,
    "COL ppu": "$0.88 per 1Ea",
    "COL Size": "6 pack"
  },
  {
    "Brand_Product_Size": "Polly Pocket Tiny Pocket World each",
    "COL Price": 7,
    "COL ppu": "$7.00 per 1Ea",
    "COL Size": "each"
  },
  {
    "Brand_Product_Size": "Coles Pears in Blackcurrant Flavoured Jelly 500g",
    "COL Price": 2.2,
    "COL ppu": "$4.40 per 1Kg",
    "COL Size": "500g"
  },
  {
    "Brand_Product_Size": "Mars M&M's Peanuts Large Bag 380g",
    "COL Price": 6,
    "COL ppu": "$1.58 per 100G",
    "COL Size": "380g"
  },
  {
    "Brand_Product_Size": "Benny's Hoisin Sauce 840g",
    "COL Price": 9,
    "COL ppu": "$1.07 per 100G",
    "COL Size": "840g"
  },
  {
    "Brand_Product_Size": "Coles Vanilla Flavour Custard 600g",
    "COL Price": 1.9,
    "COL ppu": "$0.32 per 100G",
    "COL Size": "600g"
  },
  {
    "Brand_Product_Size": "Lee Kum Kee Mongolian Lamb Stir Fry Sauce Pouch 120g",
    "COL Price": 2.2,
    "COL ppu": "$1.83 per 100G",
    "COL Size": "120g"
  },
  {
    "Brand_Product_Size": "U By Kotex Overnight Extra Regular Wings Pads 10 pack",
    "COL Price": 4,
    "COL ppu": "$0.40 per 1Ea",
    "COL Size": "10 pack"
  },
  {
    "Brand_Product_Size": "Coles Meals Thai Chicken Curry With Rice 350g",
    "COL Price": 3.8,
    "COL ppu": "$1.09 per 100G",
    "COL Size": "350g"
  },
  {
    "Brand_Product_Size": "Nescafe Quality Street Hazn Caramel Hot Chocolate The Purple One 290g",
    "COL Price": 6.5,
    "COL ppu": "$2.24 per 100G",
    "COL Size": "290g"
  },
  {
    "Brand_Product_Size": "Coles Baked Beans In Tomato Sauce 220g",
    "COL Price": 0.9,
    "COL ppu": "$0.41 per 100G",
    "COL Size": "220g"
  },
  {
    "Brand_Product_Size": "Fever-Tree Premium Indian Tonic Water Multipack 4x200mL 4 pack",
    "COL Price": 6,
    "COL ppu": "$7.50 per 1L",
    "COL Size": "4 pack"
  },
  {
    "Brand_Product_Size": "Lynx Leather + Cookies Body Wash Collision 400mL",
    "COL Price": 6,
    "COL ppu": "$1.50 per 100mL",
    "COL Size": "400mL"
  },
  {
    "Brand_Product_Size": "Arnott's Classic Assorted Biscuits 500g",
    "COL Price": 4.5,
    "COL ppu": "$0.90 per 100G",
    "COL Size": "500g"
  },
  {
    "Brand_Product_Size": "Chris's Plant Based Corn Relish Dip 200g",
    "COL Price": 3,
    "COL ppu": "$1.50 per 100G",
    "COL Size": "200g"
  },
  {
    "Brand_Product_Size": "Garnier Olia Blonde 8.0 Hair Colour 1 pack",
    "COL Price": 8.5,
    "COL ppu": "$8.50 per 1Ea",
    "COL Size": "1 pack"
  },
  {
    "Brand_Product_Size": "Coles Petite Pavlovas 9 pack 120g",
    "COL Price": 5,
    "COL ppu": "$4.17 per 100G",
    "COL Size": "120g"
  },
  {
    "Brand_Product_Size": "CUB Nappy Pants Walker Size 5 Jumbo 46 pack",
    "COL Price": 16,
    "COL ppu": "$0.35 per 1Ea",
    "COL Size": "46 pack"
  },
  {
    "Brand_Product_Size": "Udder Delights Adelaide Hills Double Cream Brie Cheese 200g",
    "COL Price": 9,
    "COL ppu": "$4.50 per 100G",
    "COL Size": "200g"
  },
  {
    "Brand_Product_Size": "Don Deli Classic Ham approx. 125g",
    "COL Price": 2,
    "COL ppu": "$16.00 per 1Kg",
    "COL Size": "approx. 125g"
  },
  {
    "Brand_Product_Size": "Fry's Meat Free Big Fry Burger 224g",
    "COL Price": 5.6,
    "COL ppu": "$2.50 per 100G",
    "COL Size": "224g"
  },
  {
    "Brand_Product_Size": "Dole Pineapple Pieces 115g",
    "COL Price": 1.1,
    "COL ppu": "$9.57 per 1Kg",
    "COL Size": "115g"
  },
  {
    "Brand_Product_Size": "Gillette Mach3+ Razor Cartridge 4 pack",
    "COL Price": 14.5,
    "COL ppu": "$3.63 per 1Ea",
    "COL Size": "4 pack"
  },
  {
    "Brand_Product_Size": "Springhill Farm Slice Biscuit Lemon White Choc 150g",
    "COL Price": 4,
    "COL ppu": "$2.67 per 100G",
    "COL Size": "150g"
  },
  {
    "Brand_Product_Size": "Dr Beckmann Colour Run Remover 2 pack",
    "COL Price": 6,
    "COL ppu": "$3.00 per 1Ea",
    "COL Size": "2 pack"
  },
  {
    "Brand_Product_Size": "Coles Kitchen Family Vegetable Medley 750g",
    "COL Price": 6.5,
    "COL ppu": "$0.87 per 100G",
    "COL Size": "750g"
  },
  {
    "Brand_Product_Size": "Mr Sheen Pot Pourri Furniture Polish Trigger Spray 375mL",
    "COL Price": 6.2,
    "COL ppu": "$1.65 per 100mL",
    "COL Size": "375mL"
  },
  {
    "Brand_Product_Size": "Powerade Mountain Blast Sports Drink 1L",
    "COL Price": 4.65,
    "COL ppu": "$4.65 per 1L",
    "COL Size": "1L"
  },
  {
    "Brand_Product_Size": "Arizona Peach Iced Tea 1.5L",
    "COL Price": 3.4,
    "COL ppu": "$2.27 per 1L",
    "COL Size": "1.5L"
  },
  {
    "Brand_Product_Size": "Huon Premium Fresh Salmon Skin Off Portions 2 Pack 280g",
    "COL Price": 14,
    "COL ppu": "$50.00 per 1Kg",
    "COL Size": "280g"
  },
  {
    "Brand_Product_Size": "Clearasil Ultra 5 In 1 Wash 150mL",
    "COL Price": 14.5,
    "COL ppu": "$9.67 per 100mL",
    "COL Size": "150mL"
  },
  {
    "Brand_Product_Size": "Armor All Carpet & Upholstery Foam Cleaner 500g",
    "COL Price": 13.5,
    "COL ppu": "$13.50 per 1ea",
    "COL Size": "500g"
  },
  {
    "Brand_Product_Size": "Gillette Mach3 Turbo 3D Razor Cartridge 8 pack",
    "COL Price": 26.5,
    "COL ppu": "$3.31 per 1Ea",
    "COL Size": "8 pack"
  },
  {
    "Brand_Product_Size": "Sukin Sheer Touch Facial Sunscreen Light/Medium SPF30 60mL",
    "COL Price": 25,
    "COL ppu": "$41.67 per 100mL",
    "COL Size": "60mL"
  },
  {
    "Brand_Product_Size": "Weight Watchers Beef Bolognese 320g",
    "COL Price": 4,
    "COL ppu": "$1.25 per 100G",
    "COL Size": "320g"
  },
  {
    "Brand_Product_Size": "Coles Gluten Free Organic Brown Rice Cakes 150g",
    "COL Price": 2.5,
    "COL ppu": "$1.67 per 100G",
    "COL Size": "150g"
  },
  {
    "Brand_Product_Size": "Coles Jasmine Rice 5kg",
    "COL Price": 12.5,
    "COL ppu": "$0.25 per 100G",
    "COL Size": "5kg"
  },
  {
    "Brand_Product_Size": "My Life Bio Cheese Dairy Free Shredded Cheddar Cheese 200g",
    "COL Price": 8,
    "COL ppu": "$40.00 per 1Kg",
    "COL Size": "200g"
  },
  {
    "Brand_Product_Size": "Coles Deli Express Beetroot With Dukkah Dip 150g",
    "COL Price": 3.5,
    "COL ppu": "$2.33 per 100G",
    "COL Size": "150g"
  },
  {
    "Brand_Product_Size": "Cadbury Cherry Ripe Chocolate Bars Twin Pack 80g",
    "COL Price": 2.5,
    "COL ppu": "$3.13 per 100G",
    "COL Size": "80g"
  },
  {
    "Brand_Product_Size": "Coles Double Chocolate Brownie Mix 500g",
    "COL Price": 2.5,
    "COL ppu": "$5.00 per 1G",
    "COL Size": "500g"
  },
  {
    "Brand_Product_Size": "Birds Eye Frozen Steam Fresh Fish Fillets With Parsley & Citrus Sauce 2 Pack 380g",
    "COL Price": 6,
    "COL ppu": "$15.79 per 1Kg",
    "COL Size": "380g"
  },
  {
    "Brand_Product_Size": "Deep Spring Mineral Water Lemon Lime 4 pack",
    "COL Price": 5.1,
    "COL ppu": "$5.10 per 1L",
    "COL Size": "4 pack"
  },
  {
    "Brand_Product_Size": "Nescafe Coffee Sachets Hazelnut 26 pack",
    "COL Price": 11,
    "COL ppu": "$0.42 per 1Ea",
    "COL Size": "26 pack"
  },
  {
    "Brand_Product_Size": "Schweppes Mexican Lime Signature Soft Drink Bottle 300mL 4 pack",
    "COL Price": 6.65,
    "COL ppu": "$5.54 per 1L",
    "COL Size": "4 pack"
  },
  {
    "Brand_Product_Size": "Coles Pineapple Drink 1.25L",
    "COL Price": 1,
    "COL ppu": "$0.80 per 1L",
    "COL Size": "1.25L"
  },
  {
    "Brand_Product_Size": "Twinings Tea Bags Lady Grey 100 pack",
    "COL Price": 5.6,
    "COL ppu": "$0.06 per 1Ea",
    "COL Size": "100 pack"
  },
  {
    "Brand_Product_Size": "Rosella Squeezy Tomato Sauce 500mL",
    "COL Price": 3,
    "COL ppu": "$0.60 per 100mL",
    "COL Size": "500mL"
  },
  {
    "Brand_Product_Size": "Cook & Dine Coloured Serviettes 50 pack",
    "COL Price": 3,
    "COL ppu": "$0.06 per 1Ea",
    "COL Size": "50 pack"
  },
  {
    "Brand_Product_Size": "Coles Dark Compound Choc Buttons 375g",
    "COL Price": 2.5,
    "COL ppu": "$0.67 per 100G",
    "COL Size": "375g"
  },
  {
    "Brand_Product_Size": "Carman's Salted Dark Choc & Almond Gourmet Protein Bars 5 pack 200g",
    "COL Price": 6.3,
    "COL ppu": "$3.15 per 100G",
    "COL Size": "200g"
  },
  {
    "Brand_Product_Size": "Tracklements Fig Relish 250g",
    "COL Price": 14.75,
    "COL ppu": "$5.90 per 100G",
    "COL Size": "250g"
  },
  {
    "Brand_Product_Size": "Coles Lemonade 1.25L",
    "COL Price": 1,
    "COL ppu": "$0.80 per 1L",
    "COL Size": "1.25L"
  },
  {
    "Brand_Product_Size": "Head & Shoulders 2 in 1 Ultra Men Old Spice Shampoo 550mL",
    "COL Price": 9.5,
    "COL ppu": "$1.73 per 100mL",
    "COL Size": "550mL"
  },
  {
    "Brand_Product_Size": "Sukin Volumising Thickening Spritz Spray 125mL",
    "COL Price": 15.95,
    "COL ppu": "$12.76 per 100mL",
    "COL Size": "125mL"
  },
  {
    "Brand_Product_Size": "Coles Gold Sweet Potatoes Prepacked 1kg",
    "COL Price": 4.5,
    "COL ppu": "$4.50 per 1Kg",
    "COL Size": "1kg"
  },
  {
    "Brand_Product_Size": "Radox Feel Heavenly with Coconut Extract Body Wash 1L",
    "COL Price": 7,
    "COL ppu": "$0.70 per 100mL",
    "COL Size": "1L"
  },
  {
    "Brand_Product_Size": "Head & Shoulders Conditioner Smooth & Silky 400mL",
    "COL Price": 6.75,
    "COL ppu": "$1.69 per 100mL",
    "COL Size": "400mL"
  },
  {
    "Brand_Product_Size": "Maybelline Super Stay Full Coverage Under Eye Concealer 20 Sand 6mL",
    "COL Price": 11,
    "COL ppu": "$18.33 per 10mL",
    "COL Size": "6mL"
  },
  {
    "Brand_Product_Size": "Nestle Honeycomb Smash Kit Kat Block 170g",
    "COL Price": 3,
    "COL ppu": "$1.76 per 100G",
    "COL Size": "170g"
  },
  {
    "Brand_Product_Size": "Coles Natural Almonds Prepacked 350g",
    "COL Price": 6,
    "COL ppu": "$17.14 per 1Kg",
    "COL Size": "350g"
  },
  {
    "Brand_Product_Size": "Coles Deli Snack Greek Salad each",
    "COL Price": 3,
    "COL ppu": "$3.00 per 1Ea",
    "COL Size": "each"
  },
  {
    "Brand_Product_Size": "Pauls Zymil Gluten free & lactose Free Full Cream Milk 2L",
    "COL Price": 5.6,
    "COL ppu": "$2.80 per 1L",
    "COL Size": "2L"
  },
  {
    "Brand_Product_Size": "Multix Large Garbage Trolley Bin Liners Bags 10 pack",
    "COL Price": 5.5,
    "COL ppu": "$0.55 per 1Ea",
    "COL Size": "10 pack"
  },
  {
    "Brand_Product_Size": "Coles Iceberg Lettuce each",
    "COL Price": 4.5,
    "COL ppu": "$4.50 per 1Ea",
    "COL Size": "each"
  },
  {
    "Brand_Product_Size": "Old Town 3 In 1 Hazelnut White Coffee 570g",
    "COL Price": 7,
    "COL ppu": "$1.23 per 100G",
    "COL Size": "570g"
  },
  {
    "Brand_Product_Size": "Gillette Mach3+ Razor Cartridge 8 pack",
    "COL Price": 26,
    "COL ppu": "$3.25 per 1Ea",
    "COL Size": "8 pack"
  },
  {
    "Brand_Product_Size": "Bega Cashew Spread Smooth 325g",
    "COL Price": 5,
    "COL ppu": "$1.54 per 100G",
    "COL Size": "325g"
  },
  {
    "Brand_Product_Size": "Coles Kitchen Chicken Noodle Soup 300g",
    "COL Price": 3,
    "COL ppu": "$1.00 per 100G",
    "COL Size": "300g"
  },
  {
    "Brand_Product_Size": "Sakata Seaweed Rice Crackers 90g",
    "COL Price": 2,
    "COL ppu": "$2.22 per 100G",
    "COL Size": "90g"
  },
  {
    "Brand_Product_Size": "Bic 4 Colour Pens 3 pack",
    "COL Price": 5.6,
    "COL ppu": "",
    "COL Size": "3 pack"
  },
  {
    "Brand_Product_Size": "Coles Beechwood Smoked Picnic Ham approx. 2.7kg each",
    "COL Price": 21.6,
    "COL ppu": "$8.00 per 1Kg",
    "COL Size": "approx. 2.7kg each"
  },
  {
    "Brand_Product_Size": "Scunci Barrette Snap Clips 10 pieces 1 pack",
    "COL Price": 5,
    "COL ppu": "$5.00 per 1Ea",
    "COL Size": "1 pack"
  },
  {
    "Brand_Product_Size": "No Doz Awakeners Tablets 24 pack",
    "COL Price": 6,
    "COL ppu": "$0.25 per 1Ea",
    "COL Size": "24 pack"
  },
  {
    "Brand_Product_Size": "Sunrice Original Thick Rice Cakes 150g",
    "COL Price": 2,
    "COL ppu": "$1.33 per 100G",
    "COL Size": "150g"
  },
  {
    "Brand_Product_Size": "Coles Kitchen Macaroni Cheese 350g",
    "COL Price": 7.5,
    "COL ppu": "$2.14 per 100G",
    "COL Size": "350g"
  },
  {
    "Brand_Product_Size": "Starbucks Nescafe Dolce Gusto Capsules Caramel Macchiato 12 pack",
    "COL Price": 5,
    "COL ppu": "$0.42 per 1Ea",
    "COL Size": "12 pack"
  },
  {
    "Brand_Product_Size": "Toblerone Frozen Almondy Choc Cake 400g",
    "COL Price": 13,
    "COL ppu": "$3.25 per 100G",
    "COL Size": "400g"
  },
  {
    "Brand_Product_Size": "Vicks VapoDrops Cough Honey Lemon Menthol Lozenges 36 pack",
    "COL Price": 9,
    "COL ppu": "$0.25 per 1Ea",
    "COL Size": "36 pack"
  },
  {
    "Brand_Product_Size": "Coles Golden Citrus Salad Dressing 250mL",
    "COL Price": 4,
    "COL ppu": "$1.60 per 100mL",
    "COL Size": "250mL"
  },
  {
    "Brand_Product_Size": "Snickers Ice Bar 6 pack 318mL",
    "COL Price": 8.5,
    "COL ppu": "$2.67 per 100mL",
    "COL Size": "318mL"
  },
  {
    "Brand_Product_Size": "Hans Devon approx. 125g",
    "COL Price": 1.075,
    "COL ppu": "$8.60 per 1Kg",
    "COL Size": "approx. 125g"
  },
  {
    "Brand_Product_Size": "Wattle Valley Chunky Chilli Red With Cashews & Parmesan Dip 150g",
    "COL Price": 4.6,
    "COL ppu": "$3.07 per 100G",
    "COL Size": "150g"
  },
  {
    "Brand_Product_Size": "Golden Days Gluten Free Yoghurt Sesame Snaps 40g",
    "COL Price": 1.15,
    "COL ppu": "$2.88 per 100G",
    "COL Size": "40g"
  },
  {
    "Brand_Product_Size": "Pedigree Loaf With Beef & Vegies Adult Wet Dog Food Can 1.2kg",
    "COL Price": 3.5,
    "COL ppu": "$0.29 per 100G",
    "COL Size": "1.2kg"
  },
  {
    "Brand_Product_Size": "Monster Ultra Rosa Energy Drink 500mL",
    "COL Price": 3.6,
    "COL ppu": "$7.20 per 1L",
    "COL Size": "500mL"
  },
  {
    "Brand_Product_Size": "Coles Bakery Vegemite Scroll each",
    "COL Price": 2,
    "COL ppu": "$2.00 per 1Ea",
    "COL Size": "each"
  },
  {
    "Brand_Product_Size": "Scunci 4mm No Damage Black Elastics 60 pack",
    "COL Price": 10.5,
    "COL ppu": "$10.50 per 60Ea",
    "COL Size": "60 pack"
  },
  {
    "Brand_Product_Size": "Carman's Classic Fruit & Nut Muesli 875g",
    "COL Price": 8,
    "COL ppu": "$0.91 per 100G",
    "COL Size": "875g"
  },
  {
    "Brand_Product_Size": "Coles Dark Compound Choc Block 200g",
    "COL Price": 1.5,
    "COL ppu": "$0.75 per 100G",
    "COL Size": "200g"
  },
  {
    "Brand_Product_Size": "Colgate Max White Medium Manual Toothbrush 3 pack",
    "COL Price": 10,
    "COL ppu": "$3.33 per 1Ea",
    "COL Size": "3 pack"
  },
  {
    "Brand_Product_Size": "Connoisseur Mini Salted Caramel With Macadamia Gourmet Ice Cream Sticks 6 pack 360mL",
    "COL Price": 8.6,
    "COL ppu": "$2.39 per 100mL",
    "COL Size": "360mL"
  },
  {
    "Brand_Product_Size": "Coles Brioche Hot Dog Roll 6 pack 270g",
    "COL Price": 2.7,
    "COL ppu": "$1.00 per 100G",
    "COL Size": "270g"
  },
  {
    "Brand_Product_Size": "Duru Freekah 500g",
    "COL Price": 4,
    "COL ppu": "$0.80 per 100G",
    "COL Size": "500g"
  },
  {
    "Brand_Product_Size": "Pattu Red Split Lentils 1 kg",
    "COL Price": 4,
    "COL ppu": "$4.00 per 1Kg",
    "COL Size": "1 kg"
  },
  {
    "Brand_Product_Size": "Coles Kitchen Creme Royale Potato Mash 350g",
    "COL Price": 4,
    "COL ppu": "$11.43 per 1Kg",
    "COL Size": "350g"
  },
  {
    "Brand_Product_Size": "Movietime Movie Theatre Butter Microwave Popcorn 100g",
    "COL Price": 1.69,
    "COL ppu": "$1.69 per 100G",
    "COL Size": "100g"
  },
  {
    "Brand_Product_Size": "Cenovis Men's Multi+ Performance Once Daily Capsules 50 pack",
    "COL Price": 20,
    "COL ppu": "$0.40 per 1Ea",
    "COL Size": "50 pack"
  },
  {
    "Brand_Product_Size": "Coles Avocados Prepacked 5 pack",
    "COL Price": 8.9,
    "COL ppu": "$1.78 per 1Ea",
    "COL Size": "5 pack"
  },
  {
    "Brand_Product_Size": "Continental Cup A Soup Chinese Chicken & Corn With Lots of Noodles Serves 2 66g",
    "COL Price": 2.1,
    "COL ppu": "$3.18 per 100G",
    "COL Size": "66g"
  },
  {
    "Brand_Product_Size": "Normandie Black Peppercorn Chicken Pate 150g",
    "COL Price": 4.5,
    "COL ppu": "$3.00 per 100G",
    "COL Size": "150g"
  },
  {
    "Brand_Product_Size": "Soothers Butter-Menthol Medicated Throat Lozenges 3 pack",
    "COL Price": 4,
    "COL ppu": "$4.00 per 1Ea",
    "COL Size": "3 pack"
  },
  {
    "Brand_Product_Size": "Sudocrem Healing Cream 250g",
    "COL Price": 16.49,
    "COL ppu": "$6.60 per 100G",
    "COL Size": "250g"
  },
  {
    "Brand_Product_Size": "Nestle KitKat Milk Chocolate Block 170g",
    "COL Price": 3,
    "COL ppu": "$1.76 per 100G",
    "COL Size": "170g"
  },
  {
    "Brand_Product_Size": "Healtheries Kidscare Rice Wheels Chicken 126g",
    "COL Price": 4.75,
    "COL ppu": "$3.77 per 100G",
    "COL Size": "126g"
  },
  {
    "Brand_Product_Size": "Coles Baby Cucumbers Prepacked 250g",
    "COL Price": 4.5,
    "COL ppu": "$18.00 per 1Kg",
    "COL Size": "250g"
  },
  {
    "Brand_Product_Size": "Nivea Men Deep Amazonia Aerosol 250mL",
    "COL Price": 6.5,
    "COL ppu": "$2.60 per 100mL",
    "COL Size": "250mL"
  },
  {
    "Brand_Product_Size": "Coles Organic Green Zucchini Prepacked 500g",
    "COL Price": 6.5,
    "COL ppu": "$13.00 per 1Kg",
    "COL Size": "500g"
  },
  {
    "Brand_Product_Size": "Lock & Lock Eco Square Container 870mL 1 pack",
    "COL Price": 8,
    "COL ppu": "$8.00 per 1Ea",
    "COL Size": "1 pack"
  },
  {
    "Brand_Product_Size": "Perugina Milk Chocolate With Almonds 86g",
    "COL Price": 4.4,
    "COL ppu": "$0.51 per 10G",
    "COL Size": "86g"
  },
  {
    "Brand_Product_Size": "Annabel Karmel Meals Bolognaise Pasta Bake 200g",
    "COL Price": 4,
    "COL ppu": "$2.00 per 100G",
    "COL Size": "200g"
  },
  {
    "Brand_Product_Size": "Cottee's Apple & Raspberry Cordial 1L",
    "COL Price": 4.2,
    "COL ppu": "$4.20 per 1L",
    "COL Size": "1L"
  },
  {
    "Brand_Product_Size": "Coles Dry Shampoo 150g",
    "COL Price": 6,
    "COL ppu": "$4.00 per 100G",
    "COL Size": "150g"
  },
  {
    "Brand_Product_Size": "Coles Epsom Salts 1kg",
    "COL Price": 6,
    "COL ppu": "$6.00 per 1KG",
    "COL Size": "1kg"
  },
  {
    "Brand_Product_Size": "Carman's Super Berry Cranberry Blueberry & Goji Muesli 500g",
    "COL Price": 6,
    "COL ppu": "$1.20 per 100G",
    "COL Size": "500g"
  },
  {
    "Brand_Product_Size": "Kellogg's LCMs Yoghurty Split Stix Puffed Rice Snack Bars 15 pack 345g",
    "COL Price": 7,
    "COL ppu": "$2.03 per 100G",
    "COL Size": "345g"
  },
  {
    "Brand_Product_Size": "Easiyo Greek Style Unsweetened Yoghurt 170g",
    "COL Price": 4.7,
    "COL ppu": "$2.76 per 100G",
    "COL Size": "170g"
  },
  {
    "Brand_Product_Size": "The Bar Counter High Protein Dark Chocolate & Almond",
    "COL Price": 2.5,
    "COL ppu": "",
    "COL Size": ""
  },
  {
    "Brand_Product_Size": "Natural Chip Co. Roast Chicken Chips 175g",
    "COL Price": 3.5,
    "COL ppu": "$2.00 per 100G",
    "COL Size": "175g"
  },
  {
    "Brand_Product_Size": "Macy & Tailor Pressed Pretzels Salted 180g",
    "COL Price": 3,
    "COL ppu": "$1.67 per 100G",
    "COL Size": "180g"
  },
  {
    "Brand_Product_Size": "Pain Away Tube Ultra 125mL",
    "COL Price": 24,
    "COL ppu": "$19.20 per 100G",
    "COL Size": "125mL"
  },
  {
    "Brand_Product_Size": "Blackmores Bio Magnesium Tablets 100 pack",
    "COL Price": 34,
    "COL ppu": "$34.00 per 100Ea",
    "COL Size": "100 pack"
  },
  {
    "Brand_Product_Size": "Arkadia Vegan Chai Tea 240g",
    "COL Price": 6.5,
    "COL ppu": "$2.71 per 100G",
    "COL Size": "240g"
  },
  {
    "Brand_Product_Size": "Nerf Dog Squeak Tennis & Translucent TPR Sonic Ball 3 pack",
    "COL Price": 14,
    "COL ppu": "$4.67 per 1Ea",
    "COL Size": "3 pack"
  },
  {
    "Brand_Product_Size": "Kynd Glow Hair Skin & Nails 30 pack",
    "COL Price": 30,
    "COL ppu": "",
    "COL Size": "30 pack"
  },
  {
    "Brand_Product_Size": "Mini Manual Umbrella Purple each",
    "COL Price": 13,
    "COL ppu": "$13.00 per 1Ea",
    "COL Size": "each"
  },
  {
    "Brand_Product_Size": "Nivea Men Invisible Black And White Power Aerosol Antiperspirant Deodorant 250mL",
    "COL Price": 6.5,
    "COL ppu": "$2.60 per 100mL",
    "COL Size": "250mL"
  },
  {
    "Brand_Product_Size": "Golden Circle Guava Nectar Fruit Drink 1L",
    "COL Price": 2.4,
    "COL ppu": "$2.40 per 1L",
    "COL Size": "1L"
  },
  {
    "Brand_Product_Size": "Coles Vegan Vegetable Dim Sims 200g",
    "COL Price": 6,
    "COL ppu": "$3.00 per 100G",
    "COL Size": "200g"
  },
  {
    "Brand_Product_Size": "Modo Bamboo Lunch Serviettes 50pack",
    "COL Price": 3,
    "COL ppu": "$0.06 per 1Ea",
    "COL Size": "50pack"
  },
  {
    "Brand_Product_Size": "Passage Foods Passage To Asia Satay Chicken Stir Fry Sauce 200g",
    "COL Price": 3,
    "COL ppu": "$1.50 per 100G",
    "COL Size": "200g"
  },
  {
    "Brand_Product_Size": "Kiwi Express Black Shoe Shine 7mL",
    "COL Price": 6.5,
    "COL ppu": "$92.86 per 100mL",
    "COL Size": "7mL"
  },
  {
    "Brand_Product_Size": "Saxa Iodised Grinder Sea Salt 90g",
    "COL Price": 5,
    "COL ppu": "$0.56 per 10G",
    "COL Size": "90g"
  },
  {
    "Brand_Product_Size": "Duracell Coppertop AAAA E96 Batteries 2 pack",
    "COL Price": 8,
    "COL ppu": "$4.00 per 1Ea",
    "COL Size": "2 pack"
  },
  {
    "Brand_Product_Size": "Maharajah's Choice Plain Pappadams 100g",
    "COL Price": 1.5,
    "COL ppu": "$1.50 per 100G",
    "COL Size": "100g"
  },
  {
    "Brand_Product_Size": "Kan Tong Sticky Chicken Teriyaki Sauce 175g",
    "COL Price": 2.9,
    "COL ppu": "$1.66 per 100G",
    "COL Size": "175g"
  },
  {
    "Brand_Product_Size": "John West Tempters Tuna & Tangy Jalapenos 95g",
    "COL Price": 2.3,
    "COL ppu": "$24.21 per 1Kg",
    "COL Size": "95g"
  },
  {
    "Brand_Product_Size": "Sunbites Snack Crackers Tomato Salsa 110g",
    "COL Price": 3,
    "COL ppu": "$2.73 per 100G",
    "COL Size": "110g"
  },
  {
    "Brand_Product_Size": "Voltaren Emulgel Muscle and Back Pain Relief 50g",
    "COL Price": 14.5,
    "COL ppu": "$29.00 per 100G",
    "COL Size": "50g"
  },
  {
    "Brand_Product_Size": "Three Threes Mint Jelly 300g",
    "COL Price": 2.2,
    "COL ppu": "$0.73 per 100G",
    "COL Size": "300g"
  },
  {
    "Brand_Product_Size": "Nature's Way Natural Instant Protein Powder 375g",
    "COL Price": 21,
    "COL ppu": "$5.60 per 100G",
    "COL Size": "375g"
  },
  {
    "Brand_Product_Size": "Energizer Wall Adapter Dual USB 1 pack",
    "COL Price": 20,
    "COL ppu": "$20.00 per 1Ea",
    "COL Size": "1 pack"
  },
  {
    "Brand_Product_Size": "Coles Belgian 85% Cocoa Dark Chocolate Blocks 100g",
    "COL Price": 2.5,
    "COL ppu": "$2.50 per 100G",
    "COL Size": "100g"
  },
  {
    "Brand_Product_Size": "Easiyo Natural Unsweetened Yoghurt 140g",
    "COL Price": 4.7,
    "COL ppu": "$3.36 per 100G",
    "COL Size": "140g"
  },
  {
    "Brand_Product_Size": "UW Womens Smooth Lines Hi Cut 16/18 2 pack",
    "COL Price": 12,
    "COL ppu": "$6.00 per 1Ea",
    "COL Size": "2 pack"
  },
  {
    "Brand_Product_Size": "Darrell Lea Choc Twists Milk Choc & Liquorice 200g",
    "COL Price": 4.4,
    "COL ppu": "$2.20 per 100G",
    "COL Size": "200g"
  },
  {
    "Brand_Product_Size": "Coles Mini Chocolate Chip Muffins 9 pack",
    "COL Price": 3.5,
    "COL ppu": "$0.39 per 1Ea",
    "COL Size": "9 pack"
  },
  {
    "Brand_Product_Size": "Coles Durum Wheat Pasta Shells Large 500g",
    "COL Price": 1,
    "COL ppu": "$0.20 per 100G",
    "COL Size": "500g"
  },
  {
    "Brand_Product_Size": "Odor Eaters Active Wear each",
    "COL Price": 7,
    "COL ppu": "$7.00 per 1Ea",
    "COL Size": "each"
  },
  {
    "Brand_Product_Size": "Lemsip All In One Hot Drinks 10 pack",
    "COL Price": 14.99,
    "COL ppu": "$1.50 per 1Ea",
    "COL Size": "10 pack"
  },
  {
    "Brand_Product_Size": "Fluffy Field Flowers Tumble Dryer Sheets 40 pack",
    "COL Price": 6.7,
    "COL ppu": "$0.17 per 1Ea",
    "COL Size": "40 pack"
  },
  {
    "Brand_Product_Size": "Coles Frozen Lemon Tart 450g",
    "COL Price": 5,
    "COL ppu": "$1.11 per 100G",
    "COL Size": "450g"
  },
  {
    "Brand_Product_Size": "Coles Half Orange Candy Melon each",
    "COL Price": 2,
    "COL ppu": "$2.00 per 1Ea",
    "COL Size": "each"
  },
  {
    "Brand_Product_Size": "Coles Urban Coffee Culture Intensity 10 Organic Coffee Beans 250g",
    "COL Price": 5,
    "COL ppu": "$2.00 per 100G",
    "COL Size": "250g"
  },
  {
    "Brand_Product_Size": "Coles Deli Thawed Cooked Medium Black Tiger Prawns approx. 250g",
    "COL Price": 5.5,
    "COL ppu": "$22.00 per 1Kg",
    "COL Size": "approx. 250g"
  },
  {
    "Brand_Product_Size": "Dove Glowing Mango Body wash 1L",
    "COL Price": 13.7,
    "COL ppu": "$1.37 per 100mL",
    "COL Size": "1L"
  },
  {
    "Brand_Product_Size": "Musashi Vanilla Milkshake Flavour High Protein Powder 375g",
    "COL Price": 20,
    "COL ppu": "$5.33 per 100G",
    "COL Size": "375g"
  },
  {
    "Brand_Product_Size": "Coles Kitchen Ultra Green Soup 300g",
    "COL Price": 3,
    "COL ppu": "$1.00 per 100G",
    "COL Size": "300g"
  },
  {
    "Brand_Product_Size": "The Sweetporium Co. Rhubarb Custard Lollies 200g",
    "COL Price": 2.5,
    "COL ppu": "$1.25 per 100G",
    "COL Size": "200g"
  },
  {
    "Brand_Product_Size": "Kolotex Sheer Relief Knee Hi Mid Beige One size 1 pack",
    "COL Price": 8,
    "COL ppu": "",
    "COL Size": "1 pack"
  },
  {
    "Brand_Product_Size": "U By Kotex Overnight Ultra Thin Pads With Wings 10 pack",
    "COL Price": 4,
    "COL ppu": "$0.40 per 1Ea",
    "COL Size": "10 pack"
  },
  {
    "Brand_Product_Size": "Twinings Lemon & Ginger Infusions Tea Bags 40 pack 60g",
    "COL Price": 7,
    "COL ppu": "$11.67 per 100G",
    "COL Size": "60g"
  },
  {
    "Brand_Product_Size": "Coles Tasty Cheddar Cheese 1kg",
    "COL Price": 8.8,
    "COL ppu": "$8.80 per 1Kg",
    "COL Size": "1kg"
  },
  {
    "Brand_Product_Size": "Rimmel Exaggerate Lip Liner 2.5g",
    "COL Price": 7.8,
    "COL ppu": "$31.20 per 10G",
    "COL Size": "2.5g"
  },
  {
    "Brand_Product_Size": "Capilano Pure Honey 500g",
    "COL Price": 8.6,
    "COL ppu": "$1.72 per 100G",
    "COL Size": "500g"
  },
  {
    "Brand_Product_Size": "Double Phoenix Vermicelli Bean Noodles 100g",
    "COL Price": 0.7,
    "COL ppu": "$0.70 per 100G",
    "COL Size": "100g"
  },
  {
    "Brand_Product_Size": "Coles Kitchen Hoisin Pork Spring Roll 200g",
    "COL Price": 6,
    "COL ppu": "$3.00 per 100G",
    "COL Size": "200g"
  },
  {
    "Brand_Product_Size": "Cottee's Raspberry Cordial 1L",
    "COL Price": 4.2,
    "COL ppu": "$4.20 per 1L",
    "COL Size": "1L"
  },
  {
    "Brand_Product_Size": "Obela Sweet Beetroot Hommus Dip 220g",
    "COL Price": 4.5,
    "COL ppu": "$2.05 per 100G",
    "COL Size": "220g"
  },
  {
    "Brand_Product_Size": "Nippy's Coffee Flavoured Multipack Long Life Milk 375mL 4 pack",
    "COL Price": 8.05,
    "COL ppu": "$5.37 per 1L",
    "COL Size": "4 pack"
  },
  {
    "Brand_Product_Size": "Tassal Tasmanian Salt Reduced Smoked Salmon 90g",
    "COL Price": 7,
    "COL ppu": "$77.79 per 1Kg",
    "COL Size": "90g"
  },
  {
    "Brand_Product_Size": "Cook & Dine Bistro Speckle Dinner Plate each",
    "COL Price": 5,
    "COL ppu": "$5.00 per 1Ea",
    "COL Size": "each"
  },
  {
    "Brand_Product_Size": "Pro:Voke Touch Of Silver Colour Care Conditioner 400mL",
    "COL Price": 10,
    "COL ppu": "$2.50 per 100mL",
    "COL Size": "400mL"
  },
  {
    "Brand_Product_Size": "YoGo Chocolate & M&M's Mini Dessert 150g",
    "COL Price": 2.85,
    "COL ppu": "$1.90 per 100G",
    "COL Size": "150g"
  },
  {
    "Brand_Product_Size": "Coles Coconut Milk 400mL",
    "COL Price": 0.95,
    "COL ppu": "$0.24 per 100mL",
    "COL Size": "400mL"
  },
  {
    "Brand_Product_Size": "Schwarzkopf Colour Specialist 10-1 Cool Ultimate Blonde 1 pack",
    "COL Price": 19,
    "COL ppu": "$19.00 per 1Ea",
    "COL Size": "1 pack"
  },
  {
    "Brand_Product_Size": "Gardein Golden Fishless Filets 288g",
    "COL Price": 9.6,
    "COL ppu": "$3.33 per 100G",
    "COL Size": "288g"
  },
  {
    "Brand_Product_Size": "Four'N Twenty Frozen Chicken & Vegetable Pies 4 pack 700g",
    "COL Price": 6.5,
    "COL ppu": "$0.93 per 100G",
    "COL Size": "700g"
  },
  {
    "Brand_Product_Size": "Quilton King Size Gold 4 Ply Toilet Tissue 20 pack",
    "COL Price": 12,
    "COL ppu": "$0.50 per 100Ea",
    "COL Size": "20 pack"
  },
  {
    "Brand_Product_Size": "Sukin 3 Step Pack Love Your Skin 375mL",
    "COL Price": 30,
    "COL ppu": "$8.00 per 100mL",
    "COL Size": "375mL"
  },
  {
    "Brand_Product_Size": "Whittaker's Nelson Pear and Manuka Honey Milk Chocolate 100g",
    "COL Price": 4.5,
    "COL ppu": "$4.50 per 100G",
    "COL Size": "100g"
  },
  {
    "Brand_Product_Size": "Sistema To Go Maxi Fold Up Lunch Cooler each",
    "COL Price": 10,
    "COL ppu": "$10.00 per 1ea",
    "COL Size": "each"
  },
  {
    "Brand_Product_Size": "Moccona Hazelnut Flavour Infused Instant Coffee 95g",
    "COL Price": 9.95,
    "COL ppu": "$10.47 per 100G",
    "COL Size": "95g"
  },
  {
    "Brand_Product_Size": "Cadbury Dairy Milk Chocolate Molten Puddings 2 pack 200g",
    "COL Price": 5,
    "COL ppu": "$2.50 per 100G",
    "COL Size": "200g"
  },
  {
    "Brand_Product_Size": "Bounce Hazelnut Cacao Brekkie Bar 150g",
    "COL Price": 6,
    "COL ppu": "$4.00 per 100G",
    "COL Size": "150g"
  },
  {
    "Brand_Product_Size": "Yamato Fried Bean Curd 250g",
    "COL Price": 8.8,
    "COL ppu": "$3.52 per 100G",
    "COL Size": "250g"
  },
  {
    "Brand_Product_Size": "Nature's Way Odourless Fish Oil 1000mg Capsules 200 pack",
    "COL Price": 15,
    "COL ppu": "$0.08 per 1Ea",
    "COL Size": "200 pack"
  },
  {
    "Brand_Product_Size": "Atkins Endulge Chocolate Mint Crisp 5 Bars 150g",
    "COL Price": 13.5,
    "COL ppu": "$9.00 per 100G",
    "COL Size": "150g"
  },
  {
    "Brand_Product_Size": "Fix & Go Multi Grip 50mL",
    "COL Price": 8,
    "COL ppu": "$1.60 per 10mL",
    "COL Size": "50mL"
  },
  {
    "Brand_Product_Size": "Coles Streamers 4 pack",
    "COL Price": 2,
    "COL ppu": "$0.50 per 1Ea",
    "COL Size": "4 pack"
  },
  {
    "Brand_Product_Size": "Toni & Guy Strengthplex Shampoo 50mL",
    "COL Price": 5,
    "COL ppu": "$10.00 per 100mL",
    "COL Size": "50mL"
  },
  {
    "Brand_Product_Size": "Band-Aid Adhesive Bandage Fabric Strips 50 pack",
    "COL Price": 5,
    "COL ppu": "$0.10 per 1Ea",
    "COL Size": "50 pack"
  },
  {
    "Brand_Product_Size": "Elite Ground Roasted Turkish Coffee 100g",
    "COL Price": 5.3,
    "COL ppu": "$5.30 per 100G",
    "COL Size": "100g"
  },
  {
    "Brand_Product_Size": "McVitie's Dark Chocolate Digestive Biscuits 300g",
    "COL Price": 3.95,
    "COL ppu": "$1.32 per 100G",
    "COL Size": "300g"
  },
  {
    "Brand_Product_Size": "Vicks VapoRub Ointment Decongestant Chest Rub 50g",
    "COL Price": 7.2,
    "COL ppu": "$14.40 per 100G",
    "COL Size": "50g"
  },
  {
    "Brand_Product_Size": "MasterFoods Side Dish Creamy Cheesy Potato Bake Recipe Base 175g",
    "COL Price": 2.2,
    "COL ppu": "$1.26 per 100G",
    "COL Size": "175g"
  },
  {
    "Brand_Product_Size": "Latina Fresh Beef Bolognese 425g",
    "COL Price": 6,
    "COL ppu": "$1.41 per 100G",
    "COL Size": "425g"
  },
  {
    "Brand_Product_Size": "Nescafe Farmers Origins Brazil Lungo Capsules 10 pack",
    "COL Price": 6.2,
    "COL ppu": "$0.62 per 1Ea",
    "COL Size": "10 pack"
  },
  {
    "Brand_Product_Size": "Cook & Dine Tablecloth each",
    "COL Price": 3.3,
    "COL ppu": "$3.30 per 1Ea",
    "COL Size": "each"
  },
  {
    "Brand_Product_Size": "Coles Cheddar Block 1kg",
    "COL Price": 8,
    "COL ppu": "$8.00 per 1Kg",
    "COL Size": "1kg"
  },
  {
    "Brand_Product_Size": "Lemnos Traditional Fetta Cheese 2 pack 200g",
    "COL Price": 6.5,
    "COL ppu": "$3.25 per 100G",
    "COL Size": "200g"
  },
  {
    "Brand_Product_Size": "Louisiana Chicken Fry Mix 255g",
    "COL Price": 6,
    "COL ppu": "$2.35 per 100G",
    "COL Size": "255g"
  },
  {
    "Brand_Product_Size": "John Frieda Frizz Ease Secret Weapon Creme 113g",
    "COL Price": 17,
    "COL ppu": "$15.04 per 100G",
    "COL Size": "113g"
  },
  {
    "Brand_Product_Size": "Pattu Garam Masala Powder 200g",
    "COL Price": 3.1,
    "COL ppu": "$1.55 per 100G",
    "COL Size": "200g"
  },
  {
    "Brand_Product_Size": "Vegemite Squeeze 200g",
    "COL Price": 4.5,
    "COL ppu": "$2.25 per 100G",
    "COL Size": "200g"
  },
  {
    "Brand_Product_Size": "Cook & Dine Utility Knife each",
    "COL Price": 4.5,
    "COL ppu": "$4.50 per 1Ea",
    "COL Size": "each"
  },
  {
    "Brand_Product_Size": "Coles Green Choice Lemon Myrtle Multipurpose Cleaner 500mL",
    "COL Price": 4,
    "COL ppu": "$0.80 per 100mL",
    "COL Size": "500mL"
  },
  {
    "Brand_Product_Size": "Ogx Biotin & Collagen Extra Strength Shampoo 385mL",
    "COL Price": 21,
    "COL ppu": "$5.45 per 100mL",
    "COL Size": "385mL"
  },
  {
    "Brand_Product_Size": "Fantastic Hokkien Noodles 450g",
    "COL Price": 2.65,
    "COL ppu": "$0.59 per 100G",
    "COL Size": "450g"
  },
  {
    "Brand_Product_Size": "Garlos Junior Sausage Rolls 12 pack 780g",
    "COL Price": 10.95,
    "COL ppu": "$1.40 per 100G",
    "COL Size": "780g"
  },
  {
    "Brand_Product_Size": "Farmers Union Greek Style Yoghurt 130g",
    "COL Price": 1,
    "COL ppu": "$0.77 per 100G",
    "COL Size": "130g"
  },
  {
    "Brand_Product_Size": "Campbell's V8 Healthy Greens Juice 1.25L",
    "COL Price": 5,
    "COL ppu": "$4.00 per 1L",
    "COL Size": "1.25L"
  },
  {
    "Brand_Product_Size": "Coles Kitchen Superfood Stir Fry 300g",
    "COL Price": 4,
    "COL ppu": "$1.33 per 100G",
    "COL Size": "300g"
  },
  {
    "Brand_Product_Size": "Twinings Pure Peppermint Tea Bags 10 pack 20g",
    "COL Price": 2.9,
    "COL ppu": "$0.29 per 1Ea",
    "COL Size": "20g"
  },
  {
    "Brand_Product_Size": "Nair Easiwax Mini Reusable Wax Strips 20 pack",
    "COL Price": 9,
    "COL ppu": "$0.45 per 1Ea",
    "COL Size": "20 pack"
  },
  {
    "Brand_Product_Size": "Coles Beef & Pork Meatballs Classic 28 Pack 560g",
    "COL Price": 8,
    "COL ppu": "$14.29 per 1Kg",
    "COL Size": "560g"
  },
  {
    "Brand_Product_Size": "Darikay Spicy Prawn Soup 550g",
    "COL Price": 6.5,
    "COL ppu": "$1.18 per 100G",
    "COL Size": "550g"
  },
  {
    "Brand_Product_Size": "Tarago Triple Cream approx. 100g",
    "COL Price": 6.4,
    "COL ppu": "$64.00 per 1Kg",
    "COL Size": "approx. 100g"
  },
  {
    "Brand_Product_Size": "Blue Diamond Almond Breeze Vanilla Flavoured Unsweetened Almond Milk 1L",
    "COL Price": 2.7,
    "COL ppu": "$2.70 per 1L",
    "COL Size": "1L"
  },
  {
    "Brand_Product_Size": "Hershey's Strawberry Flavour Syrup 623g",
    "COL Price": 4,
    "COL ppu": "$0.64 per 100G",
    "COL Size": "623g"
  },
  {
    "Brand_Product_Size": "Huggies Unisex Ultimate Nappy 10-15 Kg Size 4 58 pack",
    "COL Price": 32,
    "COL ppu": "$0.55 per 1Ea",
    "COL Size": "58 pack"
  },
  {
    "Brand_Product_Size": "Rimmel Professional Black Eyebrow Pencil 1.4g",
    "COL Price": 5.4,
    "COL ppu": "$38.57 per 10G",
    "COL Size": "1.4g"
  },
  {
    "Brand_Product_Size": "Queen Victoria English Breakfast Loose Leaf Tea 125g",
    "COL Price": 6,
    "COL ppu": "$4.80 per 100G",
    "COL Size": "125g"
  },
  {
    "Brand_Product_Size": "Coles RSPCA Approved Chicken Breast Kiev Garlic Butter 700g",
    "COL Price": 8,
    "COL ppu": "$11.43 per 1Kg",
    "COL Size": "700g"
  },
  {
    "Brand_Product_Size": "Coles Kitchen Cauliflower Vegetable Rice 300g",
    "COL Price": 3.5,
    "COL ppu": "$1.17 per 100G",
    "COL Size": "300g"
  },
  {
    "Brand_Product_Size": "Oral-B Clinical Alcohol Free Flouride Rinse Clean Mint Mouthwash 500mL",
    "COL Price": 4.5,
    "COL ppu": "$0.90 per 100mL",
    "COL Size": "500mL"
  },
  {
    "Brand_Product_Size": "Allen's Classic Party Mix 520g",
    "COL Price": 5,
    "COL ppu": "$0.96 per 100G",
    "COL Size": "520g"
  },
  {
    "Brand_Product_Size": "Coles Thawed Seafood Cooked Peeled Prawn Cutlets 1kg",
    "COL Price": 29,
    "COL ppu": "$29.00 per 1Ea",
    "COL Size": "1kg"
  },
  {
    "Brand_Product_Size": "Dairy Farmers Thick & Creamy Lemon Cream Yoghurt 150g",
    "COL Price": 2.2,
    "COL ppu": "$1.47 per 100G",
    "COL Size": "150g"
  },
  {
    "Brand_Product_Size": "Sun Harvest Pickled Vegetables Onions 1kg",
    "COL Price": 5,
    "COL ppu": "$5.00 per 1Kg",
    "COL Size": "1kg"
  },
  {
    "Brand_Product_Size": "Eastcoast Beverages Orange Juice Pulp Free Chilled 2L",
    "COL Price": 4.75,
    "COL ppu": "$2.38 per 1L",
    "COL Size": "2L"
  },
  {
    "Brand_Product_Size": "Blackmores Daily Magnesium Powder 150g",
    "COL Price": 10,
    "COL ppu": "$6.67 per 100G",
    "COL Size": "150g"
  },
  {
    "Brand_Product_Size": "Kettle Original Sea Salt Potato Chips 5 pack 92g",
    "COL Price": 3.35,
    "COL ppu": "$3.64 per 100G",
    "COL Size": "92g"
  },
  {
    "Brand_Product_Size": "Ambi Pur Air Effects Lavender Vanilla & Comfort Air freshener 275g",
    "COL Price": 6,
    "COL ppu": "$2.18 per 100G",
    "COL Size": "275g"
  },
  {
    "Brand_Product_Size": "Coles Tomato Pesto 190g",
    "COL Price": 1.95,
    "COL ppu": "$1.03 per 100G",
    "COL Size": "190g"
  },
  {
    "Brand_Product_Size": "Coles Kitchen Slow Cooked Beef Brisket Bourguignon 500g",
    "COL Price": 14,
    "COL ppu": "$2.80 per 100G",
    "COL Size": "500g"
  },
  {
    "Brand_Product_Size": "Pedigree Homestyle Pedigree Homestyle Chicken With Rice & Vegies Adult Wet Dog Food Can 700g",
    "COL Price": 2.5,
    "COL ppu": "$0.36 per 100G",
    "COL Size": "700g"
  },
  {
    "Brand_Product_Size": "Coles Butcher Slow Cook Lamb Shoulder approx. 1.660kg",
    "COL Price": 21.58,
    "COL ppu": "$13.00 per 1Kg",
    "COL Size": "approx. 1.660kg"
  },
  {
    "Brand_Product_Size": "Coles Dairy Free Coconut & Chocolate Flavoured Pops Ice Cream Sticks 8 Pack 600mL",
    "COL Price": 5,
    "COL ppu": "$0.83 per 100mL",
    "COL Size": "600mL"
  },
  {
    "Brand_Product_Size": "Gaganis Premium Whole Green/Blue Dried Peas 1kg",
    "COL Price": 3.5,
    "COL ppu": "$3.50 per 1Kg",
    "COL Size": "1kg"
  },
  {
    "Brand_Product_Size": "Sistema Klip It Plus Cereal Container 4.2L each",
    "COL Price": 7.5,
    "COL ppu": "$7.50 per 1Ea",
    "COL Size": "each"
  },
  {
    "Brand_Product_Size": "U By Kotex Regular Sport Tampon 16 pack",
    "COL Price": 5,
    "COL ppu": "$0.31 per 1Ea",
    "COL Size": "16 pack"
  },
  {
    "Brand_Product_Size": "Arnott's Tim Tam Crafted Mango & Cream Biscuits 160g",
    "COL Price": 4,
    "COL ppu": "$2.50 per 100G",
    "COL Size": "160g"
  },
  {
    "Brand_Product_Size": "Coles Blueberry Mini Muffins 9 Pack 315g",
    "COL Price": 3.5,
    "COL ppu": "$1.11 per 100G",
    "COL Size": "315g"
  },
  {
    "Brand_Product_Size": "Sirena Tuna & Pasta Sicilian Style 170g",
    "COL Price": 4,
    "COL ppu": "$23.53 per 1Kg",
    "COL Size": "170g"
  },
  {
    "Brand_Product_Size": "Robert Timms Premium Espresso Extra Dark Roasted Granulated Coffee 200g",
    "COL Price": 8,
    "COL ppu": "$4.00 per 100G",
    "COL Size": "200g"
  },
  {
    "Brand_Product_Size": "Pine O Cleen Lemon Lime Disinfectant 1.25L",
    "COL Price": 4,
    "COL ppu": "$0.32 per 100mL",
    "COL Size": "1.25L"
  },
  {
    "Brand_Product_Size": "Sunkist Zero Sugar Soft Drink 375mL 10 pack",
    "COL Price": 7.5,
    "COL ppu": "$2.00 per 1L",
    "COL Size": "10 pack"
  },
  {
    "Brand_Product_Size": "Bega Strong & Bitey Vintage Cheese Block 250g",
    "COL Price": 4.5,
    "COL ppu": "$18.00 per 1Kg",
    "COL Size": "250g"
  },
  {
    "Brand_Product_Size": "Farmers Union Yoghurt Peach 130g 130g",
    "COL Price": 1,
    "COL ppu": "$0.77 per 100G",
    "COL Size": "130g"
  },
  {
    "Brand_Product_Size": "Coles Finest By Laurent White Sourdough Rolls 3 pack",
    "COL Price": 4,
    "COL ppu": "$1.33 per 1Ea",
    "COL Size": "3 pack"
  },
  {
    "Brand_Product_Size": "Palmolive Conditioner Manuka Honey 370mL",
    "COL Price": 5.6,
    "COL ppu": "$1.51 per 100mL",
    "COL Size": "370mL"
  },
  {
    "Brand_Product_Size": "Gillette Millennial Comfort Glide Razor 1 pack",
    "COL Price": 22,
    "COL ppu": "$22.00 per 1Ea",
    "COL Size": "1 pack"
  },
  {
    "Brand_Product_Size": "Nescafe Gold Short Black Strong Instant Coffee 100g",
    "COL Price": 11,
    "COL ppu": "$11.00 per 100G",
    "COL Size": "100g"
  },
  {
    "Brand_Product_Size": "Flora ProActiv Margarine Spread Original 250g",
    "COL Price": 4.5,
    "COL ppu": "$1.80 per 100G",
    "COL Size": "250g"
  },
  {
    "Brand_Product_Size": "Sanitarium So Good High Protein Almond Milk 1L",
    "COL Price": 3,
    "COL ppu": "$3.00 per 1L",
    "COL Size": "1L"
  },
  {
    "Brand_Product_Size": "Ogx Argan Oil Morocco Shampoo 750mL",
    "COL Price": 19.2,
    "COL ppu": "$2.56 per 100mL",
    "COL Size": "750mL"
  },
  {
    "Brand_Product_Size": "King Island Dairy Smoked Cheddar Cheese apprx. 100g",
    "COL Price": 4.2,
    "COL ppu": "$42.00 per 1Kg",
    "COL Size": "apprx. 100g"
  },
  {
    "Brand_Product_Size": "Karicare+ 2 Baby Follow-On Formula From 6-12 Months 900g",
    "COL Price": 18,
    "COL ppu": "$2.00 per 100G",
    "COL Size": "900g"
  },
  {
    "Brand_Product_Size": "Birds Eye Frozen Stir Fry Oriental 850g",
    "COL Price": 5,
    "COL ppu": "$5.88 per 1Kg",
    "COL Size": "850g"
  },
  {
    "Brand_Product_Size": "KanTong Sweet Soy & Garlic Cooking Sauce 515g",
    "COL Price": 3.3,
    "COL ppu": "$0.64 per 100G",
    "COL Size": "515g"
  },
  {
    "Brand_Product_Size": "Ice Break Reduced Sugar Iced Coffee 500mL",
    "COL Price": 3.35,
    "COL ppu": "$6.70 per 1L",
    "COL Size": "500mL"
  },
  {
    "Brand_Product_Size": "Osem Bamba Peanut Snack 100g",
    "COL Price": 2.8,
    "COL ppu": "$2.80 per 100G",
    "COL Size": "100g"
  },
  {
    "Brand_Product_Size": "Duracell Specialty 357 Batteries 1 pack",
    "COL Price": 6,
    "COL ppu": "$6.00 per 1Ea",
    "COL Size": "1 pack"
  },
  {
    "Brand_Product_Size": "BX Earth Dog Dry Shampoo Foaming Mouse Aloe Vera Oatmeal & Shea Butter All Natural 200mL",
    "COL Price": 12,
    "COL ppu": "$6.00 per 100mL",
    "COL Size": "200mL"
  },
  {
    "Brand_Product_Size": "Latina Fresh Gluten Free Ricotta & Spinach Agnolotti 280g",
    "COL Price": 7.5,
    "COL ppu": "$2.68 per 100G",
    "COL Size": "280g"
  },
  {
    "Brand_Product_Size": "Pandaroo Cinnamon Stick 100g",
    "COL Price": 4,
    "COL ppu": "$4.00 per 100G",
    "COL Size": "100g"
  },
  {
    "Brand_Product_Size": "Mars Large Funsize Mars 360g",
    "COL Price": 5,
    "COL ppu": "$1.39 per 100G",
    "COL Size": "360g"
  },
  {
    "Brand_Product_Size": "MasterFoods Honey Mustard Chicken Recipe Base 175g",
    "COL Price": 2.2,
    "COL ppu": "$1.26 per 100G",
    "COL Size": "175g"
  },
  {
    "Brand_Product_Size": "Coles Gluten Free Pizza Bases 2 pack 300g",
    "COL Price": 5.5,
    "COL ppu": "$1.83 per 100G",
    "COL Size": "300g"
  },
  {
    "Brand_Product_Size": "Eti Puf Marshmallow Biscuit Cocoa Sprinkles 216g",
    "COL Price": 5,
    "COL ppu": "$2.31 per 100G",
    "COL Size": "216g"
  },
  {
    "Brand_Product_Size": "Lindt Fruit Sensation Orange & Pink Grapefruit Dark chocolate 150g",
    "COL Price": 6,
    "COL ppu": "$4.00 per 100G",
    "COL Size": "150g"
  },
  {
    "Brand_Product_Size": "Betty Crocker Milk Chocolate Chunk Cookie Mix 485g",
    "COL Price": 5.2,
    "COL ppu": "$1.07 per 100G",
    "COL Size": "485g"
  },
  {
    "Brand_Product_Size": "Lindt Excellence Milk Sea Salt Caramel Milk Chocolate Block 100g",
    "COL Price": 4.5,
    "COL ppu": "$4.50 per 100G",
    "COL Size": "100g"
  },
  {
    "Brand_Product_Size": "Erin Original Curry Sauce No MSG 44g",
    "COL Price": 1.95,
    "COL ppu": "$4.43 per 100G",
    "COL Size": "44g"
  },
  {
    "Brand_Product_Size": "Greens Traditional Vanilla Cake Mix 470g",
    "COL Price": 2.75,
    "COL ppu": "$0.59 per 100G",
    "COL Size": "470g"
  },
  {
    "Brand_Product_Size": "Continental Cup A Soup Creamy Chicken & Corn With Croutons Serves 2 60g",
    "COL Price": 2.1,
    "COL ppu": "$3.50 per 100G",
    "COL Size": "60g"
  },
  {
    "Brand_Product_Size": "3M Command Adhesive Hook Small 2 pack",
    "COL Price": 6,
    "COL ppu": "$6.00 per 1ea",
    "COL Size": "2 pack"
  },
  {
    "Brand_Product_Size": "Woofin Good Grainfree Chunks In Gravy Chicken & Vegetables Dog Food 400g",
    "COL Price": 1.65,
    "COL ppu": "$0.41 per 100G",
    "COL Size": "400g"
  },
  {
    "Brand_Product_Size": "Sodastream Zeros Lemonade Water 440mL",
    "COL Price": 4.8,
    "COL ppu": "$10.91 per 1L",
    "COL Size": "440mL"
  },
  {
    "Brand_Product_Size": "Schwarzkopf Extra Care Colour Protect Conditioner 400mL",
    "COL Price": 6.9,
    "COL ppu": "$1.73 per 100mL",
    "COL Size": "400mL"
  },
  {
    "Brand_Product_Size": "L'Oreal Infallible Matte Finish Foundation Sand 35mL",
    "COL Price": 21,
    "COL ppu": "$6.00 per 10mL",
    "COL Size": "35mL"
  },
  {
    "Brand_Product_Size": "Nivea Sun Moisturising Sunscreen Lotion SPF50+ 200mL",
    "COL Price": 16.5,
    "COL ppu": "$8.25 per 100mL",
    "COL Size": "200mL"
  },
  {
    "Brand_Product_Size": "Lavazza Prontissimo Coffee Espresso 95g",
    "COL Price": 10,
    "COL ppu": "$10.53 per 100G",
    "COL Size": "95g"
  },
  {
    "Brand_Product_Size": "Haagen Dazs Cookie Dough Ice Cream Tub 457mL",
    "COL Price": 7,
    "COL ppu": "$1.53 per 100mL",
    "COL Size": "457mL"
  },
  {
    "Brand_Product_Size": "V2 Burger 4 Pack 452g",
    "COL Price": 9,
    "COL ppu": "$19.91 per 100G",
    "COL Size": "452g"
  },
  {
    "Brand_Product_Size": "Voost Vitamin C 1000mg 40 Blood Orange Effervescent Tablets 2 pack",
    "COL Price": 13,
    "COL ppu": "$6.50 per 1Ea",
    "COL Size": "2 pack"
  },
  {
    "Brand_Product_Size": "Coles Mandarin Segments in Orange Jelly Fruit Cups 4 Pack 500g",
    "COL Price": 2.2,
    "COL ppu": "$4.40 per 1Kg",
    "COL Size": "500g"
  },
  {
    "Brand_Product_Size": "Deeko Plastic Cutlery Tube 18 pack",
    "COL Price": 3,
    "COL ppu": "$0.17 per 1Ea",
    "COL Size": "18 pack"
  },
  {
    "Brand_Product_Size": "Olay Regenerist Revitalising Fragrance Free Eye Serum 15mL",
    "COL Price": 35,
    "COL ppu": "$233.35 per 100mL",
    "COL Size": "15mL"
  },
  {
    "Brand_Product_Size": "Oreo Original Grab N Go Cookies 256g",
    "COL Price": 3.95,
    "COL ppu": "$1.54 per 100G",
    "COL Size": "256g"
  },
  {
    "Brand_Product_Size": "Achva Vanilla Halva 100g",
    "COL Price": 2,
    "COL ppu": "$2.00 per 100G",
    "COL Size": "100g"
  },
  {
    "Brand_Product_Size": "Nivea All Purpose Cream Moisturiser for Body Face & Hands 150mL",
    "COL Price": 8,
    "COL ppu": "$5.33 per 100mL",
    "COL Size": "150mL"
  },
  {
    "Brand_Product_Size": "Purr Chicken Selection Cat Food 6x85g 6 pack",
    "COL Price": 5,
    "COL ppu": "$0.83 per 1Ea",
    "COL Size": "6 pack"
  },
  {
    "Brand_Product_Size": "MasterFoods Freshly Grated Ginger 160g",
    "COL Price": 3,
    "COL ppu": "$0.19 per 10G",
    "COL Size": "160g"
  },
  {
    "Brand_Product_Size": "Garnier Olia Light Brown 6.0 Hair Colour 1 pack",
    "COL Price": 8.5,
    "COL ppu": "$8.50 per 1Ea",
    "COL Size": "1 pack"
  },
  {
    "Brand_Product_Size": "Provedore Antipasto Pack 150g",
    "COL Price": 12,
    "COL ppu": "$80.01 per 1Kg",
    "COL Size": "150g"
  },
  {
    "Brand_Product_Size": "Gourmet Garden Thai Seasoning Cold Blended Paste 80g",
    "COL Price": 3.5,
    "COL ppu": "$0.44 per 10G",
    "COL Size": "80g"
  },
  {
    "Brand_Product_Size": "Suimin Tom Yum Noodle Bowl 110g",
    "COL Price": 2,
    "COL ppu": "$1.82 per 100G",
    "COL Size": "110g"
  },
  {
    "Brand_Product_Size": "Coles Salted Pretzel Twists 200g",
    "COL Price": 1.5,
    "COL ppu": "$0.75 per 100G",
    "COL Size": "200g"
  },
  {
    "Brand_Product_Size": "Black Swan Limited Edition Pulled Pork Dip 200g",
    "COL Price": 4.3,
    "COL ppu": "$2.15 per 100G",
    "COL Size": "200g"
  },
  {
    "Brand_Product_Size": "French's Classic Yellow Mustard 226g",
    "COL Price": 2.8,
    "COL ppu": "$1.24 per 100G",
    "COL Size": "226g"
  },
  {
    "Brand_Product_Size": "Grandma's Golden Wok Duck Gyoza 250g",
    "COL Price": 7.5,
    "COL ppu": "$3.00 per 100G",
    "COL Size": "250g"
  },
  {
    "Brand_Product_Size": "Coles Dried Pitted Dates 500g",
    "COL Price": 1.75,
    "COL ppu": "$3.50 per 1Kg",
    "COL Size": "500g"
  },
  {
    "Brand_Product_Size": "Wellgrove Heart Health Olive Leaf Capsules 60 pack",
    "COL Price": 24,
    "COL ppu": "$0.40 per 1Ea",
    "COL Size": "60 pack"
  },
  {
    "Brand_Product_Size": "Allen's Jaffas Family Size Bag 340g",
    "COL Price": 5,
    "COL ppu": "$1.47 per 100G",
    "COL Size": "340g"
  },
  {
    "Brand_Product_Size": "Raw C Mct Premium Liquid Coconut Oil 250mL",
    "COL Price": 7,
    "COL ppu": "$2.80 per 100mL",
    "COL Size": "250mL"
  },
  {
    "Brand_Product_Size": "Coles Cinnamon Sugar 73g",
    "COL Price": 1.7,
    "COL ppu": "$0.23 per 10G",
    "COL Size": "73g"
  },
  {
    "Brand_Product_Size": "Scholl Velvet Smooth Exfoliating Foot File 1 pack",
    "COL Price": 55,
    "COL ppu": "$55.00 per 1Ea",
    "COL Size": "1 pack"
  },
  {
    "Brand_Product_Size": "Coles Unrefined Organic Extra Virgin Coconut Oil 250g",
    "COL Price": 3.65,
    "COL ppu": "$1.46 per 100G",
    "COL Size": "250g"
  },
  {
    "Brand_Product_Size": "Celebrate Health Vegan Gravy 200g",
    "COL Price": 4,
    "COL ppu": "$2.00 per 100G",
    "COL Size": "200g"
  },
  {
    "Brand_Product_Size": "My Life Bio Cheese Cheddar & Crackers 50g",
    "COL Price": 3.5,
    "COL ppu": "$7.00 per 100G",
    "COL Size": "50g"
  },
  {
    "Brand_Product_Size": "Selsun Blue Replenishing Anti-Dandruff Shampoo 200mL",
    "COL Price": 5.5,
    "COL ppu": "$2.75 per 100mL",
    "COL Size": "200mL"
  },
  {
    "Brand_Product_Size": "Cocobella Dairy Free Natural Coconut Yoghurt 500g",
    "COL Price": 6,
    "COL ppu": "$1.20 per 100G",
    "COL Size": "500g"
  },
  {
    "Brand_Product_Size": "Coles Premium Raspberry Jam 345g",
    "COL Price": 2.35,
    "COL ppu": "$0.68 per 100G",
    "COL Size": "345g"
  },
  {
    "Brand_Product_Size": "Wag Pig Ear Strips Dog Treat 100g",
    "COL Price": 7.5,
    "COL ppu": "$7.50 per 100G",
    "COL Size": "100g"
  },
  {
    "Brand_Product_Size": "Sukin Hair Replenishing Hair Masque 200mL",
    "COL Price": 20,
    "COL ppu": "$10.00 per 100mL",
    "COL Size": "200mL"
  },
  {
    "Brand_Product_Size": "L'Oreal Colorista Washout 19 Denim Hair Colour 1 pack",
    "COL Price": 13.2,
    "COL ppu": "$13.20 per 1Ea",
    "COL Size": "1 pack"
  },
  {
    "Brand_Product_Size": "Mix No Shine Opaque Tights 120 Denier Black Ave/Tall 1 pack",
    "COL Price": 10,
    "COL ppu": "$10.00 per 1Ea",
    "COL Size": "1 pack"
  },
  {
    "Brand_Product_Size": "Primo Roast Pork Sliced 80g",
    "COL Price": 3.25,
    "COL ppu": "$4.06 per 100G",
    "COL Size": "80g"
  },
  {
    "Brand_Product_Size": "Lucky Chicken Eggs Free Range Extra Large Eggs 12 pack 700g",
    "COL Price": 6.9,
    "COL ppu": "$0.99 per 100G",
    "COL Size": "700g"
  },
  {
    "Brand_Product_Size": "Garnier Micellar Cleansing Water 400mL",
    "COL Price": 6.75,
    "COL ppu": "$1.69 per 100mL",
    "COL Size": "400mL"
  },
  {
    "Brand_Product_Size": "Nature's Own B12 Activated Methyl 60 pack",
    "COL Price": 22,
    "COL ppu": "$36.67 per 100Ea",
    "COL Size": "60 pack"
  },
  {
    "Brand_Product_Size": "Don RSPCA Approved Sliced Chicken Breast 180g",
    "COL Price": 3.2,
    "COL ppu": "$17.78 per 1Kg",
    "COL Size": "180g"
  },
  {
    "Brand_Product_Size": "Boost Energy Lift Juice Chilled 350mL",
    "COL Price": 4,
    "COL ppu": "$11.43 per 1L",
    "COL Size": "350mL"
  },
  {
    "Brand_Product_Size": "Softly Delicates Fabric Solution 1.25L",
    "COL Price": 7.2,
    "COL ppu": "$5.76 per 1L",
    "COL Size": "1.25L"
  },
  {
    "Brand_Product_Size": "Edgell Corn Kernels 125g 4 pack",
    "COL Price": 3,
    "COL ppu": "$6.00 per 1Kg",
    "COL Size": "4 pack"
  },
  {
    "Brand_Product_Size": "Daley Street Medium Coffee Ground 200g",
    "COL Price": 4.5,
    "COL ppu": "$2.25 per 100G",
    "COL Size": "200g"
  },
  {
    "Brand_Product_Size": "Smash Stainless Steel Barista Buddy each",
    "COL Price": 18,
    "COL ppu": "$18.00 per 1Ea",
    "COL Size": "each"
  },
  {
    "Brand_Product_Size": "Coles Kitchen Mexican Style Salad Kit 400g",
    "COL Price": 5,
    "COL ppu": "$1.25 per 100G",
    "COL Size": "400g"
  },
  {
    "Brand_Product_Size": "Barista Bros Iced Chocolate Flavoured Milk 700mL",
    "COL Price": 2.95,
    "COL ppu": "$4.21 per 1L",
    "COL Size": "700mL"
  },
  {
    "Brand_Product_Size": "Carman's Golden Oats & Coconut Oat Slice 210g",
    "COL Price": 6,
    "COL ppu": "$2.86 per 100G",
    "COL Size": "210g"
  },
  {
    "Brand_Product_Size": "Schwarzkopf Extra Care Bio-Tech Balance Conditioner 500mL",
    "COL Price": 17,
    "COL ppu": "$3.40 per 100mL",
    "COL Size": "500mL"
  },
  {
    "Brand_Product_Size": "Vegeta Beef Stew With Mushrooms & Potatoes 400g",
    "COL Price": 4,
    "COL ppu": "$1.00 per 100G",
    "COL Size": "400g"
  },
  {
    "Brand_Product_Size": "Cook & Dine Navy Terry Tea Towels 5 pack",
    "COL Price": 10,
    "COL ppu": "$2.00 per 1Ea",
    "COL Size": "5 pack"
  },
  {
    "Brand_Product_Size": "Maybelline Fit Me Concealer 15 Light 6.8mL",
    "COL Price": 11.2,
    "COL ppu": "$16.47 per 10mL",
    "COL Size": "6.8mL"
  },
  {
    "Brand_Product_Size": "L'Oreal Paris Excellence 6.54 Light Mahogany Copper Brown Hair Colour 1 pack",
    "COL Price": 20,
    "COL ppu": "$20.00 per 1Ea",
    "COL Size": "1 pack"
  },
  {
    "Brand_Product_Size": "Sellotape Double Sided Tape each",
    "COL Price": 3,
    "COL ppu": "$3.00 per 1Ea",
    "COL Size": "each"
  },
  {
    "Brand_Product_Size": "Coles White Self Raising Flour 2kg",
    "COL Price": 1.8,
    "COL ppu": "$0.90 per 1Kg",
    "COL Size": "2kg"
  },
  {
    "Brand_Product_Size": "Coles Kitchen Special Fried Rice 350g",
    "COL Price": 6.5,
    "COL ppu": "$1.86 per 100G",
    "COL Size": "350g"
  },
  {
    "Brand_Product_Size": "Green's Traditional Chocolate Cake Mix 440g",
    "COL Price": 2.75,
    "COL ppu": "$0.63 per 100G",
    "COL Size": "440g"
  },
  {
    "Brand_Product_Size": "Coles T2 Petite Spiral 15 watt Bayonet Cap 2700k Warm White Globe 2 pack",
    "COL Price": 10,
    "COL ppu": "$5.00 per 1Ea",
    "COL Size": "2 pack"
  },
  {
    "Brand_Product_Size": "Heritage Mill Peanut Caramel Protein Bars 6 pack 222g",
    "COL Price": 5.7,
    "COL ppu": "$2.57 per 100G",
    "COL Size": "222g"
  },
  {
    "Brand_Product_Size": "Latina Gluten Free Beef Ravioli 280g",
    "COL Price": 7.5,
    "COL ppu": "$2.68 per 100G",
    "COL Size": "280g"
  },
  {
    "Brand_Product_Size": "Bic Kids Ecolutions Colouring Pencils 36 pack",
    "COL Price": 9.6,
    "COL ppu": "$0.27 per 1Ea",
    "COL Size": "36 pack"
  },
  {
    "Brand_Product_Size": "Sabco Super Swish Xtra Wet Refill each",
    "COL Price": 12.5,
    "COL ppu": "$12.50 per 1Ea",
    "COL Size": "each"
  },
  {
    "Brand_Product_Size": "Thins Salt & Vinegar Potato Chips 175g",
    "COL Price": 3.5,
    "COL ppu": "$2.00 per 100G",
    "COL Size": "175g"
  },
  {
    "Brand_Product_Size": "Coles Mini Sweet Pineapple each",
    "COL Price": 2.2,
    "COL ppu": "$2.20 per 1Ea",
    "COL Size": "each"
  },
  {
    "Brand_Product_Size": "Cadbury Favourites Creme Egg 820g",
    "COL Price": 28,
    "COL ppu": "$3.41 per 100G",
    "COL Size": "820g"
  },
  {
    "Brand_Product_Size": "Obento Panko Bread Crumbs 1kg",
    "COL Price": 5,
    "COL ppu": "$0.50 per 100G",
    "COL Size": "1kg"
  },
  {
    "Brand_Product_Size": "Coles Modi Apples Prepacked 1kg",
    "COL Price": 4.9,
    "COL ppu": "$4.90 per 1Kg",
    "COL Size": "1kg"
  },
  {
    "Brand_Product_Size": "Sunsilk Longer & Stronger Conditioner 700mL",
    "COL Price": 10,
    "COL ppu": "$1.43 per 100mL",
    "COL Size": "700mL"
  },
  {
    "Brand_Product_Size": "BX Earth Dog 2 In 1 Cherry Blossom Vanilla & Aloe Vera All Natural Conditioning Shampoo 500mL",
    "COL Price": 12,
    "COL ppu": "$2.40 per 100mL",
    "COL Size": "500mL"
  },
  {
    "Brand_Product_Size": "John West Tempters Tuna in Olive Oil 95g",
    "COL Price": 2.3,
    "COL ppu": "$24.21 per 1Kg",
    "COL Size": "95g"
  },
  {
    "Brand_Product_Size": "Coles Bakery Marks Neopolitan Mousse Cake 7 Inch each",
    "COL Price": 30,
    "COL ppu": "$30.00 per 1Ea",
    "COL Size": "each"
  },
  {
    "Brand_Product_Size": "Optimum Mature 7+ Years Chunks In Jelly With Salmon Cat Food Pouch 85g",
    "COL Price": 1.9,
    "COL ppu": "$2.24 per 100G",
    "COL Size": "85g"
  },
  {
    "Brand_Product_Size": "Coles Toasted Original Muesli 750g",
    "COL Price": 3.1,
    "COL ppu": "$0.41 per 100G",
    "COL Size": "750g"
  },
  {
    "Brand_Product_Size": "Coles Finest Lamb Rosemary & Fetta Sausages 500g",
    "COL Price": 7.5,
    "COL ppu": "$15.00 per 1Kg",
    "COL Size": "500g"
  },
  {
    "Brand_Product_Size": "Uludag Sparkling Mineral Water 6 pack",
    "COL Price": 6.85,
    "COL ppu": "$1.14 per 1Ea",
    "COL Size": "6 pack"
  },
  {
    "Brand_Product_Size": "Cancer Council Ultra Sunscreen Tube SPF 50+ 110mL",
    "COL Price": 12,
    "COL ppu": "$10.91 per 100mL",
    "COL Size": "110mL"
  },
  {
    "Brand_Product_Size": "Fehlbergs Sweet And Tangy Sandwich Stackers 500g",
    "COL Price": 4,
    "COL ppu": "$8.00 per 1Kg",
    "COL Size": "500g"
  },
  {
    "Brand_Product_Size": "Arnott's Shapes Crackers Double Cheesebugers 165g",
    "COL Price": 3.2,
    "COL ppu": "$1.94 per 100G",
    "COL Size": "165g"
  },
  {
    "Brand_Product_Size": "Ziploc Sandwich Bags 30 pack",
    "COL Price": 4,
    "COL ppu": "$0.13 per 1Ea",
    "COL Size": "30 pack"
  },
  {
    "Brand_Product_Size": "Coles Light Cheese Slices 24 Pack 500g",
    "COL Price": 3.9,
    "COL ppu": "$7.80 per 1Kg",
    "COL Size": "500g"
  },
  {
    "Brand_Product_Size": "Dr. Oetker Frozen Ristorante Quattro Formaggi Pizza 340g",
    "COL Price": 7.9,
    "COL ppu": "$2.32 per 100G",
    "COL Size": "340g"
  },
  {
    "Brand_Product_Size": "Red Tractor Gourment Oats Honey Cinnamon 600g",
    "COL Price": 6,
    "COL ppu": "$1.00 per 100G",
    "COL Size": "600g"
  },
  {
    "Brand_Product_Size": "Fine Foods Sesame Wafer Crackers 100g",
    "COL Price": 3,
    "COL ppu": "$3.00 per 100G",
    "COL Size": "100g"
  },
  {
    "Brand_Product_Size": "Colgate Neutrafluor Mouthwash Alcohol Free 473mL",
    "COL Price": 13,
    "COL ppu": "$2.75 per 100mL",
    "COL Size": "473mL"
  },
  {
    "Brand_Product_Size": "Arnott's Clix Crackers 250g",
    "COL Price": 3.2,
    "COL ppu": "$1.28 per 100G",
    "COL Size": "250g"
  },
  {
    "Brand_Product_Size": "Old El Paso Taco Sauce Medium 200mL",
    "COL Price": 2.4,
    "COL ppu": "$1.20 per 100G",
    "COL Size": "200mL"
  },
  {
    "Brand_Product_Size": "Farmers Market Grainfree Kitten Real Tuna In Mousse Cat Food 80g",
    "COL Price": 1.9,
    "COL ppu": "$2.38 per 100G",
    "COL Size": "80g"
  },
  {
    "Brand_Product_Size": "Fiesta Del Mar Whole California Squid 1kg",
    "COL Price": 10,
    "COL ppu": "$10.00 per 1Kg",
    "COL Size": "1kg"
  },
  {
    "Brand_Product_Size": "Sellotape Sticky Tape 18mmx66mm 1 pack",
    "COL Price": 1.6,
    "COL ppu": "",
    "COL Size": "1 pack"
  },
  {
    "Brand_Product_Size": "Coles Super Alkaline AAA Battery 10 pack",
    "COL Price": 5,
    "COL ppu": "$0.50 per 1Ea",
    "COL Size": "10 pack"
  },
  {
    "Brand_Product_Size": "Bref Fresh Boost Toilet Cleaner Eucalyptus 450 mL",
    "COL Price": 5,
    "COL ppu": "",
    "COL Size": "450 mL"
  },
  {
    "Brand_Product_Size": "Brunswick Wild Sardines in Spring Water 106g",
    "COL Price": 1.9,
    "COL ppu": "$17.92 per 1Kg",
    "COL Size": "106g"
  },
  {
    "Brand_Product_Size": "Coles Kitchen Garlic Naan 2 360g",
    "COL Price": 3.5,
    "COL ppu": "$0.97 per 100G",
    "COL Size": "360g"
  },
  {
    "Brand_Product_Size": "Coles Ultra Stain Remover Plus Pre Wash Trigger 500mL",
    "COL Price": 1.3,
    "COL ppu": "$2.60 per 1L",
    "COL Size": "500mL"
  },
  {
    "Brand_Product_Size": "Clearasil Daily Clear Vitamin & Extracts Scrub 150mL",
    "COL Price": 11,
    "COL ppu": "$7.33 per 100mL",
    "COL Size": "150mL"
  },
  {
    "Brand_Product_Size": "Coles Natures Kitchen Five Grain Ciabatta 210g",
    "COL Price": 2.8,
    "COL ppu": "$1.33 per 100G",
    "COL Size": "210g"
  },
  {
    "Brand_Product_Size": "Lipton Black Tea Bags 100 pack",
    "COL Price": 5,
    "COL ppu": "$0.05 per 1Ea",
    "COL Size": "100 pack"
  },
  {
    "Brand_Product_Size": "Purina Fancy Feast Poultry & Beef Sliced Collection Cat Food Cans 85g 12 pack",
    "COL Price": 12,
    "COL ppu": "$1.18 per 100G",
    "COL Size": "12 pack"
  },
  {
    "Brand_Product_Size": "Monday Volume Conditioner 350mL",
    "COL Price": 7,
    "COL ppu": "$2.00 per 100mL",
    "COL Size": "350mL"
  },
  {
    "Brand_Product_Size": "Kirks Sugar Free Lemonade Multipack Cans 375 mL 10 pack",
    "COL Price": 6.2,
    "COL ppu": "$1.65 per 1L",
    "COL Size": "10 pack"
  },
  {
    "Brand_Product_Size": "Marvel Figure 9.5 Inch Assortment each",
    "COL Price": 12,
    "COL ppu": "",
    "COL Size": "each"
  },
  {
    "Brand_Product_Size": "Nescafe Dolce Gusto Cafe Au Lait Coffee Capsules 16 Pack 160g",
    "COL Price": 8.5,
    "COL ppu": "$5.31 per 100G",
    "COL Size": "160g"
  },
  {
    "Brand_Product_Size": "Dr. Oetker Frozen Ristorante Pepperoni Pizza 310g",
    "COL Price": 7.9,
    "COL ppu": "$2.55 per 100G",
    "COL Size": "310g"
  },
  {
    "Brand_Product_Size": "Pantene Classic Clean Conditioner 375mL",
    "COL Price": 8,
    "COL ppu": "$2.13 per 100mL",
    "COL Size": "375mL"
  },
  {
    "Brand_Product_Size": "Myaura Mandarin Grapefruit Lemon Organics Roll On 75mL",
    "COL Price": 9,
    "COL ppu": "$12.00 per 100mL",
    "COL Size": "75mL"
  },
  {
    "Brand_Product_Size": "Stayfree Super Maxi Pads 18 pack",
    "COL Price": 4.3,
    "COL ppu": "$0.24 per 1Ea",
    "COL Size": "18 pack"
  },
  {
    "Brand_Product_Size": "McCain Man Size Bangers Mash 500g",
    "COL Price": 6,
    "COL ppu": "$1.20 per 100G",
    "COL Size": "500g"
  },
  {
    "Brand_Product_Size": "Sup Women's Essentials 30 pack",
    "COL Price": 23,
    "COL ppu": "",
    "COL Size": "30 pack"
  },
  {
    "Brand_Product_Size": "Cool Ridge Raspberry Spring Water 750mL",
    "COL Price": 2.7,
    "COL ppu": "$3.60 per 1L",
    "COL Size": "750mL"
  },
  {
    "Brand_Product_Size": "Schick Hydro Silk Blade Refill 4 pack",
    "COL Price": 10,
    "COL ppu": "$2.50 per 1Ea",
    "COL Size": "4 pack"
  },
  {
    "Brand_Product_Size": "Coles Capocollo approx. 1.5kg",
    "COL Price": 67.5,
    "COL ppu": "$45.00 per 1Kg",
    "COL Size": "approx. 1.5kg"
  },
  {
    "Brand_Product_Size": "Garnier Fructis Colour Last Shampoo 315mL",
    "COL Price": 3.5,
    "COL ppu": "$1.11 per 100mL",
    "COL Size": "315mL"
  },
  {
    "Brand_Product_Size": "Purr Chicken Selection Cat Food 85g 12 pack",
    "COL Price": 8.5,
    "COL ppu": "$8.33 per 1Kg",
    "COL Size": "12 pack"
  },
  {
    "Brand_Product_Size": "Campbell's Real Fish Stock 500mL",
    "COL Price": 2.3,
    "COL ppu": "$0.46 per 100mL",
    "COL Size": "500mL"
  },
  {
    "Brand_Product_Size": "Pledge Grab It Citrus Dusting Cloth 20 pack",
    "COL Price": 8.5,
    "COL ppu": "$0.43 per 1Ea",
    "COL Size": "20 pack"
  },
  {
    "Brand_Product_Size": "Flora Pro Activ Margarine Spread Original 500g",
    "COL Price": 8,
    "COL ppu": "$1.60 per 100G",
    "COL Size": "500g"
  },
  {
    "Brand_Product_Size": "Colgate Plax Fresh Mint Mouth Wash 1L",
    "COL Price": 8,
    "COL ppu": "$0.80 per 100mL",
    "COL Size": "1L"
  },
  {
    "Brand_Product_Size": "McCain Frozen Shoestring Beer Batter Chips 750g",
    "COL Price": 4.3,
    "COL ppu": "$0.57 per 100G",
    "COL Size": "750g"
  },
  {
    "Brand_Product_Size": "Cove By Earth Choice Bathroom Cleaner Refill 125mL",
    "COL Price": 3.5,
    "COL ppu": "$2.80 per 100mL",
    "COL Size": "125mL"
  },
  {
    "Brand_Product_Size": "Dove Antiperspirant Clinical Protection Original Clean 50mL",
    "COL Price": 8,
    "COL ppu": "$16.00 per 100mL",
    "COL Size": "50mL"
  },
  {
    "Brand_Product_Size": "Coles Spicy Capsicum Dip Mild 200g",
    "COL Price": 1.9,
    "COL ppu": "$0.95 per 100G",
    "COL Size": "200g"
  },
  {
    "Brand_Product_Size": "Coles Sunflower Oil 2L",
    "COL Price": 6.5,
    "COL ppu": "$0.33 per 100mL",
    "COL Size": "2L"
  },
  {
    "Brand_Product_Size": "Cadbury Caramel Slice 6pack 145g",
    "COL Price": 2.5,
    "COL ppu": "$1.72 per 100G",
    "COL Size": "145g"
  },
  {
    "Brand_Product_Size": "Coles Frozen Vegetable Samosas 10 Pack 300g",
    "COL Price": 5,
    "COL ppu": "$1.67 per 100G",
    "COL Size": "300g"
  },
  {
    "Brand_Product_Size": "Moira Mac's RSPCA Approved Premium Chicken Breast approx. 250g each",
    "COL Price": 4.75,
    "COL ppu": "$19.00 per 1Kg",
    "COL Size": "approx. 250g each"
  },
  {
    "Brand_Product_Size": "Fibre One Carrot Cake Bars 4 Pieces 100g",
    "COL Price": 5.5,
    "COL ppu": "$5.50 per 100G",
    "COL Size": "100g"
  },
  {
    "Brand_Product_Size": "Freedom Foods Heritage Mill Very Berry Toasted Muesli 1kg",
    "COL Price": 7,
    "COL ppu": "$0.70 per 100G",
    "COL Size": "1kg"
  },
  {
    "Brand_Product_Size": "Udder Delights Adelaide Hills Camembert Cheese 200g",
    "COL Price": 9,
    "COL ppu": "$4.50 per 100G",
    "COL Size": "200g"
  },
  {
    "Brand_Product_Size": "Royal Holland Kroon Maasdam approx. 100g",
    "COL Price": 3,
    "COL ppu": "$30.00 per 1Kg",
    "COL Size": "approx. 100g"
  },
  {
    "Brand_Product_Size": "Magazine Take 5 Bumper Puzzler each",
    "COL Price": 5.5,
    "COL ppu": "$5.50 per 1Ea",
    "COL Size": "each"
  },
  {
    "Brand_Product_Size": "Balfours Frozen Cornish Pasties 2 pack 400g",
    "COL Price": 7,
    "COL ppu": "$1.75 per 100G",
    "COL Size": "400g"
  },
  {
    "Brand_Product_Size": "Coles Kitchen Thai Red Vegetable Curry & Rice 350g",
    "COL Price": 6.5,
    "COL ppu": "$1.86 per 100G",
    "COL Size": "350g"
  },
  {
    "Brand_Product_Size": "Nexba Strawberry Peach Kombucha Drink 1L",
    "COL Price": 6.2,
    "COL ppu": "$6.20 per 1L",
    "COL Size": "1L"
  },
  {
    "Brand_Product_Size": "Coles Pure Australian Honey Jar 500g",
    "COL Price": 6.5,
    "COL ppu": "$1.30 per 100G",
    "COL Size": "500g"
  },
  {
    "Brand_Product_Size": "Coles Kitchen Stir Fry Teriyaki 550g",
    "COL Price": 5,
    "COL ppu": "$0.91 per 100G",
    "COL Size": "550g"
  },
  {
    "Brand_Product_Size": "Mission Crust Plain Pizza 400g",
    "COL Price": 5.3,
    "COL ppu": "$1.33 per 100G",
    "COL Size": "400g"
  },
  {
    "Brand_Product_Size": "Schweppes Lime Flavour Soda Water With Lime Juice 1.1L",
    "COL Price": 2.15,
    "COL ppu": "$1.95 per 1L",
    "COL Size": "1.1L"
  },
  {
    "Brand_Product_Size": "Iddy Biddy Mixed Berry Flavoured Snacks 160g",
    "COL Price": 4,
    "COL ppu": "$2.50 per 100G",
    "COL Size": "160g"
  },
  {
    "Brand_Product_Size": "Coles Made Easy Slow Cooked Lamb Shoulder With Greek Inspired Sauce 550g",
    "COL Price": 12,
    "COL ppu": "$21.82 per 1Kg",
    "COL Size": "550g"
  },
  {
    "Brand_Product_Size": "Natural Wafer Crackers 100g",
    "COL Price": 3,
    "COL ppu": "$3.00 per 100G",
    "COL Size": "100g"
  },
  {
    "Brand_Product_Size": "Beechworth Bee Cause Australian Coastal Honey 400g",
    "COL Price": 8.5,
    "COL ppu": "$2.13 per 100G",
    "COL Size": "400g"
  },
  {
    "Brand_Product_Size": "Wonder Mini Loaf White Sandwich Vit Min 320g",
    "COL Price": 2.5,
    "COL ppu": "$0.78 per 100G",
    "COL Size": "320g"
  },
  {
    "Brand_Product_Size": "Monday Smooth Shampoo 350mL",
    "COL Price": 7,
    "COL ppu": "$2.00 per 100mL",
    "COL Size": "350mL"
  },
  {
    "Brand_Product_Size": "Coles Fruit Salad In Syrup 825g",
    "COL Price": 2,
    "COL ppu": "$2.42 per 1Kg",
    "COL Size": "825g"
  },
  {
    "Brand_Product_Size": "Coles Continental Chorizo each",
    "COL Price": 3,
    "COL ppu": "$3.00 per 1Ea",
    "COL Size": "each"
  },
  {
    "Brand_Product_Size": "Lieber's Real Chocolate Chips 280g",
    "COL Price": 5.9,
    "COL ppu": "$2.31 per 100G",
    "COL Size": "280g"
  },
  {
    "Brand_Product_Size": "Bega Tasty Cheese Sticks 8 pack 160g",
    "COL Price": 5.5,
    "COL ppu": "$34.38 per 1Kg",
    "COL Size": "160g"
  },
  {
    "Brand_Product_Size": "Pantene Micellar Water Charcoal Shampoo 530mL",
    "COL Price": 18,
    "COL ppu": "$3.40 per 100mL",
    "COL Size": "530mL"
  },
  {
    "Brand_Product_Size": "Libra Goodnights Extra Long With Wings Pads 10 pack",
    "COL Price": 2.94,
    "COL ppu": "$0.29 per 1Ea",
    "COL Size": "10 pack"
  },
  {
    "Brand_Product_Size": "Queen Finest Vanilla Pure Extract Madagascar 50mL",
    "COL Price": 8,
    "COL ppu": "$1.60 per 10mL",
    "COL Size": "50mL"
  },
  {
    "Brand_Product_Size": "Huggies Infant Size 2 Unisex 96 Nappies Jumbo Pack 1 pack",
    "COL Price": 30,
    "COL ppu": "$0.31 per 1Ea",
    "COL Size": "1 pack"
  },
  {
    "Brand_Product_Size": "Durex Play & Massage Lubricant 200mL",
    "COL Price": 10,
    "COL ppu": "$5.00 per 100mL",
    "COL Size": "200mL"
  },
  {
    "Brand_Product_Size": "Black Swan Corn Relish 200g",
    "COL Price": 3.5,
    "COL ppu": "$1.75 per 100G",
    "COL Size": "200g"
  },
  {
    "Brand_Product_Size": "Sanitarium Weet-Bix Blends Multi-Grain+ Breakfast Cereal 860g",
    "COL Price": 7.4,
    "COL ppu": "$0.86 per 100G",
    "COL Size": "860g"
  },
  {
    "Brand_Product_Size": "Saxa Blended Whole Peppercorns 190g",
    "COL Price": 6,
    "COL ppu": "$0.32 per 10G",
    "COL Size": "190g"
  },
  {
    "Brand_Product_Size": "Coles Butterscotch 112g",
    "COL Price": 1,
    "COL ppu": "$0.89 per 100G",
    "COL Size": "112g"
  },
  {
    "Brand_Product_Size": "Coles Chocolate Mint Supremes Biscuits 200g",
    "COL Price": 1.65,
    "COL ppu": "$0.83 per 100G",
    "COL Size": "200g"
  },
  {
    "Brand_Product_Size": "Coles Finest Spinach Aged Truffle Cheese approx. 100g",
    "COL Price": 7,
    "COL ppu": "$70.00 per 1Kg",
    "COL Size": "approx. 100g"
  },
  {
    "Brand_Product_Size": "Nurofen Zavance Tablets 24 pack",
    "COL Price": 7,
    "COL ppu": "$0.29 per 1Ea",
    "COL Size": "24 pack"
  },
  {
    "Brand_Product_Size": "Kellogg's LCMs Choc Chip Puffed Rice Breakfast Cereal Bars 15 pack 330g",
    "COL Price": 7,
    "COL ppu": "$2.12 per 100G",
    "COL Size": "330g"
  },
  {
    "Brand_Product_Size": "Well Naturally Chocolate Mint Sugar Free Bar 45g",
    "COL Price": 2.85,
    "COL ppu": "$6.33 per 100G",
    "COL Size": "45g"
  },
  {
    "Brand_Product_Size": "Emma & Tom's Extreme C Juice Chilled 350mL",
    "COL Price": 3.9,
    "COL ppu": "$11.14 per 1L",
    "COL Size": "350mL"
  },
  {
    "Brand_Product_Size": "Patak's Vindaloo Curry Paste Hot 283g",
    "COL Price": 5.5,
    "COL ppu": "$1.94 per 100G",
    "COL Size": "283g"
  },
  {
    "Brand_Product_Size": "Ayam Sweet & Sour Sauce 210mL",
    "COL Price": 3.5,
    "COL ppu": "$1.67 per 100mL",
    "COL Size": "210mL"
  },
  {
    "Brand_Product_Size": "Slow Hills RSPCA Approved Whole Chicken approx 1.6 kg each",
    "COL Price": 12.64,
    "COL ppu": "$7.90 per 1Kg",
    "COL Size": "approx 1.6 kg each"
  },
  {
    "Brand_Product_Size": "Woofin Good Chunks In Gravy Beef Liver & Veg Dog Food 400g",
    "COL Price": 1.65,
    "COL ppu": "$0.41 per 100G",
    "COL Size": "400g"
  },
  {
    "Brand_Product_Size": "Bulla Thickened Cream 300mL",
    "COL Price": 2.5,
    "COL ppu": "$0.83 per 100mL",
    "COL Size": "300mL"
  },
  {
    "Brand_Product_Size": "Eco Tools Classic Foundation 1 pack",
    "COL Price": 10,
    "COL ppu": "$10.00 per 1Ea",
    "COL Size": "1 pack"
  },
  {
    "Brand_Product_Size": "Moosehead Hard Wearing Fibre 100g",
    "COL Price": 9,
    "COL ppu": "$9.00 per 100mL",
    "COL Size": "100g"
  },
  {
    "Brand_Product_Size": "Coles Bakery White Cobb each",
    "COL Price": 2.5,
    "COL ppu": "$2.50 per 1Ea",
    "COL Size": "each"
  },
  {
    "Brand_Product_Size": "Arnott's Triple Wafer Biscuits 200g",
    "COL Price": 3.05,
    "COL ppu": "$1.53 per 100G",
    "COL Size": "200g"
  },
  {
    "Brand_Product_Size": "Almond Breeze Unsweetened Almond Milk 2L",
    "COL Price": 4.5,
    "COL ppu": "$2.25 per 1L",
    "COL Size": "2L"
  },
  {
    "Brand_Product_Size": "Siena Fine Polenta 1kg",
    "COL Price": 4.15,
    "COL ppu": "$0.42 per 100G",
    "COL Size": "1kg"
  },
  {
    "Brand_Product_Size": "Natures Commonscents Goats Milk & Paw Paw Moisturising Lotion 200mL",
    "COL Price": 10,
    "COL ppu": "$5.00 per 100mL",
    "COL Size": "200mL"
  },
  {
    "Brand_Product_Size": "Metamucil Original Natural Granular Dietary Fibre Supplement 72 Doses 504g",
    "COL Price": 23,
    "COL ppu": "$4.56 per 100G",
    "COL Size": "504g"
  },
  {
    "Brand_Product_Size": "Avent Air Mix Deco Soothers 6-18 Months 2 pack",
    "COL Price": 12.5,
    "COL ppu": "$6.25 per 1Ea",
    "COL Size": "2 pack"
  },
  {
    "Brand_Product_Size": "Latina Lasagne with Angus Beef & Vegetables 1.6kg",
    "COL Price": 18.9,
    "COL ppu": "$1.18 per 100G",
    "COL Size": "1.6kg"
  },
  {
    "Brand_Product_Size": "Schick Hydro 5 Groomer Kit 1 pack",
    "COL Price": 10,
    "COL ppu": "$10.00 per 1Ea",
    "COL Size": "1 pack"
  },
  {
    "Brand_Product_Size": "Well Naturally Chocolate Almond Bar Sugar Free 45g",
    "COL Price": 2.85,
    "COL ppu": "$6.33 per 100G",
    "COL Size": "45g"
  },
  {
    "Brand_Product_Size": "TCC Coconut Milk 400mL",
    "COL Price": 1.5,
    "COL ppu": "$0.38 per 100mL",
    "COL Size": "400mL"
  },
  {
    "Brand_Product_Size": "Nestle Bakers' Choice White Chocolate Melts 290g",
    "COL Price": 3.85,
    "COL ppu": "$1.33 per 100G",
    "COL Size": "290g"
  },
  {
    "Brand_Product_Size": "Peckish Fancies Parmesan & Herbs Rice Crackers 90g",
    "COL Price": 1.4,
    "COL ppu": "$1.56 per 100G",
    "COL Size": "90g"
  },
  {
    "Brand_Product_Size": "Erawan Glutinous Rice Flour 500g",
    "COL Price": 1.2,
    "COL ppu": "$2.40 per 1Kg",
    "COL Size": "500g"
  },
  {
    "Brand_Product_Size": "Nice & Natural Roasted Peanut Almond Bars 6 Pack 192g",
    "COL Price": 4,
    "COL ppu": "$2.08 per 100G",
    "COL Size": "192g"
  },
  {
    "Brand_Product_Size": "Cook & Dine Tall Latte Mug Blue each",
    "COL Price": 5,
    "COL ppu": "$5.00 per 1Ea",
    "COL Size": "each"
  },
  {
    "Brand_Product_Size": "Uludag Lemonade Drink 250mL 6 pack",
    "COL Price": 8.6,
    "COL ppu": "$5.73 per 1L",
    "COL Size": "6 pack"
  },
  {
    "Brand_Product_Size": "Tom & Luke Cacao & Mint Snackaballs 70g",
    "COL Price": 2.5,
    "COL ppu": "$3.57 per 100G",
    "COL Size": "70g"
  },
  {
    "Brand_Product_Size": "Melting Sweet Coconut Candy 125g",
    "COL Price": 2.8,
    "COL ppu": "$2.24 per 100G",
    "COL Size": "125g"
  },
  {
    "Brand_Product_Size": "Zooper Dooper No Sugar Multi Flavoured Ice Confection Mix 70mL Tubes 24 pack",
    "COL Price": 5.8,
    "COL ppu": "$0.35 per 100mL",
    "COL Size": "24 pack"
  },
  {
    "Brand_Product_Size": "Mutti Organic Passata 560g",
    "COL Price": 2.5,
    "COL ppu": "$0.45 per 100G",
    "COL Size": "560g"
  },
  {
    "Brand_Product_Size": "Air Wick Air Freshener Spray Lavender 237g",
    "COL Price": 2.8,
    "COL ppu": "$1.18 per 100G",
    "COL Size": "237g"
  },
  {
    "Brand_Product_Size": "Kellogg's Nutri-Grain Original Cereal Snack Bars 6 pack 144g",
    "COL Price": 4,
    "COL ppu": "$2.78 per 100G",
    "COL Size": "144g"
  },
  {
    "Brand_Product_Size": "Depend Real Fit Medium Underwear For Men 8 pack",
    "COL Price": 13,
    "COL ppu": "$1.63 per 1Ea",
    "COL Size": "8 pack"
  },
  {
    "Brand_Product_Size": "Coles Diced Beetroot 425g",
    "COL Price": 1.25,
    "COL ppu": "$2.94 per 1Kg",
    "COL Size": "425g"
  },
  {
    "Brand_Product_Size": "Harvest Snaps Chickpea Roasted Capsicum 75g",
    "COL Price": 2.5,
    "COL ppu": "$3.33 per 100G",
    "COL Size": "75g"
  },
  {
    "Brand_Product_Size": "Nudie Nothing But Apple Pineapple Cucumber 1L",
    "COL Price": 5.5,
    "COL ppu": "$5.50 per 1L",
    "COL Size": "1L"
  },
  {
    "Brand_Product_Size": "Coles Dutch Cream Brushed Potatoes approx. 200g",
    "COL Price": 0.8,
    "COL ppu": "$4.00 per 1Kg",
    "COL Size": "approx. 200g"
  },
  {
    "Brand_Product_Size": "Coles Organic Cabbage Whole each",
    "COL Price": 9,
    "COL ppu": "$9.00 per 1Ea",
    "COL Size": "each"
  },
  {
    "Brand_Product_Size": "Dove Men Fresh Clean 2 in 1 Hair Shampoo 300mL",
    "COL Price": 6.5,
    "COL ppu": "$2.17 per 100mL",
    "COL Size": "300mL"
  },
  {
    "Brand_Product_Size": "Clearblue Visual Plus Pregnancy Test Kit 3 pack",
    "COL Price": 17,
    "COL ppu": "$5.67 per 1Ea",
    "COL Size": "3 pack"
  },
  {
    "Brand_Product_Size": "Coles Free Range Pork Loin Chops approx. 471g",
    "COL Price": 8.478,
    "COL ppu": "$18.00 per 1Kg",
    "COL Size": "approx. 471g"
  },
  {
    "Brand_Product_Size": "Coles Bakery Rustic Baguette each",
    "COL Price": 2.5,
    "COL ppu": "$2.50 per 1Ea",
    "COL Size": "each"
  },
  {
    "Brand_Product_Size": "Coles Kitchen Garlic Naan 2 360g",
    "COL Price": 3.5,
    "COL ppu": "$0.97 per 100G",
    "COL Size": "360g"
  },
  {
    "Brand_Product_Size": "Codral Anaesthetic Lime & Lemon Lozenges 16 pack",
    "COL Price": 7.5,
    "COL ppu": "$0.47 per 1Ea",
    "COL Size": "16 pack"
  },
  {
    "Brand_Product_Size": "Birds Eye Frozen Fish Fillets With Herb & Garlic Crumb Oven Bake 6 pack 425g",
    "COL Price": 10,
    "COL ppu": "$23.53 per 1Kg",
    "COL Size": "425g"
  },
  {
    "Brand_Product_Size": "Coles Porcini & Black Summer Truffle Arancini 160g",
    "COL Price": 5,
    "COL ppu": "$3.13 per 100G",
    "COL Size": "160g"
  },
  {
    "Brand_Product_Size": "Coles Thawed Seafood Green Lip Mussels approx. 250g",
    "COL Price": 1.625,
    "COL ppu": "$6.50 per 1Kg",
    "COL Size": "approx. 250g"
  },
  {
    "Brand_Product_Size": "Coles A4 Binder Book 64 Page 3 pack",
    "COL Price": 2.5,
    "COL ppu": "$0.83 per 1Ea",
    "COL Size": "3 pack"
  },
  {
    "Brand_Product_Size": "Palmolive Cherry Blossom Hand Sanitiser 48mL",
    "COL Price": 3,
    "COL ppu": "$6.25 per 100mL",
    "COL Size": "48mL"
  },
  {
    "Brand_Product_Size": "Coles Bags Freezer Large 40 pack",
    "COL Price": 0.6,
    "COL ppu": "$0.02 per 1Ea",
    "COL Size": "40 pack"
  },
  {
    "Brand_Product_Size": "Steggles Frozen Sweet Chilli Chicken Breast Tenders 400g",
    "COL Price": 9,
    "COL ppu": "$22.50 per 1Kg",
    "COL Size": "400g"
  },
  {
    "Brand_Product_Size": "Clairol Dark Brown Root Touch Up Spray 100mL",
    "COL Price": 10.5,
    "COL ppu": "$10.50 per 100mL",
    "COL Size": "100mL"
  },
  {
    "Brand_Product_Size": "Sera Pepper Paste Mild 720g",
    "COL Price": 9,
    "COL ppu": "$1.25 per 100G",
    "COL Size": "720g"
  },
  {
    "Brand_Product_Size": "Coles Urban Coffee Culture Single Origin Ground Brazil Coffee 250g",
    "COL Price": 6,
    "COL ppu": "$2.40 per 100G",
    "COL Size": "250g"
  },
  {
    "Brand_Product_Size": "Nudie Nothing But Juice Orange Pulp Free 400mL",
    "COL Price": 3.5,
    "COL ppu": "$8.75 per 1L",
    "COL Size": "400mL"
  },
  {
    "Brand_Product_Size": "International Roast Instant Coffee 500g",
    "COL Price": 11,
    "COL ppu": "$2.20 per 100G",
    "COL Size": "500g"
  },
  {
    "Brand_Product_Size": "Pura Double Thick Cream 300mL",
    "COL Price": 6.15,
    "COL ppu": "$2.05 per 100mL",
    "COL Size": "300mL"
  },
  {
    "Brand_Product_Size": "Noshu Marshmallow Snackles 110g",
    "COL Price": 6,
    "COL ppu": "$5.45 per 100G",
    "COL Size": "110g"
  },
  {
    "Brand_Product_Size": "Rockstar Punched Tropical Guava Flavour Energy Drink 500mL",
    "COL Price": 2.15,
    "COL ppu": "$4.30 per 1L",
    "COL Size": "500mL"
  },
  {
    "Brand_Product_Size": "Green's Triple Choc Fudge Brownie 500g",
    "COL Price": 3.2,
    "COL ppu": "$0.64 per 100G",
    "COL Size": "500g"
  },
  {
    "Brand_Product_Size": "Coles Frozen Diced Mango 500g",
    "COL Price": 4,
    "COL ppu": "$8.00 per 1Kg",
    "COL Size": "500g"
  },
  {
    "Brand_Product_Size": "Cadbury Dairy Milk Chocolate Block 180g",
    "COL Price": 5,
    "COL ppu": "$2.78 per 100G",
    "COL Size": "180g"
  },
  {
    "Brand_Product_Size": "Pelmeni Foods Frozen Potato & Onion Kreplach Dumplings 600g",
    "COL Price": 13.5,
    "COL ppu": "$2.25 per 100G",
    "COL Size": "600g"
  },
  {
    "Brand_Product_Size": "Mission Original Wraps 8 pack 567g",
    "COL Price": 5,
    "COL ppu": "$0.88 per 100G",
    "COL Size": "567g"
  },
  {
    "Brand_Product_Size": "Twinings Lemon Flavour Green Tea Bags 10 Pack 20g",
    "COL Price": 2.9,
    "COL ppu": "$0.29 per 1Ea",
    "COL Size": "20g"
  },
  {
    "Brand_Product_Size": "Don Melosi Premium Leg Ham approx.125g",
    "COL Price": 2.875,
    "COL ppu": "$23.00 per 1Kg",
    "COL Size": "approx.125g"
  },
  {
    "Brand_Product_Size": "Dairylea Cheese Sticks 12 pack 240g",
    "COL Price": 5.6,
    "COL ppu": "$23.33 per 1Kg",
    "COL Size": "240g"
  },
  {
    "Brand_Product_Size": "All Day Mens Cushion Crew Size 11-13 2 pack",
    "COL Price": 10.5,
    "COL ppu": "$5.25 per 1Ea",
    "COL Size": "2 pack"
  },
  {
    "Brand_Product_Size": "Gelocity Original Black 2 pack",
    "COL Price": 3.6,
    "COL ppu": "$1.80 per 1Ea",
    "COL Size": "2 pack"
  },
  {
    "Brand_Product_Size": "Carman's Choc Caramel Aussie Oat Bar 180g",
    "COL Price": 5,
    "COL ppu": "$2.78 per 100G",
    "COL Size": "180g"
  },
  {
    "Brand_Product_Size": "Cook & Dine Collapsible Steamer each",
    "COL Price": 8.5,
    "COL ppu": "$8.50 per 1Ea",
    "COL Size": "each"
  },
  {
    "Brand_Product_Size": "Coles Jumbo Salad Tub Curried Pumpkin Cous Cous Salad each",
    "COL Price": 11,
    "COL ppu": "$11.00 per 1Ea",
    "COL Size": "each"
  },
  {
    "Brand_Product_Size": "Schick Exacta 2 Disposable Sensitive Razor with Vitamin E 18 pack",
    "COL Price": 5,
    "COL ppu": "$0.28 per 1Ea",
    "COL Size": "18 pack"
  },
  {
    "Brand_Product_Size": "Patties Frozen Party Pasties 12 pack 500g",
    "COL Price": 8.5,
    "COL ppu": "$1.70 per 100G",
    "COL Size": "500g"
  },
  {
    "Brand_Product_Size": "Quilton Royal 3Ply Toilet Tissue 16 pack",
    "COL Price": 12,
    "COL ppu": "$0.75 per 1Ea",
    "COL Size": "16 pack"
  },
  {
    "Brand_Product_Size": "Air Wick Essential Oils Frangipani Refill 174g",
    "COL Price": 8,
    "COL ppu": "$4.60 per 100G",
    "COL Size": "174g"
  },
  {
    "Brand_Product_Size": "Coles White Self Raising Flour 1kg",
    "COL Price": 1,
    "COL ppu": "$1.00 per 1Kg",
    "COL Size": "1kg"
  },
  {
    "Brand_Product_Size": "Yo Pro Frozen Dessert Salted Caramel 4 pack 540mL",
    "COL Price": 12,
    "COL ppu": "$2.22 per 100mL",
    "COL Size": "540mL"
  },
  {
    "Brand_Product_Size": "Elastoplast Sensitive Xl Dressings 5 pack",
    "COL Price": 5.95,
    "COL ppu": "$1.19 per 1Ea",
    "COL Size": "5 pack"
  },
  {
    "Brand_Product_Size": "Crazy Dragon Frozen Chicken Dumplings 1kg",
    "COL Price": 15,
    "COL ppu": "$1.50 per 100G",
    "COL Size": "1kg"
  },
  {
    "Brand_Product_Size": "Purr Cat Food Kitten Chicken Selection 12X85g 12 pack",
    "COL Price": 8.5,
    "COL ppu": "$0.83 per 100G",
    "COL Size": "12 pack"
  },
  {
    "Brand_Product_Size": "Edens Sesame Bar 45g",
    "COL Price": 0.88,
    "COL ppu": "$1.96 per 100G",
    "COL Size": "45g"
  },
  {
    "Brand_Product_Size": "Mirabella LED Globe GLS Bayonet Cap 11 watt Cool White each",
    "COL Price": 8,
    "COL ppu": "$8.00 per 1Ea",
    "COL Size": "each"
  },
  {
    "Brand_Product_Size": "Fairy All In One Dishwashing Tablets 48 pack",
    "COL Price": 31,
    "COL ppu": "$0.65 per 1Ea",
    "COL Size": "48 pack"
  },
  {
    "Brand_Product_Size": "Coles Kitchen Pizza Limited Edition Chicken Fajita 470g",
    "COL Price": 5,
    "COL ppu": "$1.06 per 100G",
    "COL Size": "470g"
  },
  {
    "Brand_Product_Size": "Pringles Salt & Vinegar Flavour Stacked Potato Chips 134g",
    "COL Price": 2,
    "COL ppu": "$1.49 per 100G",
    "COL Size": "134g"
  },
  {
    "Brand_Product_Size": "Slim Secrets Bare Strawberry Protein Bar 40g",
    "COL Price": 3.96,
    "COL ppu": "$9.90 per 100G",
    "COL Size": "40g"
  },
  {
    "Brand_Product_Size": "Cook & Dine Glass Teapot With Filter each",
    "COL Price": 12.8,
    "COL ppu": "$12.80 per 1Ea",
    "COL Size": "each"
  },
  {
    "Brand_Product_Size": "Coles Soft Headbands 3 pack",
    "COL Price": 6.8,
    "COL ppu": "$2.27 per 1Ea",
    "COL Size": "3 pack"
  },
  {
    "Brand_Product_Size": "Coles Bake & Create Mini Hearts Sprinkles 65g",
    "COL Price": 3,
    "COL ppu": "$4.62 per 100G",
    "COL Size": "65g"
  },
  {
    "Brand_Product_Size": "Coles Yellowfin Tuna Chunks In Basil Flavoured Oil 95g",
    "COL Price": 1.3,
    "COL ppu": "$13.68 per 1Kg",
    "COL Size": "95g"
  },
  {
    "Brand_Product_Size": "Coles Condensed Canned Soup Tomato 420g",
    "COL Price": 0.8,
    "COL ppu": "$0.19 per 100G",
    "COL Size": "420g"
  },
  {
    "Brand_Product_Size": "Mars Maltesers Bucket 465g",
    "COL Price": 12,
    "COL ppu": "$2.58 per 100G",
    "COL Size": "465g"
  },
  {
    "Brand_Product_Size": "Schwarzkopf Extra Care Bio-Tech Colour Conditioner 500mL",
    "COL Price": 17,
    "COL ppu": "$3.40 per 100mL",
    "COL Size": "500mL"
  },
  {
    "Brand_Product_Size": "Europe Honey Nougat Log 40g",
    "COL Price": 2,
    "COL ppu": "$5.00 per 100G",
    "COL Size": "40g"
  },
  {
    "Brand_Product_Size": "Bonds Kids Logo Low Cut R5090W 3 pack",
    "COL Price": 13,
    "COL ppu": "$4.33 per 1Ea",
    "COL Size": "3 pack"
  },
  {
    "Brand_Product_Size": "Gaganis Red Beans 1kg",
    "COL Price": 3.7,
    "COL ppu": "$3.70 per 1Kg",
    "COL Size": "1kg"
  },
  {
    "Brand_Product_Size": "Coles Australian Pecans Prepacked 400g",
    "COL Price": 12,
    "COL ppu": "$30.00 per 1Kg",
    "COL Size": "400g"
  },
  {
    "Brand_Product_Size": "Five Tastes Laksa Paste Mild 220g",
    "COL Price": 3,
    "COL ppu": "$1.36 per 100G",
    "COL Size": "220g"
  },
  {
    "Brand_Product_Size": "My Dog Beef & Liver Dog Food 6 pack",
    "COL Price": 8.5,
    "COL ppu": "$1.42 per 1Ea",
    "COL Size": "6 pack"
  },
  {
    "Brand_Product_Size": "Yoplait Berry Punnet Yoghurt 100g 12 pack",
    "COL Price": 7,
    "COL ppu": "$0.58 per 100G",
    "COL Size": "12 pack"
  },
  {
    "Brand_Product_Size": "Monday Smooth Conditioner 800mL",
    "COL Price": 14,
    "COL ppu": "$1.75 per 100mL",
    "COL Size": "800mL"
  },
  {
    "Brand_Product_Size": "Cub Bamboo Feeder Set 5 piece",
    "COL Price": 14,
    "COL ppu": "",
    "COL Size": "5 piece"
  },
  {
    "Brand_Product_Size": "King Island Dairy Smoked Cheddar Cheese apprx. 100g",
    "COL Price": 4.2,
    "COL ppu": "$42.00 per 1Kg",
    "COL Size": "apprx. 100g"
  },
  {
    "Brand_Product_Size": "Grand Italian Potato Gnocchi 500g",
    "COL Price": 4.7,
    "COL ppu": "$0.94 per 100G",
    "COL Size": "500g"
  },
  {
    "Brand_Product_Size": "Dollar Sweets Edible Glitter Silver Spray 4g",
    "COL Price": 6,
    "COL ppu": "$150.00 per 100G",
    "COL Size": "4g"
  },
  {
    "Brand_Product_Size": "Coles Hypoallergenic Transparent Spot Plasters 30 pack",
    "COL Price": 3,
    "COL ppu": "$0.10 per 1Ea",
    "COL Size": "30 pack"
  },
  {
    "Brand_Product_Size": "Coles Danish Style Fetta Cheese 200g",
    "COL Price": 3,
    "COL ppu": "$15.00 per 1Kg",
    "COL Size": "200g"
  },
  {
    "Brand_Product_Size": "Cadbury Favourites Dark 352g",
    "COL Price": 7,
    "COL ppu": "$1.99 per 100G",
    "COL Size": "352g"
  },
  {
    "Brand_Product_Size": "Coles Mum's Pizza Sause 415g",
    "COL Price": 3,
    "COL ppu": "$0.72 per 100G",
    "COL Size": "415g"
  },
  {
    "Brand_Product_Size": "Passage Foods Passage To India Tikka Masala Simmer Sauce Pouch 375g",
    "COL Price": 2.35,
    "COL ppu": "$0.63 per 100G",
    "COL Size": "375g"
  },
  {
    "Brand_Product_Size": "Freedom Foods Barley Clusters 400g",
    "COL Price": 6,
    "COL ppu": "$1.50 per 100G",
    "COL Size": "400g"
  },
  {
    "Brand_Product_Size": "Rexona Clinical Protection Antiperspirant Roll On Shower Clean 50mL",
    "COL Price": 8,
    "COL ppu": "$16.00 per 100mL",
    "COL Size": "50mL"
  },
  {
    "Brand_Product_Size": "Orgran Buckwheat Pasta 250g",
    "COL Price": 4,
    "COL ppu": "$1.60 per 100G",
    "COL Size": "250g"
  },
  {
    "Brand_Product_Size": "Fehlbergs Crinkle Cut Sweet & Hot Chipotle Cucumbers 470g",
    "COL Price": 3.8,
    "COL ppu": "$8.09 per 1Kg",
    "COL Size": "470g"
  },
  {
    "Brand_Product_Size": "Coles Chorizo Croquette 240g",
    "COL Price": 5,
    "COL ppu": "$2.08 per 100G",
    "COL Size": "240g"
  },
  {
    "Brand_Product_Size": "Coles Bakery Custard Pull Apart each",
    "COL Price": 4,
    "COL ppu": "$4.00 per 1Ea",
    "COL Size": "each"
  },
  {
    "Brand_Product_Size": "MTR Dal Makhani Mild 300g",
    "COL Price": 2.75,
    "COL ppu": "$0.92 per 100G",
    "COL Size": "300g"
  },
  {
    "Brand_Product_Size": "McCain Frozen Healthy Choice Tomato & Bacon Penne 300g",
    "COL Price": 4,
    "COL ppu": "$1.33 per 100G",
    "COL Size": "300g"
  },
  {
    "Brand_Product_Size": "Coles Australian Macadamias 200g",
    "COL Price": 13.65,
    "COL ppu": "$6.83 per 100G",
    "COL Size": "200g"
  },
  {
    "Brand_Product_Size": "Hillier's Milk Chocolate Coated Almonds Gift Box 240g",
    "COL Price": 5.5,
    "COL ppu": "$2.29 per 100G",
    "COL Size": "240g"
  },
  {
    "Brand_Product_Size": "John Frieda Detox & Repair Deep Masque 250mL",
    "COL Price": 18,
    "COL ppu": "$7.20 per 100mL",
    "COL Size": "250mL"
  },
  {
    "Brand_Product_Size": "Kellogg's Corn Flakes 380g",
    "COL Price": 3.75,
    "COL ppu": "$0.99 per 100G",
    "COL Size": "380g"
  },
  {
    "Brand_Product_Size": "Plantly Revive Enhanced Water + Juice Citrus & Elderflower Flavour 1.25L",
    "COL Price": 3.5,
    "COL ppu": "$2.80 per 1L",
    "COL Size": "1.25L"
  },
  {
    "Brand_Product_Size": "The Natural Cracker Co. Honey Soy Chicken Crispy Crackers 160g",
    "COL Price": 1.75,
    "COL ppu": "$1.09 per 100G",
    "COL Size": "160g"
  },
  {
    "Brand_Product_Size": "Orgran Corn Crispbread 125g",
    "COL Price": 3,
    "COL ppu": "$2.40 per 100G",
    "COL Size": "125g"
  },
  {
    "Brand_Product_Size": "Connoisseur Cookies & Cream Gourmet Ice Cream Tub 1L",
    "COL Price": 7.5,
    "COL ppu": "$0.75 per 100mL",
    "COL Size": "1L"
  },
  {
    "Brand_Product_Size": "Kiwi Extreme Protector 139g",
    "COL Price": 10,
    "COL ppu": "$7.19 per 100G",
    "COL Size": "139g"
  },
  {
    "Brand_Product_Size": "Telfast Telfast Hayfever Allergy Relief 120mg Tablets 10 pack",
    "COL Price": 12,
    "COL ppu": "$1.20 per 1Ea",
    "COL Size": "10 pack"
  },
  {
    "Brand_Product_Size": "Naturopathica Vegan Omega 60 pack",
    "COL Price": 15,
    "COL ppu": "$25.00 per 100Ea",
    "COL Size": "60 pack"
  },
  {
    "Brand_Product_Size": "Mother Earth Baked Oaty Slices Chocolate Oats 240g",
    "COL Price": 3,
    "COL ppu": "$1.25 per 100G",
    "COL Size": "240g"
  },
  {
    "Brand_Product_Size": "Poonsin Stir-Fry Mixed Vegetables 425g",
    "COL Price": 2.35,
    "COL ppu": "$5.53 per 1Kg",
    "COL Size": "425g"
  },
  {
    "Brand_Product_Size": "Aeroplane Ready To Eat Pineapple Jelly 120g",
    "COL Price": 1.4,
    "COL ppu": "$1.17 per 100G",
    "COL Size": "120g"
  },
  {
    "Brand_Product_Size": "Coles Butter Croissants 3 pack 189g",
    "COL Price": 2.5,
    "COL ppu": "$1.32 per 100G",
    "COL Size": "189g"
  },
  {
    "Brand_Product_Size": "Coles Finest French Double Cream Brie approx. 100g",
    "COL Price": 7,
    "COL ppu": "$70.00 per 1Kg",
    "COL Size": "approx. 100g"
  },
  {
    "Brand_Product_Size": "Coles Spinach & Ricotta Cannelloni 1.2 kg",
    "COL Price": 10,
    "COL ppu": "$0.83 per 100G",
    "COL Size": "1.2 kg"
  },
  {
    "Brand_Product_Size": "Coles Cough Cold & Flu 18 Day & 6 Night Capsules 1 pack",
    "COL Price": 10,
    "COL ppu": "$10.00 per 1Ea",
    "COL Size": "1 pack"
  },
  {
    "Brand_Product_Size": "Bic Maxi Lighters 2 pack",
    "COL Price": 3.5,
    "COL ppu": "$1.75 per 1Ea",
    "COL Size": "2 pack"
  },
  {
    "Brand_Product_Size": "Kleenex 2 Ply Softpack White Facial Tissues 60 pack",
    "COL Price": 1.5,
    "COL ppu": "$2.50 per 100Ea",
    "COL Size": "60 pack"
  },
  {
    "Brand_Product_Size": "Purina Total Care Tasty All Wormer Small Dog Or Puppies Treatment 1 pack",
    "COL Price": 11.5,
    "COL ppu": "$11.50 per 1Ea",
    "COL Size": "1 pack"
  },
  {
    "Brand_Product_Size": "Mutti Baby Roma Tomatoes 400g",
    "COL Price": 1.6,
    "COL ppu": "$4.00 per 1Kg",
    "COL Size": "400g"
  },
  {
    "Brand_Product_Size": "San Remo Spelt Spiral Pasta 250g",
    "COL Price": 4.2,
    "COL ppu": "$1.68 per 100G",
    "COL Size": "250g"
  },
  {
    "Brand_Product_Size": "Honeybee Goats Cheese approx. 100g",
    "COL Price": 6.5,
    "COL ppu": "$65.00 per 1Kg",
    "COL Size": "approx. 100g"
  },
  {
    "Brand_Product_Size": "Cook & Dine Patterned Serving Platter each",
    "COL Price": 6.4,
    "COL ppu": "$6.40 per 1Ea",
    "COL Size": "each"
  },
  {
    "Brand_Product_Size": "Haldirams Aloo Paratha 400g",
    "COL Price": 6.5,
    "COL ppu": "$1.63 per 100G",
    "COL Size": "400g"
  },
  {
    "Brand_Product_Size": "Lavazza Tierra Planet Ground Coffee 180g",
    "COL Price": 7.5,
    "COL ppu": "$4.17 per 100G",
    "COL Size": "180g"
  },
  {
    "Brand_Product_Size": "Bickford's Lemon Barley Cordial 750mL",
    "COL Price": 3.2,
    "COL ppu": "$4.27 per 1L",
    "COL Size": "750mL"
  },
  {
    "Brand_Product_Size": "Mama Pork Noodles Jumbo Pack 90g",
    "COL Price": 1,
    "COL ppu": "$1.11 per 100G",
    "COL Size": "90g"
  },
  {
    "Brand_Product_Size": "DJ & A Potato Wedges Original 100g",
    "COL Price": 3.5,
    "COL ppu": "$3.50 per 100G",
    "COL Size": "100g"
  },
  {
    "Brand_Product_Size": "MasterFoods Chives Chopped 7g",
    "COL Price": 4.8,
    "COL ppu": "$6.86 per 10G",
    "COL Size": "7g"
  },
  {
    "Brand_Product_Size": "MasterFoods Squeezy Tomato Sauce 920mL",
    "COL Price": 4,
    "COL ppu": "$0.43 per 100mL",
    "COL Size": "920mL"
  },
  {
    "Brand_Product_Size": "Hydralyte Orange Flavoured Electrolyte Ice Block 62.5 mL 16 pack",
    "COL Price": 15,
    "COL ppu": "$0.94 per 1Ea",
    "COL Size": "16 pack"
  },
  {
    "Brand_Product_Size": "Peckish Brown Rice Red Quinoa Crackers 90g",
    "COL Price": 2.5,
    "COL ppu": "$2.78 per 100G",
    "COL Size": "90g"
  },
  {
    "Brand_Product_Size": "Bills Organic Bread Sourdough Multi Fruit 660g",
    "COL Price": 8,
    "COL ppu": "$1.21 per 100G",
    "COL Size": "660g"
  },
  {
    "Brand_Product_Size": "Casalingo Felino Salami approx. 500g",
    "COL Price": 17,
    "COL ppu": "$34.00 per 1Kg",
    "COL Size": "approx. 500g"
  },
  {
    "Brand_Product_Size": "Mix Sheer Sockettes 30 Denier Natural Size 1 4 pack",
    "COL Price": 3,
    "COL ppu": "$0.75 per 1Ea",
    "COL Size": "4 pack"
  },
  {
    "Brand_Product_Size": "Tru-Blue Garlic Butter Spread 150g",
    "COL Price": 3,
    "COL ppu": "$2.00 per 100G",
    "COL Size": "150g"
  },
  {
    "Brand_Product_Size": "S & B Golden Curry Medium Hot Sauce Mix 92g",
    "COL Price": 4.5,
    "COL ppu": "$4.89 per 100G",
    "COL Size": "92g"
  },
  {
    "Brand_Product_Size": "Duracell CEF14 Hi-Speed Rechargeable Battery Charger 1 pack",
    "COL Price": 29.9,
    "COL ppu": "$29.90 per 1Ea",
    "COL Size": "1 pack"
  },
  {
    "Brand_Product_Size": "MasterFoods Sweet Chilli Sauce 500mL",
    "COL Price": 3.3,
    "COL ppu": "$0.66 per 100mL",
    "COL Size": "500mL"
  },
  {
    "Brand_Product_Size": "Scholl Velvet Smooth Electronic Nail Care System each",
    "COL Price": 40,
    "COL ppu": "$40.00 per 1Ea",
    "COL Size": "each"
  },
  {
    "Brand_Product_Size": "Must Sugar Free Gum Spearmint 28g",
    "COL Price": 2.55,
    "COL ppu": "$9.11 per 100G",
    "COL Size": "28g"
  },
  {
    "Brand_Product_Size": "Sunrice Mini Bites Original 8pk 160g",
    "COL Price": 4,
    "COL ppu": "$2.50 per 100G",
    "COL Size": "160g"
  },
  {
    "Brand_Product_Size": "Kiddylicious Gluten Free Strawberry & Banana Smoothie Melts 6g",
    "COL Price": 1.8,
    "COL ppu": "$30.01 per 100G",
    "COL Size": "6g"
  },
  {
    "Brand_Product_Size": "Siena Fine Polenta 1kg",
    "COL Price": 4.15,
    "COL ppu": "$0.42 per 100G",
    "COL Size": "1kg"
  },
  {
    "Brand_Product_Size": "Coles Traditional Gravy Mix 120g",
    "COL Price": 1.65,
    "COL ppu": "$0.14 per 10G",
    "COL Size": "120g"
  },
  {
    "Brand_Product_Size": "Coles Thawed Seafood Peeled Chilli Prawns approx. 250g",
    "COL Price": 6.25,
    "COL ppu": "$25.00 per 1Kg",
    "COL Size": "approx. 250g"
  },
  {
    "Brand_Product_Size": "Tommee Tippee Cool Fish Teether each",
    "COL Price": 5,
    "COL ppu": "$5.00 per 1Ea",
    "COL Size": "each"
  },
  {
    "Brand_Product_Size": "SPC Apple & Pear Puree 4 pack",
    "COL Price": 3,
    "COL ppu": "$6.25 per 1Kg",
    "COL Size": "4 pack"
  },
  {
    "Brand_Product_Size": "Coles Fruit Frozen Summer Fruit 500g",
    "COL Price": 4,
    "COL ppu": "$0.80 per 100G",
    "COL Size": "500g"
  },
  {
    "Brand_Product_Size": "Colgate Bamboo Charcoal Soft Toothbrush 2 pack",
    "COL Price": 10,
    "COL ppu": "$5.00 per 1Ea",
    "COL Size": "2 pack"
  },
  {
    "Brand_Product_Size": "L'Oreal Paris Excellence 5.6 Rich Auburn Hair Colour 1 pack",
    "COL Price": 20,
    "COL ppu": "$20.00 per 1Ea",
    "COL Size": "1 pack"
  },
  {
    "Brand_Product_Size": "Olay Regenerist Micro Sculpting Cream Fragrance Free 48g",
    "COL Price": 49,
    "COL ppu": "$102.09 per 100G",
    "COL Size": "48g"
  },
  {
    "Brand_Product_Size": "Coles Cypriot Mint Halloumi 250g",
    "COL Price": 5.25,
    "COL ppu": "$21.00 per 1Kg",
    "COL Size": "250g"
  },
  {
    "Brand_Product_Size": "Orgran Vegan Easy Egg Mix Pouch 250g",
    "COL Price": 5,
    "COL ppu": "$2.00 per 100G",
    "COL Size": "250g"
  },
  {
    "Brand_Product_Size": "Tommee Tippee Carton My World Bottles Blue 3 pack",
    "COL Price": 15,
    "COL ppu": "$5.00 per 1Ea",
    "COL Size": "3 pack"
  },
  {
    "Brand_Product_Size": "Dairy Farmers Thick & Creamy Yoghurt Lemon 600g",
    "COL Price": 4.5,
    "COL ppu": "$0.75 per 100G",
    "COL Size": "600g"
  },
  {
    "Brand_Product_Size": "Oak Iced Coffee Flavoured Milk Carton 600mL",
    "COL Price": 3.1,
    "COL ppu": "$5.17 per 1L",
    "COL Size": "600mL"
  },
  {
    "Brand_Product_Size": "Morning Sun Natural Fruit Muesli 650g",
    "COL Price": 3.5,
    "COL ppu": "$0.54 per 100G",
    "COL Size": "650g"
  },
  {
    "Brand_Product_Size": "Pampas Frozen Puff Pastry Sheets Extra Light 6 pack 1kg",
    "COL Price": 4,
    "COL ppu": "$0.40 per 100G",
    "COL Size": "1kg"
  },
  {
    "Brand_Product_Size": "Always Fresh Stuffed Olives Pimento 700g",
    "COL Price": 4.8,
    "COL ppu": "$6.86 per 1Kg",
    "COL Size": "700g"
  },
  {
    "Brand_Product_Size": "Coles Ultra Shine Rinse Aid Regular 250mL",
    "COL Price": 1.5,
    "COL ppu": "$0.60 per 100mL",
    "COL Size": "250mL"
  },
  {
    "Brand_Product_Size": "Coles Deli SSF Mild Chorizo Salami approx. 125g each",
    "COL Price": 4.125,
    "COL ppu": "$33.00 per 1Kg",
    "COL Size": "approx. 125g each"
  },
  {
    "Brand_Product_Size": "Hoyts Caraway Seeds 15g",
    "COL Price": 1.5,
    "COL ppu": "$1.00 per 10G",
    "COL Size": "15g"
  },
  {
    "Brand_Product_Size": "Di Leo I Savoiardi Biscuits 400g",
    "COL Price": 4,
    "COL ppu": "$1.00 per 100G",
    "COL Size": "400g"
  },
  {
    "Brand_Product_Size": "Smash Tritan Drink Bottle each",
    "COL Price": 7,
    "COL ppu": "$7.00 per 1Ea",
    "COL Size": "each"
  },
  {
    "Brand_Product_Size": "Cook & Dine Cutlery Set 16 each",
    "COL Price": 14,
    "COL ppu": "$0.88 per 1Ea",
    "COL Size": "16 each"
  },
  {
    "Brand_Product_Size": "Coles Bakery Custard Tarts 2 Pack 260g",
    "COL Price": 5,
    "COL ppu": "$1.92 per 100G",
    "COL Size": "260g"
  },
  {
    "Brand_Product_Size": "Movietime Microwave Sweet & Salty Popcorn 100g",
    "COL Price": 1.69,
    "COL ppu": "$1.69 per 100G",
    "COL Size": "100g"
  },
  {
    "Brand_Product_Size": "Sunraysia Pouch 99.9% Apple Juice 200mL",
    "COL Price": 1.4,
    "COL ppu": "$7.00 per 1L",
    "COL Size": "200mL"
  },
  {
    "Brand_Product_Size": "Herbert Adams Frozen Slow Cooked King Island Beef  & Camembert 2 Pack 400g",
    "COL Price": 7.8,
    "COL ppu": "$1.95 per 100G",
    "COL Size": "400g"
  },
  {
    "Brand_Product_Size": "Mug Shot Side Dish Variety 320g",
    "COL Price": 4,
    "COL ppu": "$1.25 per 100G",
    "COL Size": "320g"
  },
  {
    "Brand_Product_Size": "Dine Finest Serve Mixed Selection In Gravy Mini Pouch Cat Food 6 pack",
    "COL Price": 4.8,
    "COL ppu": "$1.60 per 100G",
    "COL Size": "6 pack"
  },
  {
    "Brand_Product_Size": "Impulse Women's Body Spray Aerosol Deodorant Merely Musk 75mL",
    "COL Price": 4,
    "COL ppu": "$5.33 per 100mL",
    "COL Size": "75mL"
  },
  {
    "Brand_Product_Size": "MasterFoods Hollandaise Finishing Sauce 160g",
    "COL Price": 2,
    "COL ppu": "$0.13 per 10G",
    "COL Size": "160g"
  },
  {
    "Brand_Product_Size": "Schmackos Strapz With Chicken Dog Treats 200g",
    "COL Price": 6,
    "COL ppu": "$3.00 per 100G",
    "COL Size": "200g"
  },
  {
    "Brand_Product_Size": "Cook & Dine Paper Snack Plates 50 pack",
    "COL Price": 3.15,
    "COL ppu": "$0.06 per 1Ea",
    "COL Size": "50 pack"
  },
  {
    "Brand_Product_Size": "Revlon Colorsilk Dark Brown 30 Hair Color 1 pack",
    "COL Price": 9,
    "COL ppu": "$9.00 per 1Ea",
    "COL Size": "1 pack"
  },
  {
    "Brand_Product_Size": "Moccona Hazelnut Flavour Infused Instant Coffee 95g",
    "COL Price": 9.95,
    "COL ppu": "$10.47 per 100G",
    "COL Size": "95g"
  },
  {
    "Brand_Product_Size": "Blackmores Immune Defence Capsules 30 pack",
    "COL Price": 15,
    "COL ppu": "$50.00 per 100Ea",
    "COL Size": "30 pack"
  },
  {
    "Brand_Product_Size": "Schweppes Natural Mineral Water 1.1L",
    "COL Price": 2.15,
    "COL ppu": "$1.95 per 1L",
    "COL Size": "1.1L"
  },
  {
    "Brand_Product_Size": "Garnier Olia Hair Colour 5.0 Brown each",
    "COL Price": 8.5,
    "COL ppu": "$8.50 per 1Ea",
    "COL Size": "each"
  },
  {
    "Brand_Product_Size": "John West West Protein + Calcium Tuna Springwater 90g",
    "COL Price": 2,
    "COL ppu": "$22.22 per 1Kg",
    "COL Size": "90g"
  },
  {
    "Brand_Product_Size": "Jarlsberg Lite Cheese Slices 150g",
    "COL Price": 6.95,
    "COL ppu": "$46.34 per 1Kg",
    "COL Size": "150g"
  },
  {
    "Brand_Product_Size": "Dine Saucy Morsels With Tuna And Cheese Wet Cat Food Tray 85g",
    "COL Price": 1.15,
    "COL ppu": "$1.35 per 100G",
    "COL Size": "85g"
  },
  {
    "Brand_Product_Size": "Nood Grass Fed Beef & Lamb Recipe In Gravy Cat Food 80g 12 pack",
    "COL Price": 13,
    "COL ppu": "$1.35 per 100G",
    "COL Size": "12 pack"
  },
  {
    "Brand_Product_Size": "Hans Leg Ham & Tomato Chutney Lunch Plate 110g",
    "COL Price": 6.5,
    "COL ppu": "$5.91 per 100G",
    "COL Size": "110g"
  },
  {
    "Brand_Product_Size": "Coles Cheese And Tomato Pizza 470g",
    "COL Price": 3.5,
    "COL ppu": "$0.74 per 100G",
    "COL Size": "470g"
  },
  {
    "Brand_Product_Size": "L'Oreal Paris Elnett Satin Very Volume Supreme Hold Hairspray 400mL",
    "COL Price": 5.5,
    "COL ppu": "$1.38 per 100mL",
    "COL Size": "400mL"
  },
  {
    "Brand_Product_Size": "The Alternative Meat Co. Plant Based Crumbed Chicken Burgers 2 Pack 220g",
    "COL Price": 7,
    "COL ppu": "$3.18 per 100G",
    "COL Size": "220g"
  },
  {
    "Brand_Product_Size": "Nature's Own St John's Wort 2700mg Tablets 40 pack",
    "COL Price": 20,
    "COL ppu": "$0.50 per 1Ea",
    "COL Size": "40 pack"
  },
  {
    "Brand_Product_Size": "Patch Aloe Vera Adhesive Strip Bandages 25 pack",
    "COL Price": 7,
    "COL ppu": "$0.28 per 1Ea",
    "COL Size": "25 pack"
  },
  {
    "Brand_Product_Size": "Coles Beef Rissoles 440g",
    "COL Price": 5.5,
    "COL ppu": "$1.25 per 100G",
    "COL Size": "440g"
  },
  {
    "Brand_Product_Size": "Lotte Strawberry Koalas March 37g",
    "COL Price": 1.6,
    "COL ppu": "$4.32 per 100G",
    "COL Size": "37g"
  },
  {
    "Brand_Product_Size": "Coles Fresh Seafood Ocean Trout Portion approx. 200g",
    "COL Price": 7.8,
    "COL ppu": "$39.00 per 1Kg",
    "COL Size": "approx. 200g"
  },
  {
    "Brand_Product_Size": "Coles Kitchen Roast Vegetable Medley 350g",
    "COL Price": 6,
    "COL ppu": "$1.71 per 100G",
    "COL Size": "350g"
  },
  {
    "Brand_Product_Size": "Heinz Mild American Mustard 220mL",
    "COL Price": 2.75,
    "COL ppu": "$1.25 per 100mL",
    "COL Size": "220mL"
  },
  {
    "Brand_Product_Size": "Sunny Queen Cage Free Extra Large Eggs 12 pack 700g",
    "COL Price": 5.5,
    "COL ppu": "$0.79 per 100G",
    "COL Size": "700g"
  },
  {
    "Brand_Product_Size": "Inglewood Farms Free Range Organic Chicken Nibbles approx. 380g each",
    "COL Price": 5.7,
    "COL ppu": "$15.00 per 1Kg",
    "COL Size": "approx. 380g each"
  },
  {
    "Brand_Product_Size": "Smash Consumption Bottle 1L each",
    "COL Price": 12,
    "COL ppu": "$12.00 per 1Ea",
    "COL Size": "each"
  },
  {
    "Brand_Product_Size": "Ribena Blackcurrant Fruit Drink Multipack 6x250mL 6 pack",
    "COL Price": 4,
    "COL ppu": "$2.67 per 1L",
    "COL Size": "6 pack"
  },
  {
    "Brand_Product_Size": "Toshiba USB 3.0 BE03 32GB each",
    "COL Price": 17.6,
    "COL ppu": "$17.60 per 1Ea",
    "COL Size": "each"
  },
  {
    "Brand_Product_Size": "Strepsils Extra Blackcurrant Lozenges 36 pack",
    "COL Price": 15,
    "COL ppu": "$0.42 per 1Ea",
    "COL Size": "36 pack"
  },
  {
    "Brand_Product_Size": "Coles Finest Dutch Palmiers With Cheese & Onion 100g",
    "COL Price": 4,
    "COL ppu": "$4.00 per 100G",
    "COL Size": "100g"
  },
  {
    "Brand_Product_Size": "Vittoria Italian Blend Ground Coffee 500g",
    "COL Price": 11,
    "COL ppu": "$2.20 per 100G",
    "COL Size": "500g"
  },
  {
    "Brand_Product_Size": "Berringa Australian Pure & Natural Honeycomb 200g",
    "COL Price": 13.45,
    "COL ppu": "$6.73 per 100G",
    "COL Size": "200g"
  },
  {
    "Brand_Product_Size": "Spud Lite Potatoes Prepacked 1.5kg",
    "COL Price": 5,
    "COL ppu": "$3.33 per 1Kg",
    "COL Size": "1.5kg"
  },
  {
    "Brand_Product_Size": "Connoisseur Classic Vanilla Gourmet Ice Cream Tub 1L",
    "COL Price": 7.5,
    "COL ppu": "$7.50 per 1L",
    "COL Size": "1L"
  },
  {
    "Brand_Product_Size": "Primo Classic Chorizo 2 Pack 250g",
    "COL Price": 6.5,
    "COL ppu": "$2.60 per 100G",
    "COL Size": "250g"
  },
  {
    "Brand_Product_Size": "Maybelline Full 'N Soft Very Black Mascara 8.2g",
    "COL Price": 9.5,
    "COL ppu": "$11.59 per 10mL",
    "COL Size": "8.2g"
  },
  {
    "Brand_Product_Size": "Go Natural Beauty Collagen Power Cookie Macadamia & White Choc 50g",
    "COL Price": 3.5,
    "COL ppu": "$7.00 per 100G",
    "COL Size": "50g"
  },
  {
    "Brand_Product_Size": "Smiths Fun Mix Chips 20 Pack 375g",
    "COL Price": 5.5,
    "COL ppu": "$1.47 per 100G",
    "COL Size": "375g"
  },
  {
    "Brand_Product_Size": "Suncoast Gold Vitality Macadamia Oil 500mL",
    "COL Price": 7.9,
    "COL ppu": "$1.58 per 100mL",
    "COL Size": "500mL"
  },
  {
    "Brand_Product_Size": "Kiwi Kids Scuff Black Shoe Polish 100mL",
    "COL Price": 4,
    "COL ppu": "$4.00 per 100mL",
    "COL Size": "100mL"
  },
  {
    "Brand_Product_Size": "Super Nature Lemon & Ginger Chicken Pulses 300g",
    "COL Price": 4,
    "COL ppu": "$1.33 per 100G",
    "COL Size": "300g"
  },
  {
    "Brand_Product_Size": "Whiskas 1+ Years Wet Cat Food Tuna Can 400g",
    "COL Price": 1.75,
    "COL ppu": "$0.44 per 100G",
    "COL Size": "400g"
  },
  {
    "Brand_Product_Size": "Temptations Tempting Tuna Flavour Cat Treats 85g",
    "COL Price": 4.3,
    "COL ppu": "$5.06 per 100G",
    "COL Size": "85g"
  },
  {
    "Brand_Product_Size": "Nivea Irresistibly Smooth Body Lotion Moisturiser + Shea Butter 400mL",
    "COL Price": 8,
    "COL ppu": "$2.00 per 100mL",
    "COL Size": "400mL"
  },
  {
    "Brand_Product_Size": "Coles Prawns Raw Peeled 260g",
    "COL Price": 11,
    "COL ppu": "$42.31 per 1Kg",
    "COL Size": "260g"
  },
  {
    "Brand_Product_Size": "Cold Power Advanced Clean Laundry Liquid 2L",
    "COL Price": 8.75,
    "COL ppu": "$4.38 per 1L",
    "COL Size": "2L"
  },
  {
    "Brand_Product_Size": "Vaalia Kids Vanilla Yoghurt Pouch 140g",
    "COL Price": 1.7,
    "COL ppu": "$1.21 per 100G",
    "COL Size": "140g"
  },
  {
    "Brand_Product_Size": "Betty Crocker Gluten Free Devil's Food Cake Mix 550g",
    "COL Price": 6,
    "COL ppu": "$1.09 per 100G",
    "COL Size": "550g"
  },
  {
    "Brand_Product_Size": "MasterFoods Mild Chicken Curry Slow Cook Simmer Sauce 490g",
    "COL Price": 3.7,
    "COL ppu": "$0.76 per 100G",
    "COL Size": "490g"
  },
  {
    "Brand_Product_Size": "Coles Asian Style Salad Kit 350g",
    "COL Price": 5,
    "COL ppu": "$1.43 per 100G",
    "COL Size": "350g"
  },
  {
    "Brand_Product_Size": "L'Oreal Preference P38 Tokyo Hair Colour 1 pack",
    "COL Price": 9.5,
    "COL ppu": "$9.50 per 1Ea",
    "COL Size": "1 pack"
  },
  {
    "Brand_Product_Size": "Casalingo Heritage Ham approx. 125g",
    "COL Price": 4.375,
    "COL ppu": "$35.00 per 1Kg",
    "COL Size": "approx. 125g"
  },
  {
    "Brand_Product_Size": "Saxa Iodised Sea Salt Flakes 200g",
    "COL Price": 6.4,
    "COL ppu": "$0.32 per 10G",
    "COL Size": "200g"
  },
  {
    "Brand_Product_Size": "NRG Lithium Batteries 2032 4 pack",
    "COL Price": 10,
    "COL ppu": "$2.50 per 1Ea",
    "COL Size": "4 pack"
  },
  {
    "Brand_Product_Size": "Coles Banana Mini Muffins 9 pack",
    "COL Price": 3.5,
    "COL ppu": "$0.39 per 1Ea",
    "COL Size": "9 pack"
  },
  {
    "Brand_Product_Size": "Coles Kitchen Superfood Stir Fry 300g",
    "COL Price": 4,
    "COL ppu": "$1.33 per 100G",
    "COL Size": "300g"
  },
  {
    "Brand_Product_Size": "Dineamic Smokey Chicken & Roasted Chat Potatoes 360g",
    "COL Price": 9.95,
    "COL ppu": "$2.76 per 100G",
    "COL Size": "360g"
  },
  {
    "Brand_Product_Size": "Doritos Medium Salsa 300g",
    "COL Price": 2.5,
    "COL ppu": "$0.83 per 100G",
    "COL Size": "300g"
  },
  {
    "Brand_Product_Size": "Sanitarium UP&GO Liquid Breakfast Vanilla Ice 250mL 3 pack",
    "COL Price": 4.95,
    "COL ppu": "$0.66 per 100mL",
    "COL Size": "3 pack"
  },
  {
    "Brand_Product_Size": "Cook & Dine White Plastic Spoons 20 pack",
    "COL Price": 1,
    "COL ppu": "$0.05 per 1Ea",
    "COL Size": "20 pack"
  },
  {
    "Brand_Product_Size": "Coles Extension Cord 3M each",
    "COL Price": 5,
    "COL ppu": "$5.00 per 1ea",
    "COL Size": "each"
  },
  {
    "Brand_Product_Size": "Olympian Traditional Sweetloaf 400g",
    "COL Price": 6,
    "COL ppu": "$1.50 per 100G",
    "COL Size": "400g"
  },
  {
    "Brand_Product_Size": "White Wings Plain Flour 2kg",
    "COL Price": 4,
    "COL ppu": "$2.00 per 1Kg",
    "COL Size": "2kg"
  },
  {
    "Brand_Product_Size": "Belvita Honey and Nut Breakfast Biscuits 6 Pack 300g",
    "COL Price": 4,
    "COL ppu": "$1.33 per 100G",
    "COL Size": "300g"
  },
  {
    "Brand_Product_Size": "MasterFoods All Spice Ground 30g",
    "COL Price": 3.4,
    "COL ppu": "$1.13 per 10G",
    "COL Size": "30g"
  },
  {
    "Brand_Product_Size": "Cook & Dine Plastic Snack Plates 20 pack",
    "COL Price": 2.2,
    "COL ppu": "$0.11 per 1Ea",
    "COL Size": "20 pack"
  },
  {
    "Brand_Product_Size": "Monster Super Fuel Sports Drink Purple Passion 550mL",
    "COL Price": 2.65,
    "COL ppu": "$0.48 per 100mL",
    "COL Size": "550mL"
  },
  {
    "Brand_Product_Size": "Oral B Gum Care & Bacteria Defence Toothpaste 110g",
    "COL Price": 10,
    "COL ppu": "$9.09 per 100G",
    "COL Size": "110g"
  },
  {
    "Brand_Product_Size": "Herbal Essences Aloe & Bamboo Conditioner 350mL",
    "COL Price": 20,
    "COL ppu": "$5.71 per 100mL",
    "COL Size": "350mL"
  },
  {
    "Brand_Product_Size": "Coles Mixed Herbs 13g",
    "COL Price": 2.35,
    "COL ppu": "$1.81 per 10G",
    "COL Size": "13g"
  },
  {
    "Brand_Product_Size": "Palmolive Anti-Bacterial Lime Liquid Hand Wash 250mL",
    "COL Price": 2.8,
    "COL ppu": "$1.12 per 100mL",
    "COL Size": "250mL"
  },
  {
    "Brand_Product_Size": "Street Kitchen Thai Green Curry 285 gram",
    "COL Price": 5.5,
    "COL ppu": "",
    "COL Size": "285 gram"
  },
  {
    "Brand_Product_Size": "Peckish Garden Veg Rice Crackers 100g",
    "COL Price": 2.5,
    "COL ppu": "$2.50 per 100G",
    "COL Size": "100g"
  },
  {
    "Brand_Product_Size": "Kapai Puku Gut Health Cacao Seed Mix 450g",
    "COL Price": 13.5,
    "COL ppu": "$3.00 per 100G",
    "COL Size": "450g"
  },
  {
    "Brand_Product_Size": "Arnott's Tee Vee Snacks Value Pack Biscuits Malt Sticks 315g",
    "COL Price": 5.5,
    "COL ppu": "$1.75 per 100G",
    "COL Size": "315g"
  },
  {
    "Brand_Product_Size": "Artline Permanent Black Marker each",
    "COL Price": 4,
    "COL ppu": "$4.00 per 1Ea",
    "COL Size": "each"
  },
  {
    "Brand_Product_Size": "Coles Salted Caramel & White Chocolate Cookies 6 pack",
    "COL Price": 3,
    "COL ppu": "$0.50 per 1Ea",
    "COL Size": "6 pack"
  },
  {
    "Brand_Product_Size": "I Love Cookies Rainbow Choc Magic Cookies 180g",
    "COL Price": 4,
    "COL ppu": "$2.22 per 100G",
    "COL Size": "180g"
  },
  {
    "Brand_Product_Size": "John West Tempters Lemon & Cracked Pepper Tuna 95g",
    "COL Price": 2.3,
    "COL ppu": "$24.21 per 1Kg",
    "COL Size": "95g"
  },
  {
    "Brand_Product_Size": "Coles Hamburger Rolls 6 pack",
    "COL Price": 2.5,
    "COL ppu": "$0.42 per 1Ea",
    "COL Size": "6 pack"
  },
  {
    "Brand_Product_Size": "Coles Deli Express Roast Beef 150g",
    "COL Price": 4.2,
    "COL ppu": "$2.80 per 100G",
    "COL Size": "150g"
  },
  {
    "Brand_Product_Size": "Nicorette Icy Mint Gum 2mg 150 pack",
    "COL Price": 48,
    "COL ppu": "$0.32 per 1Ea",
    "COL Size": "150 pack"
  },
  {
    "Brand_Product_Size": "Wellness Road Organic Cacao Powder 500g",
    "COL Price": 10,
    "COL ppu": "$2.00 per 100G",
    "COL Size": "500g"
  },
  {
    "Brand_Product_Size": "Garnier Nutrisse 7 Almond Cream Permanent Hair Colour 1 pack",
    "COL Price": 7.5,
    "COL ppu": "$7.50 per 1Ea",
    "COL Size": "1 pack"
  },
  {
    "Brand_Product_Size": "Bulla Creamy Classics Vanilla Sandwich 4 pack 560mL",
    "COL Price": 8.5,
    "COL ppu": "$1.52 per 100mL",
    "COL Size": "560mL"
  },
  {
    "Brand_Product_Size": "Starbucks Pike Place Capsules 10 pack",
    "COL Price": 6.9,
    "COL ppu": "$0.69 per 1Ea",
    "COL Size": "10 pack"
  },
  {
    "Brand_Product_Size": "Daily Juice Apple Juice Chilled 2L",
    "COL Price": 5,
    "COL ppu": "$2.50 per 1L",
    "COL Size": "2L"
  },
  {
    "Brand_Product_Size": "Activia Probiotic Berries Yoghurt 4 pack 125g",
    "COL Price": 3.5,
    "COL ppu": "$2.80 per 100G",
    "COL Size": "125g"
  },
  {
    "Brand_Product_Size": "Lindt Lindor 60% Cocoa Chocolate Block 100g",
    "COL Price": 4.5,
    "COL ppu": "$4.50 per 100G",
    "COL Size": "100g"
  },
  {
    "Brand_Product_Size": "Bega Dairylea Cheddar Cheese Block 500g",
    "COL Price": 6.6,
    "COL ppu": "$13.20 per 1Kg",
    "COL Size": "500g"
  },
  {
    "Brand_Product_Size": "Coles Kitchen Broccoli Cauliflower Pumpkin Corn 400g",
    "COL Price": 4.5,
    "COL ppu": "$1.13 per 100G",
    "COL Size": "400g"
  },
  {
    "Brand_Product_Size": "Coles Thawed Seafood Chilli Prawns Skewers each",
    "COL Price": 1.5,
    "COL ppu": "$1.50 per 1Ea",
    "COL Size": "each"
  },
  {
    "Brand_Product_Size": "Optimum Chicken Rice With Vegetables Dry Dog Food 3kg",
    "COL Price": 19,
    "COL ppu": "$0.63 per 100G",
    "COL Size": "3kg"
  },
  {
    "Brand_Product_Size": "Cadbury Chocolate Fish Bar 20g",
    "COL Price": 1,
    "COL ppu": "$5.00 per 100G",
    "COL Size": "20g"
  },
  {
    "Brand_Product_Size": "Springhill Farm Slice Biscuit Lemon White Choc 150g",
    "COL Price": 4,
    "COL ppu": "$2.67 per 100G",
    "COL Size": "150g"
  },
  {
    "Brand_Product_Size": "Chobani Fit Blueberry Yoghurt Pot 170g",
    "COL Price": 2.25,
    "COL ppu": "$1.32 per 100G",
    "COL Size": "170g"
  },
  {
    "Brand_Product_Size": "Dainty Food Sabra Greek Style Aubergine Dip 250g",
    "COL Price": 7.5,
    "COL ppu": "$3.00 per 100G",
    "COL Size": "250g"
  },
  {
    "Brand_Product_Size": "Obento Udon Noodles 200g",
    "COL Price": 1.4,
    "COL ppu": "$0.70 per 100G",
    "COL Size": "200g"
  },
  {
    "Brand_Product_Size": "Ajax Eco Coconut & Lime Multipurpose Trigger 450mL",
    "COL Price": 3.5,
    "COL ppu": "$0.78 per 100mL",
    "COL Size": "450mL"
  },
  {
    "Brand_Product_Size": "Naturopathica Fat Blaster Garcinia Max Supplement 60 pack",
    "COL Price": 30,
    "COL ppu": "$0.50 per 1Ea",
    "COL Size": "60 pack"
  },
  {
    "Brand_Product_Size": "Ito En Oi Ocha Green Tea 2L",
    "COL Price": 6.75,
    "COL ppu": "$3.38 per 1L",
    "COL Size": "2L"
  },
  {
    "Brand_Product_Size": "Nyal Chesty Cough Mixture 200mL",
    "COL Price": 8.5,
    "COL ppu": "$4.25 per 100mL",
    "COL Size": "200mL"
  },
  {
    "Brand_Product_Size": "Maybelline Matte Ink #15 Lover Lipstick 5mL",
    "COL Price": 11,
    "COL ppu": "$22.00 per 10mL",
    "COL Size": "5mL"
  },
  {
    "Brand_Product_Size": "Clif Bar White Chocolate Macadamia Bar 68g",
    "COL Price": 2.4,
    "COL ppu": "$3.53 per 100G",
    "COL Size": "68g"
  },
  {
    "Brand_Product_Size": "Kook 'A' Crumb Herb & Garlic Bread Crumbs 200g",
    "COL Price": 2.5,
    "COL ppu": "$0.13 per 10G",
    "COL Size": "200g"
  },
  {
    "Brand_Product_Size": "Smith's Crinkle Cut Chicken Potato Chips 170g",
    "COL Price": 3.5,
    "COL ppu": "$2.06 per 100G",
    "COL Size": "170g"
  },
  {
    "Brand_Product_Size": "King Oscar Sardines in Olive Oil 105g",
    "COL Price": 2.8,
    "COL ppu": "$26.67 per 1Kg",
    "COL Size": "105g"
  },
  {
    "Brand_Product_Size": "Thurday Plantation Tea Tree Antiseptic Liquid 300mL",
    "COL Price": 8,
    "COL ppu": "$2.67 per 100mL",
    "COL Size": "300mL"
  },
  {
    "Brand_Product_Size": "Red Tractor Wheat Free Oats To Go Apple Yoghurt 70g",
    "COL Price": 3,
    "COL ppu": "$4.29 per 100G",
    "COL Size": "70g"
  },
  {
    "Brand_Product_Size": "Bounty Chocolate Medium Party Share Bag 16 Piece 164g",
    "COL Price": 5,
    "COL ppu": "$3.05 per 100G",
    "COL Size": "164g"
  },
  {
    "Brand_Product_Size": "Continental Sensations 2s Soup Farmhouse Potato & Leek 60g",
    "COL Price": 2,
    "COL ppu": "$3.33 per 100G",
    "COL Size": "60g"
  },
  {
    "Brand_Product_Size": "Schweppes Sunkist Orange Crush Multipack Cans 375mL 10 pack",
    "COL Price": 7.5,
    "COL ppu": "$2.00 per 1L",
    "COL Size": "10 pack"
  },
  {
    "Brand_Product_Size": "Jinmailang Ramen Noodle 1kg",
    "COL Price": 2.5,
    "COL ppu": "$2.50 per 1Kg",
    "COL Size": "1kg"
  },
  {
    "Brand_Product_Size": "Valcom Pad Thai Paste 240g",
    "COL Price": 3.2,
    "COL ppu": "$1.33 per 100G",
    "COL Size": "240g"
  },
  {
    "Brand_Product_Size": "Palmolive Fashion Girl Rose Petals Detangler Spray 250mL",
    "COL Price": 5,
    "COL ppu": "$2.00 per 100mL",
    "COL Size": "250mL"
  },
  {
    "Brand_Product_Size": "Skyn Maximum Performance Lubricant 80mL",
    "COL Price": 10,
    "COL ppu": "$12.50 per 100mL",
    "COL Size": "80mL"
  },
  {
    "Brand_Product_Size": "Coles Baby Spinach Prepacked 60g",
    "COL Price": 2,
    "COL ppu": "$0.33 per 10G",
    "COL Size": "60g"
  },
  {
    "Brand_Product_Size": "Go Natural Gut Salted Caramel Cookie 50g",
    "COL Price": 3.5,
    "COL ppu": "$7.00 per 100G",
    "COL Size": "50g"
  },
  {
    "Brand_Product_Size": "Don English Sliced Ham 250g",
    "COL Price": 3.2,
    "COL ppu": "$12.80 per 1Kg",
    "COL Size": "250g"
  },
  {
    "Brand_Product_Size": "Dove Nourishing Secrets Antiperspirant Coconut And Jasmine Deodorant 250mL",
    "COL Price": 7,
    "COL ppu": "$2.80 per 100mL",
    "COL Size": "250mL"
  },
  {
    "Brand_Product_Size": "Coles Vegan Pork Less Belly Bites 128g",
    "COL Price": 6,
    "COL ppu": "$4.69 per 100G",
    "COL Size": "128g"
  },
  {
    "Brand_Product_Size": "Coles Popcorn Lightly Salted Sea Salt 100g",
    "COL Price": 2.2,
    "COL ppu": "$2.20 per 100G",
    "COL Size": "100g"
  },
  {
    "Brand_Product_Size": "Coles Cheese Slices 84 pack 1kg",
    "COL Price": 10,
    "COL ppu": "$10.00 per 1Kg",
    "COL Size": "1kg"
  },
  {
    "Brand_Product_Size": "Gravox Brown Onion Liquid Gravy 250g",
    "COL Price": 2.85,
    "COL ppu": "$1.14 per 100G",
    "COL Size": "250g"
  },
  {
    "Brand_Product_Size": "Arnott's Arrowroot Milk Biscuits 250g",
    "COL Price": 2.3,
    "COL ppu": "$0.92 per 100G",
    "COL Size": "250g"
  },
  {
    "Brand_Product_Size": "Uncle Tobys Yoghurt Muesli Bars Strawberry 6 Pack 185g",
    "COL Price": 2.15,
    "COL ppu": "$1.16 per 100G",
    "COL Size": "185g"
  },
  {
    "Brand_Product_Size": "SPC Little Tubs of Apple Puree 120g 4 pack",
    "COL Price": 3,
    "COL ppu": "$6.25 per 1Kg",
    "COL Size": "4 pack"
  },
  {
    "Brand_Product_Size": "Mainland Caramelised Onion Lunch Pack 110g",
    "COL Price": 5,
    "COL ppu": "$4.55 per 100G",
    "COL Size": "110g"
  },
  {
    "Brand_Product_Size": "Fine Foods Cracked Pepper Wafer Crackers 100g",
    "COL Price": 3,
    "COL ppu": "$3.00 per 100G",
    "COL Size": "100g"
  },
  {
    "Brand_Product_Size": "Coles Meals Indian Chicken Curry With Rice 350g",
    "COL Price": 3.8,
    "COL ppu": "$1.09 per 100G",
    "COL Size": "350g"
  },
  {
    "Brand_Product_Size": "OB Finest Quince Fruit Paste 100g",
    "COL Price": 5,
    "COL ppu": "$5.00 per 100G",
    "COL Size": "100g"
  },
  {
    "Brand_Product_Size": "Marco Polo Pelagonia Borlotti Beans 375g",
    "COL Price": 2.5,
    "COL ppu": "$0.67 per 100G",
    "COL Size": "375g"
  },
  {
    "Brand_Product_Size": "Golden Chicken Noodle Soup 70g",
    "COL Price": 1,
    "COL ppu": "$1.43 per 100G",
    "COL Size": "70g"
  },
  {
    "Brand_Product_Size": "Bonne Maman Blackberry Jam 370g",
    "COL Price": 5.2,
    "COL ppu": "$1.41 per 100G",
    "COL Size": "370g"
  },
  {
    "Brand_Product_Size": "Blue Lotus Sweet Chilli Tofu Nuggets 350g",
    "COL Price": 6,
    "COL ppu": "$1.71 per 100G",
    "COL Size": "350g"
  },
  {
    "Brand_Product_Size": "S & B Assorted Chilli Pepper 15g",
    "COL Price": 3,
    "COL ppu": "$20.00 per 100G",
    "COL Size": "15g"
  },
  {
    "Brand_Product_Size": "Bosisto's Sweet Almond Body Oil 100mL",
    "COL Price": 10,
    "COL ppu": "$10.00 per 100mL",
    "COL Size": "100mL"
  },
  {
    "Brand_Product_Size": "Coles Coconut Whole each",
    "COL Price": 3.9,
    "COL ppu": "$3.90 per 1Ea",
    "COL Size": "each"
  },
  {
    "Brand_Product_Size": "Coles Urban Coffee Culture Espress Caffitaly Compatible Capsules 10 pack",
    "COL Price": 3.7,
    "COL ppu": "$0.37 per 1Ea",
    "COL Size": "10 pack"
  },
  {
    "Brand_Product_Size": "180 Degrees Maple Cranberry Apricot Oat Crackers 135g",
    "COL Price": 5.5,
    "COL ppu": "$4.07 per 100G",
    "COL Size": "135g"
  },
  {
    "Brand_Product_Size": "Sirena Puttanesca Tuna 95g",
    "COL Price": 2.7,
    "COL ppu": "$28.42 per 1Kg",
    "COL Size": "95g"
  },
  {
    "Brand_Product_Size": "Coles RSPCA Approved Butter Chicken With Long Grain Rice 375g",
    "COL Price": 3,
    "COL ppu": "$0.80 per 100G",
    "COL Size": "375g"
  },
  {
    "Brand_Product_Size": "Chef Brown Sauce 330g",
    "COL Price": 4.4,
    "COL ppu": "$1.33 per 100G",
    "COL Size": "330g"
  },
  {
    "Brand_Product_Size": "Nestle Sweetened Condensed Milk Tube 170g",
    "COL Price": 3.2,
    "COL ppu": "$1.88 per 100G",
    "COL Size": "170g"
  },
  {
    "Brand_Product_Size": "Chobani Flip Cookies & Cream Crunch Yoghurt 140g",
    "COL Price": 2,
    "COL ppu": "$1.43 per 100G",
    "COL Size": "140g"
  },
  {
    "Brand_Product_Size": "Dine Desire Pure Tuna Whitemeat Grain Free Wet Cat Food Can 85g",
    "COL Price": 1.9,
    "COL ppu": "$2.24 per 100G",
    "COL Size": "85g"
  },
  {
    "Brand_Product_Size": "Cub Unisex Toddler Nappies Size 4 50 pack",
    "COL Price": 10,
    "COL ppu": "$0.20 per 1Ea",
    "COL Size": "50 pack"
  },
  {
    "Brand_Product_Size": "Coles Ultra Zinc Sunscreen SPF 50+ Pump 100mL",
    "COL Price": 15,
    "COL ppu": "$15.00 per 100mL",
    "COL Size": "100mL"
  },
  {
    "Brand_Product_Size": "Sodastream Pepsi Max Flavour 440mL",
    "COL Price": 5.6,
    "COL ppu": "$12.73 per 1L",
    "COL Size": "440mL"
  },
  {
    "Brand_Product_Size": "Pantene Micellar Aloe Vera Gentle Hydrating Conditioner 530mL",
    "COL Price": 18,
    "COL ppu": "$3.40 per 100mL",
    "COL Size": "530mL"
  },
  {
    "Brand_Product_Size": "Mr Chen's Japanese Ramen Kit 604g",
    "COL Price": 7.5,
    "COL ppu": "$1.24 per 100G",
    "COL Size": "604g"
  },
  {
    "Brand_Product_Size": "Nature's Way Vita Gummies Vitamin D3 1000iu 120 pack",
    "COL Price": 21,
    "COL ppu": "$0.18 per 1Ea",
    "COL Size": "120 pack"
  },
  {
    "Brand_Product_Size": "Nestle NAN Optipro Stage 1 Formula 800g",
    "COL Price": 22,
    "COL ppu": "$2.75 per 100G",
    "COL Size": "800g"
  },
  {
    "Brand_Product_Size": "Coles Fresh Seafood Blue Swimmer Crab Raw approx. 275g",
    "COL Price": 10.175,
    "COL ppu": "$37.00 per 1Kg",
    "COL Size": "approx. 275g"
  },
  {
    "Brand_Product_Size": "Olina's Artisan Cracker Cranberry & Sunflower Seed 100g",
    "COL Price": 4,
    "COL ppu": "$4.00 per 100G",
    "COL Size": "100g"
  },
  {
    "Brand_Product_Size": "Coles Deli Salads Tub Snack Classic Potato each",
    "COL Price": 2,
    "COL ppu": "$2.00 per 1Ea",
    "COL Size": "each"
  },
  {
    "Brand_Product_Size": "Five:AM Organic Vanilla Bean Yoghurt 700g",
    "COL Price": 6,
    "COL ppu": "$0.86 per 100G",
    "COL Size": "700g"
  },
  {
    "Brand_Product_Size": "Glad To Be Green Plant Bio Based Kt Bags Small 35 pack",
    "COL Price": 4.8,
    "COL ppu": "$0.14 per 1Ea",
    "COL Size": "35 pack"
  },
  {
    "Brand_Product_Size": "Sensodyne Sensitivity Gum Extra Fresh Toothpaste 100g",
    "COL Price": 11,
    "COL ppu": "$11.00 per 100G",
    "COL Size": "100g"
  },
  {
    "Brand_Product_Size": "Coles Lemon & Herb Crumbed Atlantic Salmon 4 pack 500g",
    "COL Price": 15,
    "COL ppu": "$30.00 per 1Kg",
    "COL Size": "500g"
  },
  {
    "Brand_Product_Size": "Moccona Classic Medium Roast Instant Coffee 50g",
    "COL Price": 6,
    "COL ppu": "$12.00 per 100G",
    "COL Size": "50g"
  },
  {
    "Brand_Product_Size": "Pepsi Max Soft Drink 375mL 24 pack",
    "COL Price": 24.55,
    "COL ppu": "$2.73 per 1L",
    "COL Size": "24 pack"
  },
  {
    "Brand_Product_Size": "Glad Cling Wrap 150m x 33cm 150m",
    "COL Price": 9.95,
    "COL ppu": "$0.07 per 1M",
    "COL Size": "150m"
  },
  {
    "Brand_Product_Size": "Eat Street Chicken Cheese & Bacon Sausages 420g",
    "COL Price": 7.5,
    "COL ppu": "$17.86 per 1Kg",
    "COL Size": "420g"
  },
  {
    "Brand_Product_Size": "Arnotts Cracker Chips Maple Bacon 150g",
    "COL Price": 3,
    "COL ppu": "$2.00 per 100G",
    "COL Size": "150g"
  },
  {
    "Brand_Product_Size": "Natures Way Match Green Tea Powder 50g",
    "COL Price": 13,
    "COL ppu": "$26.00 per 100G",
    "COL Size": "50g"
  },
  {
    "Brand_Product_Size": "Coles Vintage Cheese & Crackers 50g",
    "COL Price": 1.6,
    "COL ppu": "",
    "COL Size": "50g"
  },
  {
    "Brand_Product_Size": "Naturli Plant Based Chicken Free 180g",
    "COL Price": 7,
    "COL ppu": "$38.89 per 1Kg",
    "COL Size": "180g"
  },
  {
    "Brand_Product_Size": "Tasti Smooshed Wholefood Balls Peanut Butter & Caramel 207g",
    "COL Price": 6.5,
    "COL ppu": "$3.14 per 100G",
    "COL Size": "207g"
  },
  {
    "Brand_Product_Size": "Vegie Delights Classic Hot Dogs 300g",
    "COL Price": 6,
    "COL ppu": "$2.00 per 100G",
    "COL Size": "300g"
  },
  {
    "Brand_Product_Size": "Silvo Silver Polish 250mL",
    "COL Price": 10,
    "COL ppu": "$4.00 per 100mL",
    "COL Size": "250mL"
  },
  {
    "Brand_Product_Size": "Nicabate Chewing Gum 4mg 3x10 30 pack",
    "COL Price": 13,
    "COL ppu": "$0.43 per 1Ea",
    "COL Size": "30 pack"
  },
  {
    "Brand_Product_Size": "Hapi Dry Roasted Edamame With Sea Salt 100g",
    "COL Price": 2.5,
    "COL ppu": "$2.50 per 100G",
    "COL Size": "100g"
  },
  {
    "Brand_Product_Size": "Praise Traditional Mayonnaise 700g",
    "COL Price": 5,
    "COL ppu": "$0.71 per 100G",
    "COL Size": "700g"
  },
  {
    "Brand_Product_Size": "Primo Champagne Leg Ham approx. 125g",
    "COL Price": 2.5,
    "COL ppu": "$20.00 per 1Kg",
    "COL Size": "approx. 125g"
  },
  {
    "Brand_Product_Size": "Nature's Gift Just Natural Gourmet Loaf Style Real Chicken Dog Food 100g",
    "COL Price": 1,
    "COL ppu": "$1.00 per 100G",
    "COL Size": "100g"
  },
  {
    "Brand_Product_Size": "John Frieda Frizz Ease Daily Nourishment Leave In Conditioning Spray 236mL",
    "COL Price": 18,
    "COL ppu": "$7.63 per 100mL",
    "COL Size": "236mL"
  },
  {
    "Brand_Product_Size": "Haldirams Hot & Spicy Samosa 650g",
    "COL Price": 10,
    "COL ppu": "$1.54 per 100G",
    "COL Size": "650g"
  },
  {
    "Brand_Product_Size": "Coles White Sugar 2kg",
    "COL Price": 1.8,
    "COL ppu": "$0.09 per 100G",
    "COL Size": "2kg"
  },
  {
    "Brand_Product_Size": "Podravka Chicken Spread 100g",
    "COL Price": 2.3,
    "COL ppu": "$2.30 per 100G",
    "COL Size": "100g"
  },
  {
    "Brand_Product_Size": "Igor Gorgonzola Piccante approx. 100g",
    "COL Price": 5.05,
    "COL ppu": "$50.50 per 1Kg",
    "COL Size": "approx. 100g"
  },
  {
    "Brand_Product_Size": "Jalna Lactose Free Yoghourt Greek Natural 1kg",
    "COL Price": 7.95,
    "COL ppu": "$0.80 per 100G",
    "COL Size": "1kg"
  },
  {
    "Brand_Product_Size": "Changs Pure Sesame Oil 150mL",
    "COL Price": 3.65,
    "COL ppu": "$2.43 per 100mL",
    "COL Size": "150mL"
  },
  {
    "Brand_Product_Size": "Beerenberg Dressings Creamy Parmesan Caesar 300mL",
    "COL Price": 5.5,
    "COL ppu": "$1.83 per 100mL",
    "COL Size": "300mL"
  },
  {
    "Brand_Product_Size": "Bonne Maman Fruit of the Forest Jam 370g",
    "COL Price": 5.2,
    "COL ppu": "$1.41 per 100G",
    "COL Size": "370g"
  },
  {
    "Brand_Product_Size": "Coles Dairy Free Barista Soy Milk 1L",
    "COL Price": 2.5,
    "COL ppu": "$2.50 per 1L",
    "COL Size": "1L"
  },
  {
    "Brand_Product_Size": "Munchkin Brica Drink Holder each",
    "COL Price": 17,
    "COL ppu": "$17.00 per 1Ea",
    "COL Size": "each"
  },
  {
    "Brand_Product_Size": "Smith's Crinkle Cut Salt & Vinegar Potato Chips 6 pack 114g",
    "COL Price": 3.14,
    "COL ppu": "$2.75 per 100G",
    "COL Size": "114g"
  },
  {
    "Brand_Product_Size": "Coles Finest By Laurent White Sourdough Rolls 3 pack",
    "COL Price": 4,
    "COL ppu": "$1.33 per 1Ea",
    "COL Size": "3 pack"
  },
  {
    "Brand_Product_Size": "Peters Maxibon Dare Ice Coffee 4 Pack 620mL",
    "COL Price": 8.4,
    "COL ppu": "$1.35 per 100mL",
    "COL Size": "620mL"
  },
  {
    "Brand_Product_Size": "Swisse Manuka Honey Glow Boosting Moisturiser 120mL",
    "COL Price": 10,
    "COL ppu": "$8.33 per 100mL",
    "COL Size": "120mL"
  },
  {
    "Brand_Product_Size": "CSR Raw Caster Sugar 750g",
    "COL Price": 3.3,
    "COL ppu": "$0.44 per 100G",
    "COL Size": "750g"
  },
  {
    "Brand_Product_Size": "Redheads Thicker & Longer Matches Handypak 3 pack",
    "COL Price": 2.75,
    "COL ppu": "$1.02 per 100Ea",
    "COL Size": "3 pack"
  },
  {
    "Brand_Product_Size": "Toni & Guy Purple Conditioner 250mL",
    "COL Price": 16,
    "COL ppu": "$6.40 per 100mL",
    "COL Size": "250mL"
  },
  {
    "Brand_Product_Size": "Yumi's Chilli Aioli 200g",
    "COL Price": 3.7,
    "COL ppu": "$1.85 per 100G",
    "COL Size": "200g"
  },
  {
    "Brand_Product_Size": "Coles Kitchen Tidy Medium Bags With Handles Lemon Scent 30 pack",
    "COL Price": 2,
    "COL ppu": "$0.07 per 1Ea",
    "COL Size": "30 pack"
  },
  {
    "Brand_Product_Size": "Cook & Dine White Paper Dinner Plates 50 pack",
    "COL Price": 3.15,
    "COL ppu": "$6.30 per 100Ea",
    "COL Size": "50 pack"
  },
  {
    "Brand_Product_Size": "Coles Nature's Kitchen Original Meat Free Sausages 270g",
    "COL Price": 6,
    "COL ppu": "$2.22 per 100G",
    "COL Size": "270g"
  },
  {
    "Brand_Product_Size": "Green's Pancake Shake Mix Original 375g",
    "COL Price": 2.9,
    "COL ppu": "$0.77 per 100G",
    "COL Size": "375g"
  },
  {
    "Brand_Product_Size": "Korbond White Hank Elastic each",
    "COL Price": 3.8,
    "COL ppu": "$3.80 per 1ea",
    "COL Size": "each"
  },
  {
    "Brand_Product_Size": "Coles Premium Liquorice Allsorts 750g",
    "COL Price": 4,
    "COL ppu": "$0.53 per 100G",
    "COL Size": "750g"
  },
  {
    "Brand_Product_Size": "L'Oreal Paris Age Perfect Light Sand Blonde 9.31 Hair Colour 1 pack",
    "COL Price": 20,
    "COL ppu": "$20.00 per 1Ea",
    "COL Size": "1 pack"
  },
  {
    "Brand_Product_Size": "Coles Olives Black Sliced 445g",
    "COL Price": 1.9,
    "COL ppu": "$0.43 per 100G",
    "COL Size": "445g"
  },
  {
    "Brand_Product_Size": "Daley Street Light/Medium Coffee Capsules 10 pack",
    "COL Price": 4,
    "COL ppu": "",
    "COL Size": "10 pack"
  },
  {
    "Brand_Product_Size": "Ogx Brazilian Keratin Shampoo 385mL",
    "COL Price": 20,
    "COL ppu": "$5.19 per 100mL",
    "COL Size": "385mL"
  },
  {
    "Brand_Product_Size": "Cadbury Curly Wurly Bar 21.5g",
    "COL Price": 1,
    "COL ppu": "$4.65 per 100G",
    "COL Size": "21.5g"
  },
  {
    "Brand_Product_Size": "Bulla Light Thickened Cooking Cream 300mL",
    "COL Price": 2.3,
    "COL ppu": "$0.77 per 100mL",
    "COL Size": "300mL"
  },
  {
    "Brand_Product_Size": "Coles Soda Water 2L",
    "COL Price": 1.45,
    "COL ppu": "$0.73 per 1L",
    "COL Size": "2L"
  },
  {
    "Brand_Product_Size": "Beigel & Beigel Sour Cream & Onion 300g",
    "COL Price": 5,
    "COL ppu": "$1.67 per 100G",
    "COL Size": "300g"
  },
  {
    "Brand_Product_Size": "Coles Organic Beetroot Prepacked 500g",
    "COL Price": 5,
    "COL ppu": "$10.00 per 1Kg",
    "COL Size": "500g"
  },
  {
    "Brand_Product_Size": "Food For Health Gluten Free Fruit Free With Sea Salt & Caramel 6 Bars 150g",
    "COL Price": 7,
    "COL ppu": "$4.67 per 100G",
    "COL Size": "150g"
  },
  {
    "Brand_Product_Size": "Cadbury Twirl Caramilk Bars 39g",
    "COL Price": 1,
    "COL ppu": "$2.56 per 100G",
    "COL Size": "39g"
  },
  {
    "Brand_Product_Size": "Primo Chorizos each",
    "COL Price": 3.3,
    "COL ppu": "$3.30 per 1Ea",
    "COL Size": "each"
  },
  {
    "Brand_Product_Size": "Bega Cream Cheese Spread Light 250g",
    "COL Price": 3.8,
    "COL ppu": "$15.20 per 1Kg",
    "COL Size": "250g"
  },
  {
    "Brand_Product_Size": "MasterFoods Barbecue Sauce 500mL",
    "COL Price": 2.95,
    "COL ppu": "$0.59 per 100mL",
    "COL Size": "500mL"
  },
  {
    "Brand_Product_Size": "SPC Fruit Salad In Juice Can 825g",
    "COL Price": 3.5,
    "COL ppu": "$4.24 per 1Kg",
    "COL Size": "825g"
  },
  {
    "Brand_Product_Size": "Aveeno Intense Relief Hand Cream 100g",
    "COL Price": 10.2,
    "COL ppu": "$10.20 per 100G",
    "COL Size": "100g"
  },
  {
    "Brand_Product_Size": "Coles Deli Auricchio Provolone Classico Cheese approx. 250g",
    "COL Price": 10,
    "COL ppu": "$40.00 per 1Kg",
    "COL Size": "approx. 250g"
  },
  {
    "Brand_Product_Size": "Nescafe Farmers Origins Colombia Ristretto Decaf 10 pack",
    "COL Price": 6.2,
    "COL ppu": "$0.62 per 1Ea",
    "COL Size": "10 pack"
  },
  {
    "Brand_Product_Size": "Peters Drumstick Super Chocolate Ice Cream Cones 4 pack 475mL",
    "COL Price": 5,
    "COL ppu": "$1.05 per 100mL",
    "COL Size": "475mL"
  },
  {
    "Brand_Product_Size": "Finish Quantum Ultimate Pro Dishwashing Tablets 65 pack",
    "COL Price": 48,
    "COL ppu": "$0.74 per 1Ea",
    "COL Size": "65 pack"
  },
  {
    "Brand_Product_Size": "Steelo No Rust Scourer Stainless Steel Soap Pads 5 pack",
    "COL Price": 2,
    "COL ppu": "$0.40 per 1Ea",
    "COL Size": "5 pack"
  },
  {
    "Brand_Product_Size": "Vaalia Kids Lactose Free Vanilla Yoghurt Pouch 140g",
    "COL Price": 1.7,
    "COL ppu": "$1.21 per 100G",
    "COL Size": "140g"
  },
  {
    "Brand_Product_Size": "Lemnos Cyprus Style Cheese Haloumi 2 Pack 200g",
    "COL Price": 7.5,
    "COL ppu": "$37.50 per 1Kg",
    "COL Size": "200g"
  },
  {
    "Brand_Product_Size": "Coles Okra loose approx. 200g",
    "COL Price": 2.8,
    "COL ppu": "$14.00 per 1Kg",
    "COL Size": "approx. 200g"
  },
  {
    "Brand_Product_Size": "Denada Double Choc Ice Cream Tub 475mL",
    "COL Price": 11.5,
    "COL ppu": "$2.42 per 100mL",
    "COL Size": "475mL"
  },
  {
    "Brand_Product_Size": "Coles Organic Unsweetened Almond Milk 1L",
    "COL Price": 2.8,
    "COL ppu": "$2.80 per 1L",
    "COL Size": "1L"
  },
  {
    "Brand_Product_Size": "Mrs H S Balls Original Recipe Chutney 470g",
    "COL Price": 5,
    "COL ppu": "$1.06 per 100G",
    "COL Size": "470g"
  },
  {
    "Brand_Product_Size": "Ayam Light Soy Sauce 210mL",
    "COL Price": 3.2,
    "COL ppu": "$1.52 per 100mL",
    "COL Size": "210mL"
  },
  {
    "Brand_Product_Size": "Activia Probiotic Berries Yoghurt 4 pack 125g",
    "COL Price": 3.5,
    "COL ppu": "$2.80 per 100G",
    "COL Size": "125g"
  },
  {
    "Brand_Product_Size": "Vitasoy Whole Chocolate Almond Milk 330mL",
    "COL Price": 2.9,
    "COL ppu": "$8.79 per 1L",
    "COL Size": "330mL"
  },
  {
    "Brand_Product_Size": "Method Shower Spray Ylang Ylang 490mL",
    "COL Price": 5.5,
    "COL ppu": "$1.12 per 100mL",
    "COL Size": "490mL"
  },
  {
    "Brand_Product_Size": "Maui Coconut Oil Shampoo 385mL",
    "COL Price": 22,
    "COL ppu": "$5.71 per 100mL",
    "COL Size": "385mL"
  },
  {
    "Brand_Product_Size": "Our Pure Planet Lightening 1m Cable 1 pack",
    "COL Price": 20,
    "COL ppu": "$20.00 per 1Ea",
    "COL Size": "1 pack"
  },
  {
    "Brand_Product_Size": "Paul Newman's Own Creamy Caesar Dressing 250mL",
    "COL Price": 4,
    "COL ppu": "$1.60 per 100mL",
    "COL Size": "250mL"
  },
  {
    "Brand_Product_Size": "Bgan Apple & Peach Fruit Pouch 113g",
    "COL Price": 1.9,
    "COL ppu": "$1.68 per 100G",
    "COL Size": "113g"
  },
  {
    "Brand_Product_Size": "Liddells Lactose Free Plain Yoghurt 4 pack 140g",
    "COL Price": 5.35,
    "COL ppu": "$0.96 per 100G",
    "COL Size": "140g"
  },
  {
    "Brand_Product_Size": "Ben & Jerry's Topped Choc Caramel Cookie Dough 438mL",
    "COL Price": 8,
    "COL ppu": "$1.83 per 100mL",
    "COL Size": "438mL"
  },
  {
    "Brand_Product_Size": "Captain's Table Chilli Salt Water Crackers 125g",
    "COL Price": 1.8,
    "COL ppu": "$1.44 per 100G",
    "COL Size": "125g"
  },
  {
    "Brand_Product_Size": "Coles Deli Salads Tub Large Classic Potato Large",
    "COL Price": 6,
    "COL ppu": "$6.00 per 1Ea",
    "COL Size": "Large"
  },
  {
    "Brand_Product_Size": "Coles Chilli Flakes Hot 37g",
    "COL Price": 2.2,
    "COL ppu": "$0.59 per 10G",
    "COL Size": "37g"
  },
  {
    "Brand_Product_Size": "Organic Choice Multi Purpose Wipes 96 pack",
    "COL Price": 8,
    "COL ppu": "$0.08 per 1Ea",
    "COL Size": "96 pack"
  },
  {
    "Brand_Product_Size": "Schwarzkopf Extra Care Volume Powder 10g",
    "COL Price": 9,
    "COL ppu": "$90.00 per 100G",
    "COL Size": "10g"
  },
  {
    "Brand_Product_Size": "Always Fresh Piquillo Peppers 285g",
    "COL Price": 3.5,
    "COL ppu": "$12.28 per 1Kg",
    "COL Size": "285g"
  },
  {
    "Brand_Product_Size": "Revlon Colorstay Makeup for Normal/Dry Skin Medium Beige Foundation 30mL",
    "COL Price": 35,
    "COL ppu": "$11.67 per 10mL",
    "COL Size": "30mL"
  },
  {
    "Brand_Product_Size": "Green's Traditional Carrot with Icing Cake Mix 470g",
    "COL Price": 2.75,
    "COL ppu": "$0.59 per 100G",
    "COL Size": "470g"
  },
  {
    "Brand_Product_Size": "Sunraysia Pouch 99.9% Apple & Blackcurrent Juice 200mL",
    "COL Price": 1.4,
    "COL ppu": "$7.00 per 1L",
    "COL Size": "200mL"
  },
  {
    "Brand_Product_Size": "Sensodyne Pronamel Enamel Gentle Whitening Toothpaste 110g",
    "COL Price": 9.2,
    "COL ppu": "$8.36 per 100G",
    "COL Size": "110g"
  },
  {
    "Brand_Product_Size": "Slow Hills RSPCA Approved Whole Chicken approx 1.6 kg each",
    "COL Price": 12.64,
    "COL ppu": "$7.90 per 1Kg",
    "COL Size": "approx 1.6 kg each"
  },
  {
    "Brand_Product_Size": "Always Fresh Cucumbers Baby 350g",
    "COL Price": 3.8,
    "COL ppu": "$10.86 per 1Kg",
    "COL Size": "350g"
  },
  {
    "Brand_Product_Size": "Kraft Grated Parmesan Cheese 250g",
    "COL Price": 7.8,
    "COL ppu": "$31.20 per 1Kg",
    "COL Size": "250g"
  },
  {
    "Brand_Product_Size": "Moccona Classic Medium Decaffeinated Instant Coffee 100g",
    "COL Price": 12.5,
    "COL ppu": "$12.50 per 100G",
    "COL Size": "100g"
  },
  {
    "Brand_Product_Size": "Banana Boat Ultra Sunscreen SPF 50+ 400g",
    "COL Price": 21,
    "COL ppu": "$5.25 per 100G",
    "COL Size": "400g"
  },
  {
    "Brand_Product_Size": "Coles Spinach & Ricotta Agnolotti With Mediterranean Sauce 350g",
    "COL Price": 6.5,
    "COL ppu": "$1.86 per 100G",
    "COL Size": "350g"
  },
  {
    "Brand_Product_Size": "Obela Classic Hommus Crackers 125g",
    "COL Price": 3,
    "COL ppu": "$2.40 per 100G",
    "COL Size": "125g"
  },
  {
    "Brand_Product_Size": "Kellogg's LCMs Yoghurty Split Stix Puffed Rice Snack Bars 15 pack 345g",
    "COL Price": 7,
    "COL ppu": "$2.03 per 100G",
    "COL Size": "345g"
  },
  {
    "Brand_Product_Size": "Sambucol Lozenges 20 pack",
    "COL Price": 11,
    "COL ppu": "$0.55 per 1Ea",
    "COL Size": "20 pack"
  },
  {
    "Brand_Product_Size": "Coles Parmesan Cheese 125g",
    "COL Price": 4,
    "COL ppu": "$3.20 per 100G",
    "COL Size": "125g"
  },
  {
    "Brand_Product_Size": "L'Oreal Revitalift Day Cream 50mL",
    "COL Price": 23.03,
    "COL ppu": "$46.06 per 100mL",
    "COL Size": "50mL"
  },
  {
    "Brand_Product_Size": "Paldo Lobster Flavor King Noodle 110g",
    "COL Price": 2.5,
    "COL ppu": "$2.27 per 100G",
    "COL Size": "110g"
  },
  {
    "Brand_Product_Size": "L'Oreal Paris C'Est Magic BB Cream Light 30mL",
    "COL Price": 17.5,
    "COL ppu": "$5.83 per 10mL",
    "COL Size": "30mL"
  },
  {
    "Brand_Product_Size": "Blackmores Macuvision 125 pack",
    "COL Price": 19,
    "COL ppu": "$0.15 per 1Ea",
    "COL Size": "125 pack"
  },
  {
    "Brand_Product_Size": "Smash Blue Stainless Steel Insulated Bottle 500mL each",
    "COL Price": 25,
    "COL ppu": "$25.00 per 1Ea",
    "COL Size": "each"
  },
  {
    "Brand_Product_Size": "Thins Light & Tangy Potato Chips 175g",
    "COL Price": 3.5,
    "COL ppu": "$2.00 per 100G",
    "COL Size": "175g"
  },
  {
    "Brand_Product_Size": "Coles Bake & Create Colourful Birthday Candle 3 piece",
    "COL Price": 3,
    "COL ppu": "$1.00 per 1Ea",
    "COL Size": "3 piece"
  },
  {
    "Brand_Product_Size": "Nescafe Green Blend Instant Coffee 100g",
    "COL Price": 11,
    "COL ppu": "$11.00 per 100G",
    "COL Size": "100g"
  },
  {
    "Brand_Product_Size": "Schwarzkopf Live Pastels Lilac Blush Hair Colour each",
    "COL Price": 5,
    "COL ppu": "$5.00 per 1Ea",
    "COL Size": "each"
  },
  {
    "Brand_Product_Size": "Vaseline Petroleum Jelly Original 100g",
    "COL Price": 4,
    "COL ppu": "$4.00 per 100G",
    "COL Size": "100g"
  },
  {
    "Brand_Product_Size": "Supafry Solid Cooking Oil 500g",
    "COL Price": 3,
    "COL ppu": "$0.60 per 100G",
    "COL Size": "500g"
  },
  {
    "Brand_Product_Size": "Sistema Klip It Plus Rectangle Container 400mL each",
    "COL Price": 1.62,
    "COL ppu": "$1.62 per 1Ea",
    "COL Size": "each"
  },
  {
    "Brand_Product_Size": "Herbert Adams Vegetable Korma Pie 2 Pack 400g",
    "COL Price": 7.8,
    "COL ppu": "$1.95 per 100G",
    "COL Size": "400g"
  },
  {
    "Brand_Product_Size": "Bach Rescue Blackcurrant Pastilles 50g",
    "COL Price": 13,
    "COL ppu": "$26.00 per 100G",
    "COL Size": "50g"
  },
  {
    "Brand_Product_Size": "Coles Kitchen Pea & Ham Soup 300g",
    "COL Price": 3,
    "COL ppu": "$1.00 per 100G",
    "COL Size": "300g"
  },
  {
    "Brand_Product_Size": "Macleans Little Teeth Soft Kids Toothbrush 1 pack",
    "COL Price": 2,
    "COL ppu": "$2.00 per 1Ea",
    "COL Size": "1 pack"
  },
  {
    "Brand_Product_Size": "Coles Dried Mixed Fruit 1kg",
    "COL Price": 5.5,
    "COL ppu": "$5.50 per 1Kg",
    "COL Size": "1kg"
  },
  {
    "Brand_Product_Size": "Cub Unisex Newborn Nappies Size 1 30 pack",
    "COL Price": 4.5,
    "COL ppu": "$0.15 per 1Ea",
    "COL Size": "30 pack"
  },
  {
    "Brand_Product_Size": "Ayam Japanese Curry Paste 185g",
    "COL Price": 2.75,
    "COL ppu": "$1.49 per 100G",
    "COL Size": "185g"
  },
  {
    "Brand_Product_Size": "Birds Eye Carrot Cauli & Broccoli Veggie Rice 500g",
    "COL Price": 4.2,
    "COL ppu": "$8.40 per 1Kg",
    "COL Size": "500g"
  },
  {
    "Brand_Product_Size": "Madura Green Tea Bags 50 pack 75g",
    "COL Price": 4.55,
    "COL ppu": "$6.07 per 100G",
    "COL Size": "75g"
  },
  {
    "Brand_Product_Size": "Magazine Healthy Food Guide each",
    "COL Price": 6.99,
    "COL ppu": "$6.99 per 1Ea",
    "COL Size": "each"
  },
  {
    "Brand_Product_Size": "Amy's Kitchen Plant Based Organic Indian Golden Lentil Soup 408g",
    "COL Price": 3.9,
    "COL ppu": "$0.96 per 100G",
    "COL Size": "408g"
  },
  {
    "Brand_Product_Size": "Uncle Ben's Special Fried Rice 250g",
    "COL Price": 2.5,
    "COL ppu": "$1.00 per 100G",
    "COL Size": "250g"
  },
  {
    "Brand_Product_Size": "Vittoria Mountain Grown Blend Capsules 10 pack",
    "COL Price": 7,
    "COL ppu": "$0.70 per 1Ea",
    "COL Size": "10 pack"
  },
  {
    "Brand_Product_Size": "Tommee Tippee Closer To Nature Night Time Orthodontic Soothers 0-6 Months 2 pack",
    "COL Price": 11,
    "COL ppu": "$5.50 per 1Ea",
    "COL Size": "2 pack"
  },
  {
    "Brand_Product_Size": "Lucky Pepitas 200g",
    "COL Price": 5.8,
    "COL ppu": "$29.00 per 1Kg",
    "COL Size": "200g"
  },
  {
    "Brand_Product_Size": "Pace Farm Natural Living Free Range Large Eggs 12 pack 600g",
    "COL Price": 5.7,
    "COL ppu": "$0.95 per 100G",
    "COL Size": "600g"
  },
  {
    "Brand_Product_Size": "Great Ocean Road Butter With Sea Salt 250g",
    "COL Price": 4.5,
    "COL ppu": "$1.80 per 100G",
    "COL Size": "250g"
  },
  {
    "Brand_Product_Size": "Dry Idea Sport Aerosol Deodorant For Men 150g",
    "COL Price": 2.5,
    "COL ppu": "$1.67 per 100G",
    "COL Size": "150g"
  },
  {
    "Brand_Product_Size": "Birds Eye Herbs Basil 50g",
    "COL Price": 4,
    "COL ppu": "$80.00 per 1Kg",
    "COL Size": "50g"
  },
  {
    "Brand_Product_Size": "Arnott's Tim Tam Most Voted Double Coat Caramel Chocolate Biscuit 180g",
    "COL Price": 4,
    "COL ppu": "$2.22 per 100G",
    "COL Size": "180g"
  },
  {
    "Brand_Product_Size": "Carmans Goodness Crackers Sea Salt 150g",
    "COL Price": 3,
    "COL ppu": "$2.00 per 100G",
    "COL Size": "150g"
  },
  {
    "Brand_Product_Size": "L'OR Espresso Ristretto Capsules 40 pack",
    "COL Price": 18,
    "COL ppu": "$0.45 per 1Ea",
    "COL Size": "40 pack"
  },
  {
    "Brand_Product_Size": "Coles Breakfast Juice 2L",
    "COL Price": 4.75,
    "COL ppu": "$2.38 per 1L",
    "COL Size": "2L"
  },
  {
    "Brand_Product_Size": "ABC Extra Hot Chilli Sauce 335mL",
    "COL Price": 2.75,
    "COL ppu": "$0.82 per 100mL",
    "COL Size": "335mL"
  },
  {
    "Brand_Product_Size": "Arnott's Family Pack Choc Mint Slice Biscuits 365g",
    "COL Price": 4.5,
    "COL ppu": "$1.23 per 100G",
    "COL Size": "365g"
  },
  {
    "Brand_Product_Size": "Coles Frozen Chunky Potato Wedges 750g",
    "COL Price": 2,
    "COL ppu": "$2.67 per 1Kg",
    "COL Size": "750g"
  },
  {
    "Brand_Product_Size": "Bonds Mens X-temp Quarter Crew 6+ 3 pack",
    "COL Price": 15,
    "COL ppu": "$5.00 per 1Ea",
    "COL Size": "3 pack"
  },
  {
    "Brand_Product_Size": "Coles Finest Garlic & Parmigiano Reggiano Pizza 300g",
    "COL Price": 4,
    "COL ppu": "$1.33 per 100G",
    "COL Size": "300g"
  },
  {
    "Brand_Product_Size": "Allen's Traditional Teeth 170g",
    "COL Price": 3,
    "COL ppu": "$1.76 per 100G",
    "COL Size": "170g"
  },
  {
    "Brand_Product_Size": "Jesses Bakery Mini Challah Roll 4 pack 4 pack",
    "COL Price": 5.7,
    "COL ppu": "$1.43 per 1Ea",
    "COL Size": "4 pack"
  },
  {
    "Brand_Product_Size": "Loco Dairy Free Dollop Creamy 200mL",
    "COL Price": 3,
    "COL ppu": "$1.50 per 100mL",
    "COL Size": "200mL"
  },
  {
    "Brand_Product_Size": "Pump Spring Water 1.25L",
    "COL Price": 3.3,
    "COL ppu": "$2.64 per 1L",
    "COL Size": "1.25L"
  },
  {
    "Brand_Product_Size": "Lion Classics Scone Mix 535g",
    "COL Price": 3.7,
    "COL ppu": "$6.92 per 1Kg",
    "COL Size": "535g"
  },
  {
    "Brand_Product_Size": "India Gate Sella Basmati Rice 5kg",
    "COL Price": 21,
    "COL ppu": "$4.20 per 1Kg",
    "COL Size": "5kg"
  },
  {
    "Brand_Product_Size": "Kapai Puku Gut Health Original Seed 450g",
    "COL Price": 13.5,
    "COL ppu": "$3.00 per 100G",
    "COL Size": "450g"
  },
  {
    "Brand_Product_Size": "Voost Vitamin B+ Performance Effervescent Tablets 20 pack",
    "COL Price": 6.5,
    "COL ppu": "$0.33 per 1Ea",
    "COL Size": "20 pack"
  },
  {
    "Brand_Product_Size": "Coles Urban Coffee Culture Single Origin Ground Columbia Coffee 250g",
    "COL Price": 6,
    "COL ppu": "$2.40 per 100G",
    "COL Size": "250g"
  },
  {
    "Brand_Product_Size": "Coles Finest Leg Ham approx. 125g",
    "COL Price": 4.625,
    "COL ppu": "$37.00 per 1Kg",
    "COL Size": "approx. 125g"
  },
  {
    "Brand_Product_Size": "Roundup Advance Weed Killer 280mL",
    "COL Price": 17.85,
    "COL ppu": "$6.38 per 100mL",
    "COL Size": "280mL"
  },
  {
    "Brand_Product_Size": "Gillette Venus Embrace Shaving Blade Refill 4 pack",
    "COL Price": 19.5,
    "COL ppu": "$4.88 per 1Ea",
    "COL Size": "4 pack"
  },
  {
    "Brand_Product_Size": "Peters Maxibon Monster Cookie Ice Cream 620mL",
    "COL Price": 8.4,
    "COL ppu": "$1.35 per 100mL",
    "COL Size": "620mL"
  },
  {
    "Brand_Product_Size": "Cook & Dine Salad Bowl each",
    "COL Price": 3,
    "COL ppu": "$3.00 per 1Ea",
    "COL Size": "each"
  },
  {
    "Brand_Product_Size": "Lewis & Son Beetroot Kraut 500g",
    "COL Price": 14,
    "COL ppu": "$2.80 per 100G",
    "COL Size": "500g"
  },
  {
    "Brand_Product_Size": "Twining's Camomile Honey & Vanilla Tea Bags 40 pack",
    "COL Price": 7,
    "COL ppu": "$0.18 per 1Ea",
    "COL Size": "40 pack"
  },
  {
    "Brand_Product_Size": "Cadbury Dairy Milk Peppermint Milk Chocolate Block 180g",
    "COL Price": 5,
    "COL ppu": "$2.78 per 100G",
    "COL Size": "180g"
  },
  {
    "Brand_Product_Size": "Method Beach Sage Laundry Liquid 1.58L",
    "COL Price": 23,
    "COL ppu": "$14.56 per 1L",
    "COL Size": "1.58L"
  },
  {
    "Brand_Product_Size": "Saxa Natural Sea Salt Grinder 90g",
    "COL Price": 5,
    "COL ppu": "$0.56 per 10G",
    "COL Size": "90g"
  },
  {
    "Brand_Product_Size": "Nurofen Zavance Ibuprofen 200mg Liquid Capsules 10 pack",
    "COL Price": 4.7,
    "COL ppu": "$0.47 per 1Ea",
    "COL Size": "10 pack"
  },
  {
    "Brand_Product_Size": "Modo Ecoliving A4 Recycled Wallet 3 pack",
    "COL Price": 3.2,
    "COL ppu": "$1.07 per 1Ea",
    "COL Size": "3 pack"
  },
  {
    "Brand_Product_Size": "Twinings Pure Peppermint Tea Bags 80 pack 160g",
    "COL Price": 5.6,
    "COL ppu": "$0.07 per 1Ea",
    "COL Size": "160g"
  },
  {
    "Brand_Product_Size": "Kewpie Mayonnaise 500g",
    "COL Price": 7,
    "COL ppu": "$1.40 per 100G",
    "COL Size": "500g"
  },
  {
    "Brand_Product_Size": "Cleaver's Beef Rump Steak Free Range Organic approx. 400g pack",
    "COL Price": 14.8,
    "COL ppu": "$37.00 per 1Kg",
    "COL Size": "approx. 400g pack"
  },
  {
    "Brand_Product_Size": "Streets Viennetta Classic Vanilla Ice Cream Cake 650mL",
    "COL Price": 6.6,
    "COL ppu": "$1.02 per 100mL",
    "COL Size": "650mL"
  },
  {
    "Brand_Product_Size": "McVitie's Caramel Chocolate Digestive Biscuits 250g",
    "COL Price": 3.95,
    "COL ppu": "$1.58 per 100G",
    "COL Size": "250g"
  },
  {
    "Brand_Product_Size": "Balfours Frozen Premium Potato Pie 2 pack 440g",
    "COL Price": 6,
    "COL ppu": "$1.36 per 100G",
    "COL Size": "440g"
  },
  {
    "Brand_Product_Size": "Coles Thai Massaman Curry Kit 450g",
    "COL Price": 5,
    "COL ppu": "$11.11 per 1Kg",
    "COL Size": "450g"
  },
  {
    "Brand_Product_Size": "L'Oreal Colorista Wash Out Purple Permanent Hair Colour 1 pack",
    "COL Price": 13.2,
    "COL ppu": "$13.20 per 1Ea",
    "COL Size": "1 pack"
  },
  {
    "Brand_Product_Size": "Fanta Orange Mini Can Soft Drink 250mL",
    "COL Price": 2.25,
    "COL ppu": "$9.00 per 1L",
    "COL Size": "250mL"
  },
  {
    "Brand_Product_Size": "Diet Rite Fruit Cocktail Cordial 1L",
    "COL Price": 3,
    "COL ppu": "$3.00 per 1L",
    "COL Size": "1L"
  },
  {
    "Brand_Product_Size": "Crest HDMI Cable 1.5m High Speed With Ethernet each",
    "COL Price": 20,
    "COL ppu": "$20.00 per 1Ea",
    "COL Size": "each"
  },
  {
    "Brand_Product_Size": "Dairy Farmers Caramel Flavoured Milk 500mL",
    "COL Price": 3,
    "COL ppu": "$6.00 per 1L",
    "COL Size": "500mL"
  },
  {
    "Brand_Product_Size": "Coles Lite Milk 1L",
    "COL Price": 1.29,
    "COL ppu": "$1.29 per 1L",
    "COL Size": "1L"
  },
  {
    "Brand_Product_Size": "Hikari Red Miso Paste 400g",
    "COL Price": 4,
    "COL ppu": "$1.00 per 100G",
    "COL Size": "400g"
  },
  {
    "Brand_Product_Size": "Connoisseur Cookies & Cream Gourmet Ice Cream Tub 1L",
    "COL Price": 7.5,
    "COL ppu": "$0.75 per 100mL",
    "COL Size": "1L"
  },
  {
    "Brand_Product_Size": "Peters Gluten Free Original Neapolitan Multi Flavoured Ice Cream Tub 2L",
    "COL Price": 4.75,
    "COL ppu": "$2.38 per 1L",
    "COL Size": "2L"
  },
  {
    "Brand_Product_Size": "Coca-Cola No Sugar Coke Multipack Cans 375mL 10 pack",
    "COL Price": 13.75,
    "COL ppu": "$3.67 per 1L",
    "COL Size": "10 pack"
  },
  {
    "Brand_Product_Size": "MasterFoods Moroccan Mild Seasoning 47g",
    "COL Price": 3.7,
    "COL ppu": "$0.79 per 10G",
    "COL Size": "47g"
  },
  {
    "Brand_Product_Size": "Coles Microwavable Brown Rice & Quinoa Pouch 5pk 625g",
    "COL Price": 4,
    "COL ppu": "$0.64 per 100G",
    "COL Size": "625g"
  },
  {
    "Brand_Product_Size": "Green's Sticky Date Self Saucing Pudding 260g",
    "COL Price": 2.8,
    "COL ppu": "$1.08 per 100G",
    "COL Size": "260g"
  },
  {
    "Brand_Product_Size": "Pyrex Classic Glass Bowl 1L each",
    "COL Price": 7,
    "COL ppu": "$7.00 per 1Ea",
    "COL Size": "each"
  },
  {
    "Brand_Product_Size": "Restaurant Collection Smashed Smokey Spiced Potatoes 500g",
    "COL Price": 12.5,
    "COL ppu": "$2.50 per 100G",
    "COL Size": "500g"
  },
  {
    "Brand_Product_Size": "Ayam Hawker Market Thai Pad See Ew Sauce 205g",
    "COL Price": 1.75,
    "COL ppu": "$0.85 per 100G",
    "COL Size": "205g"
  },
  {
    "Brand_Product_Size": "Coles Frozen Party Pies 24 Pack 1.1kg",
    "COL Price": 6.2,
    "COL ppu": "$5.64 per 1Kg",
    "COL Size": "1.1kg"
  },
  {
    "Brand_Product_Size": "Dove Care & Protect Body Wash 1L",
    "COL Price": 13.7,
    "COL ppu": "$1.37 per 100mL",
    "COL Size": "1L"
  },
  {
    "Brand_Product_Size": "Mix Footless Tights 120 Denier Black Ave/Tall 1 pack",
    "COL Price": 10,
    "COL ppu": "$10.00 per 1Ea",
    "COL Size": "1 pack"
  },
  {
    "Brand_Product_Size": "Just For Men Medium Brown Hair Colour 100g",
    "COL Price": 13.5,
    "COL ppu": "$13.50 per 100G",
    "COL Size": "100g"
  },
  {
    "Brand_Product_Size": "Bosisto's Clarity Diffuser Oil 15mL",
    "COL Price": 17,
    "COL ppu": "$11.33 per 10mL",
    "COL Size": "15mL"
  },
  {
    "Brand_Product_Size": "Coles Skim Long Life Milk 1L",
    "COL Price": 1.25,
    "COL ppu": "$1.25 per 1L",
    "COL Size": "1L"
  },
  {
    "Brand_Product_Size": "Capilano Manuka Dark & Aromatic Honey 340g",
    "COL Price": 8.5,
    "COL ppu": "$2.50 per 100G",
    "COL Size": "340g"
  },
  {
    "Brand_Product_Size": "Bulla Murray St Vanilla Bean & Chocolate Almond Ice Cream Tub 460mL",
    "COL Price": 6,
    "COL ppu": "$1.30 per 100mL",
    "COL Size": "460mL"
  },
  {
    "Brand_Product_Size": "Twinings Raspberry Strawberry & Loganberry Flavoured Tea Bags 10 pack 20g",
    "COL Price": 2.9,
    "COL ppu": "$0.29 per 1Ea",
    "COL Size": "20g"
  },
  {
    "Brand_Product_Size": "Coles Juicing Carrots 2.5kg",
    "COL Price": 2.98,
    "COL ppu": "$1.19 per 1Kg",
    "COL Size": "2.5kg"
  },
  {
    "Brand_Product_Size": "Continental Kosher Butchers Beef Brisket Slices 200g",
    "COL Price": 11.25,
    "COL ppu": "$56.25 per 1Kg",
    "COL Size": "200g"
  },
  {
    "Brand_Product_Size": "Gatorade Orange Ice Sports Drink 600mL",
    "COL Price": 2.15,
    "COL ppu": "$3.58 per 1L",
    "COL Size": "600mL"
  },
  {
    "Brand_Product_Size": "Bertocchi Kaiser Fleisch Portions approx. 625g",
    "COL Price": 11.25,
    "COL ppu": "$18.00 per 1Kg",
    "COL Size": "approx. 625g"
  },
  {
    "Brand_Product_Size": "Sukin Hydrating Shampoo 1L",
    "COL Price": 28,
    "COL ppu": "$2.80 per 100mL",
    "COL Size": "1L"
  },
  {
    "Brand_Product_Size": "A2 Full Cream Instant Milk Powder 1kg",
    "COL Price": 15,
    "COL ppu": "$1.50 per 100G",
    "COL Size": "1kg"
  },
  {
    "Brand_Product_Size": "Bio Pizza Shred Cheese 200g",
    "COL Price": 4.8,
    "COL ppu": "$24.00 per 1Kg",
    "COL Size": "200g"
  },
  {
    "Brand_Product_Size": "Bakery Du Jour Vegan Croissant 3 Pack 168g",
    "COL Price": 2.25,
    "COL ppu": "$1.34 per 100G",
    "COL Size": "168g"
  },
  {
    "Brand_Product_Size": "Coles Kitchen Thai Red Vegetable Curry & Rice 350g",
    "COL Price": 6.5,
    "COL ppu": "$1.86 per 100G",
    "COL Size": "350g"
  },
  {
    "Brand_Product_Size": "Pana Organic Hazelnut Chocolate 45g",
    "COL Price": 6,
    "COL ppu": "$13.33 per 100G",
    "COL Size": "45g"
  },
  {
    "Brand_Product_Size": "Tamar Valley Kids Greek Blueberry Yoghurt Pouch 110g",
    "COL Price": 1.3,
    "COL ppu": "$1.18 per 100G",
    "COL Size": "110g"
  },
  {
    "Brand_Product_Size": "Twinings English Breakfast Tea Bags 100 pack 200g",
    "COL Price": 5.6,
    "COL ppu": "$0.06 per 1Ea",
    "COL Size": "200g"
  },
  {
    "Brand_Product_Size": "Heinz Spaghetti In Tomato Sauce 4 pack 130g",
    "COL Price": 3.7,
    "COL ppu": "$0.71 per 100G",
    "COL Size": "130g"
  },
  {
    "Brand_Product_Size": "MasterFoods Promite Spread 290g",
    "COL Price": 4.45,
    "COL ppu": "$1.53 per 100G",
    "COL Size": "290g"
  },
  {
    "Brand_Product_Size": "Sorbent 4 Ply Pocket Pack White Facial Tissues 6 pack",
    "COL Price": 2,
    "COL ppu": "$0.33 per 1Ea",
    "COL Size": "6 pack"
  },
  {
    "Brand_Product_Size": "Twix Chocolate Bar 50g",
    "COL Price": 2,
    "COL ppu": "$4.00 per 100G",
    "COL Size": "50g"
  },
  {
    "Brand_Product_Size": "Streets Calippo Minis Lemon Orange & Lime Ice Blocks 10 pack 575mL",
    "COL Price": 7,
    "COL ppu": "$1.22 per 100mL",
    "COL Size": "575mL"
  },
  {
    "Brand_Product_Size": "Passage Foods Passage to India Sri Lankan Coconut & Cashew Chicken Simmer Sauce Pouch 375g",
    "COL Price": 2.35,
    "COL ppu": "$0.63 per 100G",
    "COL Size": "375g"
  },
  {
    "Brand_Product_Size": "Oral-B 3D White Whitening Therapy Enamel Care Toothpaste 95g",
    "COL Price": 12,
    "COL ppu": "$12.63 per 100G",
    "COL Size": "95g"
  },
  {
    "Brand_Product_Size": "Tuscanini Pasta Elbows 454g",
    "COL Price": 3.3,
    "COL ppu": "$0.73 per 100G",
    "COL Size": "454g"
  },
  {
    "Brand_Product_Size": "Helga's Gluten Free Traditional White Rolls 4 pack 320g",
    "COL Price": 7,
    "COL ppu": "$2.19 per 100G",
    "COL Size": "320g"
  },
  {
    "Brand_Product_Size": "Robert Timms Cafe Series Arabica Dark Roast Coffee Bags 10 Pack 58g",
    "COL Price": 2.97,
    "COL ppu": "$0.51 per 10G",
    "COL Size": "58g"
  },
  {
    "Brand_Product_Size": "Glade Sense & Spray Pomegranate & Cranberry Refill 12.2g",
    "COL Price": 5.9,
    "COL ppu": "$48.36 per 100G",
    "COL Size": "12.2g"
  },
  {
    "Brand_Product_Size": "Red Rock Deli Honey Soy Chicken Potato Chips 165g",
    "COL Price": 3,
    "COL ppu": "$1.82 per 100G",
    "COL Size": "165g"
  },
  {
    "Brand_Product_Size": "Marco Polo Polenta 750g",
    "COL Price": 2.8,
    "COL ppu": "$0.37 per 100G",
    "COL Size": "750g"
  },
  {
    "Brand_Product_Size": "L'Oreal Preference 4.15 Caracas Hair Colour 1 pack",
    "COL Price": 9.5,
    "COL ppu": "$9.50 per 1Ea",
    "COL Size": "1 pack"
  },
  {
    "Brand_Product_Size": "Coles Chocolate Custard Pouch 90g",
    "COL Price": 0.95,
    "COL ppu": "$1.06 per 100G",
    "COL Size": "90g"
  },
  {
    "Brand_Product_Size": "Coles I'm Perfect Avocados 1kg",
    "COL Price": 7.9,
    "COL ppu": "$7.90 per 1Kg",
    "COL Size": "1kg"
  },
  {
    "Brand_Product_Size": "Coles Unsalted Butter 250g",
    "COL Price": 2.8,
    "COL ppu": "$1.12 per 100G",
    "COL Size": "250g"
  },
  {
    "Brand_Product_Size": "Dare Double Espresso Iced Coffee 750mL",
    "COL Price": 4.1,
    "COL ppu": "$5.47 per 1L",
    "COL Size": "750mL"
  },
  {
    "Brand_Product_Size": "Femfresh Daily Wash 250mL",
    "COL Price": 6.75,
    "COL ppu": "$2.70 per 100mL",
    "COL Size": "250mL"
  },
  {
    "Brand_Product_Size": "Coles Frozen Asian Style Chicken Tenders 400g",
    "COL Price": 6,
    "COL ppu": "$1.50 per 100G",
    "COL Size": "400g"
  },
  {
    "Brand_Product_Size": "Heinz Big'N Chunky Beef Stockpot Soup 535g",
    "COL Price": 2.5,
    "COL ppu": "$0.47 per 100G",
    "COL Size": "535g"
  },
  {
    "Brand_Product_Size": "Eurocake Chocolate Chip Cookie American Style 252g",
    "COL Price": 5.2,
    "COL ppu": "$2.06 per 100G",
    "COL Size": "252g"
  },
  {
    "Brand_Product_Size": "Taste Traders Beef Rendang Crackers 150g",
    "COL Price": 2,
    "COL ppu": "$1.33 per 100G",
    "COL Size": "150g"
  },
  {
    "Brand_Product_Size": "Rafferty's Garden Pumpkin Apple & Sweetcorn Baby Food 4+ Months 120g",
    "COL Price": 1.5,
    "COL ppu": "$1.25 per 100G",
    "COL Size": "120g"
  },
  {
    "Brand_Product_Size": "John West Tempters Lemon & Cracked Pepper Tuna Multipack 4x95g 380g",
    "COL Price": 5,
    "COL ppu": "$13.16 per 1Kg",
    "COL Size": "380g"
  },
  {
    "Brand_Product_Size": "Wonder Vits & Mins Wrap 8pack 416g",
    "COL Price": 4,
    "COL ppu": "$0.96 per 100G",
    "COL Size": "416g"
  },
  {
    "Brand_Product_Size": "Barilla Rigatoni Pasta 500g",
    "COL Price": 2,
    "COL ppu": "$0.40 per 100G",
    "COL Size": "500g"
  },
  {
    "Brand_Product_Size": "Lucky Natural Almonds Sliced 110g",
    "COL Price": 5,
    "COL ppu": "$45.45 per 1Kg",
    "COL Size": "110g"
  },
  {
    "Brand_Product_Size": "Primo Stacker Chicken Cheese & Rice Crackers 45g",
    "COL Price": 4,
    "COL ppu": "$0.89 per 10G",
    "COL Size": "45g"
  },
  {
    "Brand_Product_Size": "Coles Coconut Prawns 9 Pack 162g",
    "COL Price": 5,
    "COL ppu": "$3.09 per 100G",
    "COL Size": "162g"
  },
  {
    "Brand_Product_Size": "Oral-B Satin tape Mint dental floss 25m",
    "COL Price": 2.8,
    "COL ppu": "$0.11 per 1M",
    "COL Size": "25m"
  },
  {
    "Brand_Product_Size": "Mirabella Globe Led Candle 5.5 watt Pearl each",
    "COL Price": 6.5,
    "COL ppu": "$6.50 per 1Ea",
    "COL Size": "each"
  },
  {
    "Brand_Product_Size": "Eight Mile Beef Rump Steak With Herb & Garlic Butter 350g",
    "COL Price": 13.5,
    "COL ppu": "$38.57 per 1Kg",
    "COL Size": "350g"
  },
  {
    "Brand_Product_Size": "Coles Deli Salad Tub Small Curried Pumpkin Cous Cous Salad each",
    "COL Price": 5,
    "COL ppu": "$5.00 per 1Ea",
    "COL Size": "each"
  },
  {
    "Brand_Product_Size": "Schweppes Brown Cream Soda 1.1L",
    "COL Price": 2.15,
    "COL ppu": "$1.95 per 1L",
    "COL Size": "1.1L"
  },
  {
    "Brand_Product_Size": "Eastcoast Beverages Country Style Lemonade Fruit Drink Chilled 2L",
    "COL Price": 4.75,
    "COL ppu": "$2.38 per 1L",
    "COL Size": "2L"
  },
  {
    "Brand_Product_Size": "Bushman Naturals Insect Repellent 145mL",
    "COL Price": 15.95,
    "COL ppu": "$11.00 per 100mL",
    "COL Size": "145mL"
  },
  {
    "Brand_Product_Size": "Australia's Own A2 Protein Full Cream Milk 1L",
    "COL Price": 2.2,
    "COL ppu": "$2.20 per 1L",
    "COL Size": "1L"
  },
  {
    "Brand_Product_Size": "D3 Cohesive Wrap 1 pack",
    "COL Price": 10,
    "COL ppu": "$10.00 per 1Ea",
    "COL Size": "1 pack"
  },
  {
    "Brand_Product_Size": "Mortein NaturGard Outdoor Automatic Refill Spray Citronella 154g",
    "COL Price": 16,
    "COL ppu": "$10.39 per 100G",
    "COL Size": "154g"
  },
  {
    "Brand_Product_Size": "Skin Republic Collagen Hydrogel Under Eye Patches 6 pack",
    "COL Price": 10,
    "COL ppu": "$3.33 per 1Ea",
    "COL Size": "6 pack"
  },
  {
    "Brand_Product_Size": "Palmolive Naturals Refreshing Shower Gel 500mL",
    "COL Price": 3.78,
    "COL ppu": "$0.76 per 100mL",
    "COL Size": "500mL"
  },
  {
    "Brand_Product_Size": "Coles Red Royale Washed Potatoes Prepacked 2kg",
    "COL Price": 7,
    "COL ppu": "$3.50 per 1Kg",
    "COL Size": "2kg"
  },
  {
    "Brand_Product_Size": "Aussie Bodies FX Lo Carb Vanilla Cranberry Crunch Protein Bar 40g",
    "COL Price": 2.8,
    "COL ppu": "$7.00 per 100G",
    "COL Size": "40g"
  },
  {
    "Brand_Product_Size": "Coles Beef Ravioli Pasta 600g",
    "COL Price": 4,
    "COL ppu": "$0.67 per 100G",
    "COL Size": "600g"
  },
  {
    "Brand_Product_Size": "Neutrogena Sheer Zinc Face Dry-Touch Sunscreen Lotion SPF50 59mL",
    "COL Price": 20,
    "COL ppu": "$33.90 per 100mL",
    "COL Size": "59mL"
  },
  {
    "Brand_Product_Size": "Cook & Dine Stainless Steel Table Knives 4 pack",
    "COL Price": 6,
    "COL ppu": "$1.50 per 1Ea",
    "COL Size": "4 pack"
  },
  {
    "Brand_Product_Size": "Colgate Regular Anti Cavity Toothpaste 120g",
    "COL Price": 2.5,
    "COL ppu": "$2.08 per 100G",
    "COL Size": "120g"
  },
  {
    "Brand_Product_Size": "Coles Bake & Create Bright Party Candles 16 pack",
    "COL Price": 3,
    "COL ppu": "$0.19 per 1Ea",
    "COL Size": "16 pack"
  },
  {
    "Brand_Product_Size": "South Cape Cheese Selection Platter 435g",
    "COL Price": 16.8,
    "COL ppu": "$38.62 per 1Kg",
    "COL Size": "435g"
  },
  {
    "Brand_Product_Size": "Osem Bamba Peanut Snack 25g",
    "COL Price": 1.3,
    "COL ppu": "$5.20 per 100G",
    "COL Size": "25g"
  },
  {
    "Brand_Product_Size": "Fry's Frozen 4 Soy & Flaxseed Schnitzels 320g",
    "COL Price": 4.8,
    "COL ppu": "$1.50 per 100G",
    "COL Size": "320g"
  },
  {
    "Brand_Product_Size": "Garnier Hydrabomb Tissue Mask Pomegranate 28g",
    "COL Price": 3,
    "COL ppu": "$10.71 per 100G",
    "COL Size": "28g"
  },
  {
    "Brand_Product_Size": "Coles Non Stick Baking Paper 15m 1 pack",
    "COL Price": 2.7,
    "COL ppu": "$2.70 per 1Ea",
    "COL Size": "1 pack"
  },
  {
    "Brand_Product_Size": "Maybelline Nudes Of New York Eyeshadow Palette 1 pack",
    "COL Price": 24.5,
    "COL ppu": "$24.50 per 1Ea",
    "COL Size": "1 pack"
  },
  {
    "Brand_Product_Size": "Coles Deli Marinated Split Green Olives 110g",
    "COL Price": 3.5,
    "COL ppu": "$31.82 per 1Kg",
    "COL Size": "110g"
  },
  {
    "Brand_Product_Size": "Kellogg's Baked Muesli Breakfast Biscuits With Golden Oats and Honey 5 pack 200g",
    "COL Price": 4.5,
    "COL ppu": "$2.25 per 100G",
    "COL Size": "200g"
  },
  {
    "Brand_Product_Size": "Coles Lamb Easy Carve Shoulder Roast approx. 1.06kg",
    "COL Price": 19.61,
    "COL ppu": "$18.50 per 1Kg",
    "COL Size": "approx. 1.06kg"
  },
  {
    "Brand_Product_Size": "Greens Brookie Cookies Baking Mix 500g",
    "COL Price": 3.2,
    "COL ppu": "$0.64 per 100G",
    "COL Size": "500g"
  },
  {
    "Brand_Product_Size": "Glad To Be Green Plant Bio Based Kt Bags Large 25 pack",
    "COL Price": 4.8,
    "COL ppu": "$0.19 per 1Ea",
    "COL Size": "25 pack"
  },
  {
    "Brand_Product_Size": "John West Rosemary & Sea Salt In Oil Deli Tuna 90g",
    "COL Price": 2.7,
    "COL ppu": "$30.00 per 1Kg",
    "COL Size": "90g"
  },
  {
    "Brand_Product_Size": "Cook & Dine Footed Floral Mug each",
    "COL Price": 5,
    "COL ppu": "$5.00 per 1Ea",
    "COL Size": "each"
  },
  {
    "Brand_Product_Size": "Hanabi Cheese Seafood Tofu 300g",
    "COL Price": 5,
    "COL ppu": "$1.67 per 100G",
    "COL Size": "300g"
  },
  {
    "Brand_Product_Size": "Natures Commonscents Goats Milk Moisturising Lotion 200mL",
    "COL Price": 10,
    "COL ppu": "$5.00 per 100mL",
    "COL Size": "200mL"
  },
  {
    "Brand_Product_Size": "Aeroplane Lite Strawberry Jelly Crystals 2 pack 18g",
    "COL Price": 2,
    "COL ppu": "$11.11 per 100G",
    "COL Size": "18g"
  },
  {
    "Brand_Product_Size": "Clairol Nice 'N Easy Frost & Tip Maximum Blonde Highlights Hair Colour 1 pack",
    "COL Price": 18.25,
    "COL ppu": "$18.25 per 1Ea",
    "COL Size": "1 pack"
  },
  {
    "Brand_Product_Size": "Harvest Vegetables & Sausages 425g",
    "COL Price": 3,
    "COL ppu": "$0.71 per 100G",
    "COL Size": "425g"
  },
  {
    "Brand_Product_Size": "Supercoat Adult Atv With Beef Dry Dog Food 7.5kg",
    "COL Price": 29,
    "COL ppu": "$0.39 per 100G",
    "COL Size": "7.5kg"
  },
  {
    "Brand_Product_Size": "Sunrice Basmati Rice 2kg",
    "COL Price": 8.5,
    "COL ppu": "$0.43 per 100G",
    "COL Size": "2kg"
  },
  {
    "Brand_Product_Size": "Coles Pastel Highlighters Chisel Tip in Pouch 6 pack",
    "COL Price": 4,
    "COL ppu": "$0.67 per 1Ea",
    "COL Size": "6 pack"
  },
  {
    "Brand_Product_Size": "Chux Magic Eraser Cleaner Block 8 pack",
    "COL Price": 4,
    "COL ppu": "$0.50 per 1Ea",
    "COL Size": "8 pack"
  },
  {
    "Brand_Product_Size": "Coles Power Mix 80g",
    "COL Price": 2,
    "COL ppu": "$25.00 per 1Kg",
    "COL Size": "80g"
  },
  {
    "Brand_Product_Size": "Coles Deli Snack Greek Salad each",
    "COL Price": 3,
    "COL ppu": "$3.00 per 1Ea",
    "COL Size": "each"
  },
  {
    "Brand_Product_Size": "Toolworx 19MM Tape Measure 5M 1 pack",
    "COL Price": 6.25,
    "COL ppu": "$6.25 per 1Ea",
    "COL Size": "1 pack"
  },
  {
    "Brand_Product_Size": "Golden Circle Orange 50% Less Sugar 2L",
    "COL Price": 3.3,
    "COL ppu": "$1.65 per 1L",
    "COL Size": "2L"
  },
  {
    "Brand_Product_Size": "Bosisto's Sleep Aroma Mist Oil 125mL",
    "COL Price": 12,
    "COL ppu": "$9.60 per 100mL",
    "COL Size": "125mL"
  },
  {
    "Brand_Product_Size": "Food For Health Gluten Free Muesli 425g",
    "COL Price": 8,
    "COL ppu": "$1.68 per 100G",
    "COL Size": "425g"
  },
  {
    "Brand_Product_Size": "Coles Kids Yoghurt 12 pack 1.14kg",
    "COL Price": 4.8,
    "COL ppu": "$0.42 per 100G",
    "COL Size": "1.14kg"
  },
  {
    "Brand_Product_Size": "Purina Total Care Flea Control Shampoo For Dogs 350mL",
    "COL Price": 14,
    "COL ppu": "$40.00 per 1L",
    "COL Size": "350mL"
  },
  {
    "Brand_Product_Size": "Crave Chicken & Turkey Adult Dry Cat Food 500g",
    "COL Price": 7.5,
    "COL ppu": "$1.50 per 100G",
    "COL Size": "500g"
  },
  {
    "Brand_Product_Size": "U By Kotex Regular Tampons 16 pack",
    "COL Price": 4.25,
    "COL ppu": "$0.27 per 1Ea",
    "COL Size": "16 pack"
  },
  {
    "Brand_Product_Size": "Maltesers Vanilla Ice Cream Sticks 4 Pack 360mL",
    "COL Price": 8.5,
    "COL ppu": "$2.36 per 100mL",
    "COL Size": "360mL"
  },
  {
    "Brand_Product_Size": "Coles Candle No 9 each",
    "COL Price": 1.5,
    "COL ppu": "$1.50 per 1Ea",
    "COL Size": "each"
  },
  {
    "Brand_Product_Size": "Rana Spinach & Ricotta Tortellini 325g",
    "COL Price": 7,
    "COL ppu": "$2.15 per 100G",
    "COL Size": "325g"
  },
  {
    "Brand_Product_Size": "Vitasoy Whole Double Espresso Almond Milk 330mL",
    "COL Price": 2.9,
    "COL ppu": "$8.79 per 1L",
    "COL Size": "330mL"
  },
  {
    "Brand_Product_Size": "Nature Valley Crunchy Peanut Butter 6 Twin Bars 252g",
    "COL Price": 5.5,
    "COL ppu": "$2.18 per 100G",
    "COL Size": "252g"
  },
  {
    "Brand_Product_Size": "Hydro Silk Perfect Finish Trim Kit 1 pack",
    "COL Price": 25,
    "COL ppu": "$25.00 per 1Ea",
    "COL Size": "1 pack"
  },
  {
    "Brand_Product_Size": "Herbal Essences Aloe & Eucalyptus Conditioner 350mL",
    "COL Price": 20,
    "COL ppu": "$5.71 per 100mL",
    "COL Size": "350mL"
  },
  {
    "Brand_Product_Size": "Coles Kitchen Chicken Laksa Soup 300g",
    "COL Price": 3,
    "COL ppu": "$1.00 per 100G",
    "COL Size": "300g"
  },
  {
    "Brand_Product_Size": "Coles Finest Provolone Margherita Pizza 370g",
    "COL Price": 5,
    "COL ppu": "$1.35 per 100G",
    "COL Size": "370g"
  },
  {
    "Brand_Product_Size": "Arnott's Triple Wafer Biscuits 200g",
    "COL Price": 3.05,
    "COL ppu": "$1.53 per 100G",
    "COL Size": "200g"
  },
  {
    "Brand_Product_Size": "Coles Australian Red Gum Honey 400g",
    "COL Price": 7.5,
    "COL ppu": "$1.88 per 100G",
    "COL Size": "400g"
  },
  {
    "Brand_Product_Size": "Tassal Smoked Salmon approx. 250g",
    "COL Price": 11.25,
    "COL ppu": "$45.00 per 1Kg",
    "COL Size": "approx. 250g"
  },
  {
    "Brand_Product_Size": "Garnier Fructis Style Surf Hair Styling Paste 150mL",
    "COL Price": 4.97,
    "COL ppu": "$3.31 per 100mL",
    "COL Size": "150mL"
  },
  {
    "Brand_Product_Size": "Wrigley's Extra Spearmint Sugar Free Chewing Gum Bottle 46 Piece 64g",
    "COL Price": 4,
    "COL ppu": "$6.25 per 100G",
    "COL Size": "64g"
  },
  {
    "Brand_Product_Size": "Coles Regular Cream Cheese Block 250g",
    "COL Price": 3.3,
    "COL ppu": "$13.20 per 1Kg",
    "COL Size": "250g"
  },
  {
    "Brand_Product_Size": "Pedigree Adult Dry Dog Food with Real Beef 8kg",
    "COL Price": 20,
    "COL ppu": "$2.50 per 1Kg",
    "COL Size": "8kg"
  },
  {
    "Brand_Product_Size": "Nice & Natural Probiotic Cranberry & Coconut Oat Bars 175g",
    "COL Price": 6,
    "COL ppu": "$3.43 per 100G",
    "COL Size": "175g"
  },
  {
    "Brand_Product_Size": "Coles Tomato Salsa Mild 300g",
    "COL Price": 1.5,
    "COL ppu": "$0.50 per 100G",
    "COL Size": "300g"
  },
  {
    "Brand_Product_Size": "Duracell Lithium Coin Batteries 1632 2 pack",
    "COL Price": 10,
    "COL ppu": "$5.00 per 1Ea",
    "COL Size": "2 pack"
  },
  {
    "Brand_Product_Size": "L'Oreal Infallible Matte Found Golden Sand 35mL",
    "COL Price": 21,
    "COL ppu": "$6.00 per 10mL",
    "COL Size": "35mL"
  },
  {
    "Brand_Product_Size": "Coles Chocolate Brownie 300g",
    "COL Price": 6,
    "COL ppu": "$2.00 per 100G",
    "COL Size": "300g"
  },
  {
    "Brand_Product_Size": "Leggo's Carbonara Pasta Sauce 490g",
    "COL Price": 3.3,
    "COL ppu": "$0.67 per 100G",
    "COL Size": "490g"
  },
  {
    "Brand_Product_Size": "Wonder Hi Fibre Wrap 8pack 560g",
    "COL Price": 4,
    "COL ppu": "$0.71 per 100G",
    "COL Size": "560g"
  },
  {
    "Brand_Product_Size": "Cenovis Mega C 1000mg Tablets 100 pack",
    "COL Price": 15,
    "COL ppu": "$0.15 per 1Ea",
    "COL Size": "100 pack"
  },
  {
    "Brand_Product_Size": "Emma & Tom's Orange Juice Straight Chilled 350mL",
    "COL Price": 3.9,
    "COL ppu": "$11.14 per 1L",
    "COL Size": "350mL"
  },
  {
    "Brand_Product_Size": "Fibre One Cinnamon Drizzle Squares 5 pack 120g",
    "COL Price": 5.5,
    "COL ppu": "$4.58 per 100G",
    "COL Size": "120g"
  },
  {
    "Brand_Product_Size": "Tom Organic The Period Cup Size 2 each",
    "COL Price": 42,
    "COL ppu": "$42.00 per 1Ea",
    "COL Size": "each"
  },
  {
    "Brand_Product_Size": "Coles White Dinner Rolls 6 pack 220g",
    "COL Price": 2,
    "COL ppu": "$0.91 per 100G",
    "COL Size": "220g"
  },
  {
    "Brand_Product_Size": "Organic Choice Premium Air Freshener Arabian Jasmine & Neroli 200mL",
    "COL Price": 10,
    "COL ppu": "$5.00 per 100mL",
    "COL Size": "200mL"
  },
  {
    "Brand_Product_Size": "Genius Gluten Free Fruit Loaf 400g",
    "COL Price": 7,
    "COL ppu": "$1.75 per 100G",
    "COL Size": "400g"
  },
  {
    "Brand_Product_Size": "Core Powerfoods Butter Chicken 350g",
    "COL Price": 9,
    "COL ppu": "$2.57 per 100G",
    "COL Size": "350g"
  },
  {
    "Brand_Product_Size": "Coles Washed Potatoes Prepacked 5kg",
    "COL Price": 5,
    "COL ppu": "$1.00 per 1Kg",
    "COL Size": "5kg"
  },
  {
    "Brand_Product_Size": "Botanica Caribbean Vetiver & Sandalwood Reed Diffuser 80mL",
    "COL Price": 8.25,
    "COL ppu": "$10.31 per 100mL",
    "COL Size": "80mL"
  },
  {
    "Brand_Product_Size": "Fodmapped Gluten Free Red Wine & Tomato Pasta Sauce 375g",
    "COL Price": 4.4,
    "COL ppu": "$1.17 per 100G",
    "COL Size": "375g"
  },
  {
    "Brand_Product_Size": "Sukin Purely Ageless Rejuvenating Day Cream 120mL",
    "COL Price": 26,
    "COL ppu": "$21.67 per 100mL",
    "COL Size": "120mL"
  },
  {
    "Brand_Product_Size": "Symintons Dandelion Instant Herbal Tea 250g",
    "COL Price": 13.2,
    "COL ppu": "$5.28 per 100G",
    "COL Size": "250g"
  },
  {
    "Brand_Product_Size": "Korbond Sewing Kit each",
    "COL Price": 9.4,
    "COL ppu": "$9.40 per 1ea",
    "COL Size": "each"
  },
  {
    "Brand_Product_Size": "Street Pepperoni Pizza 345g",
    "COL Price": 5,
    "COL ppu": "$1.45 per 100G",
    "COL Size": "345g"
  },
  {
    "Brand_Product_Size": "Marbig Colourhide Notebook 5 Subject A4 each",
    "COL Price": 8.8,
    "COL ppu": "",
    "COL Size": "each"
  },
  {
    "Brand_Product_Size": "L'Oreal Paris Age Perfect Beautifying Silver Care Hair Colour 80mL",
    "COL Price": 17.5,
    "COL ppu": "$21.88 per 100mL",
    "COL Size": "80mL"
  },
  {
    "Brand_Product_Size": "Kinder Happy Hippo Cocoa Biscuit Bar Multipack 5Pk 105g",
    "COL Price": 5,
    "COL ppu": "$4.76 per 100G",
    "COL Size": "105g"
  },
  {
    "Brand_Product_Size": "John West Wild Scottish Sardines With Lemon Chilli & Garlic Can 110g",
    "COL Price": 2.2,
    "COL ppu": "$20.00 per 1Kg",
    "COL Size": "110g"
  },
  {
    "Brand_Product_Size": "Coles Wild Caught Pink Salmon Tomato & Onion 95g",
    "COL Price": 1.5,
    "COL ppu": "$15.79 per 1Kg",
    "COL Size": "95g"
  },
  {
    "Brand_Product_Size": "Drovers Choice Beef Ribs approx. 1.4kg each",
    "COL Price": 18.2,
    "COL ppu": "$13.00 per 1Kg",
    "COL Size": "approx. 1.4kg each"
  },
  {
    "Brand_Product_Size": "Sunsweet Dried Pitted Prunes 200g",
    "COL Price": 2.9,
    "COL ppu": "$14.50 per 1Kg",
    "COL Size": "200g"
  },
  {
    "Brand_Product_Size": "Primo Cabanossi Party Bites 200g",
    "COL Price": 4.6,
    "COL ppu": "$23.00 per 1Kg",
    "COL Size": "200g"
  },
  {
    "Brand_Product_Size": "Melrose Naturals Cashew Spread 250g",
    "COL Price": 8.95,
    "COL ppu": "$3.58 per 100G",
    "COL Size": "250g"
  },
  {
    "Brand_Product_Size": "Arnott's Assorted Creams Biscuits 500g",
    "COL Price": 5.5,
    "COL ppu": "$1.10 per 100G",
    "COL Size": "500g"
  },
  {
    "Brand_Product_Size": "Restaurant Collection Grilled Garlic & Thyme Mushrooms 450g",
    "COL Price": 12.5,
    "COL ppu": "$2.78 per 100G",
    "COL Size": "450g"
  },
  {
    "Brand_Product_Size": "Coles Brid Treat Budgie & Canary Swing 450g",
    "COL Price": 4,
    "COL ppu": "$0.89 per 100G",
    "COL Size": "450g"
  },
  {
    "Brand_Product_Size": "Provoke Touch Of Silver Toning Treatment Mask 200mL",
    "COL Price": 13,
    "COL ppu": "$6.50 per 100mL",
    "COL Size": "200mL"
  },
  {
    "Brand_Product_Size": "Coles Trimmed Celery Prepacked 300g",
    "COL Price": 3.9,
    "COL ppu": "$1.30 per 100G",
    "COL Size": "300g"
  },
  {
    "Brand_Product_Size": "Coles A5 Pu Fashion Pastel Notebook each",
    "COL Price": 6.5,
    "COL ppu": "$6.50 per 1Ea",
    "COL Size": "each"
  },
  {
    "Brand_Product_Size": "Madura English Breakfast Tea Bags 50 pack 100g",
    "COL Price": 4.85,
    "COL ppu": "$4.85 per 100G",
    "COL Size": "100g"
  },
  {
    "Brand_Product_Size": "Brut Deodorant Stick For Men 75g",
    "COL Price": 2.75,
    "COL ppu": "$3.67 per 100G",
    "COL Size": "75g"
  },
  {
    "Brand_Product_Size": "Centrum Multivitamin Tablets For Men 50+ each",
    "COL Price": 20,
    "COL ppu": "$33.33 per 100Ea",
    "COL Size": "each"
  },
  {
    "Brand_Product_Size": "Naturopathica Vegan Multi Vitamins 50 pack",
    "COL Price": 20,
    "COL ppu": "$40.00 per 100Ea",
    "COL Size": "50 pack"
  },
  {
    "Brand_Product_Size": "Swisse Ultiboost Hair Skin + Nails Tablets 100 pack",
    "COL Price": 16.5,
    "COL ppu": "$0.17 per 1Ea",
    "COL Size": "100 pack"
  },
  {
    "Brand_Product_Size": "Farmers Union Iced Coffee 2L",
    "COL Price": 4.3,
    "COL ppu": "$2.15 per 1L",
    "COL Size": "2L"
  },
  {
    "Brand_Product_Size": "Liddells Lactose Free Colby Cheese Slices 250g",
    "COL Price": 6.5,
    "COL ppu": "$26.00 per 1Kg",
    "COL Size": "250g"
  },
  {
    "Brand_Product_Size": "Paesanella Cheese Buffalo Mozzarella 110g",
    "COL Price": 6,
    "COL ppu": "$54.55 per 1Kg",
    "COL Size": "110g"
  },
  {
    "Brand_Product_Size": "Mitani Classic Chicken Salt 200g",
    "COL Price": 3.45,
    "COL ppu": "$0.17 per 10G",
    "COL Size": "200g"
  },
  {
    "Brand_Product_Size": "Always Fresh Olives Black Sliced 440g",
    "COL Price": 5.5,
    "COL ppu": "$12.50 per 1Kg",
    "COL Size": "440g"
  },
  {
    "Brand_Product_Size": "Coles Seafood Rainbow Trout Fillet approx. 160g",
    "COL Price": 5.6,
    "COL ppu": "$35.00 per 1Kg",
    "COL Size": "approx. 160g"
  },
  {
    "Brand_Product_Size": "John Frieda Violet Crush Conditioner 45mL",
    "COL Price": 5,
    "COL ppu": "$11.11 per 100mL",
    "COL Size": "45mL"
  },
  {
    "Brand_Product_Size": "Wild Tides Tuna Onion And Tomato Savoury Sauce 95g",
    "COL Price": 1,
    "COL ppu": "$10.53 per 1Kg",
    "COL Size": "95g"
  },
  {
    "Brand_Product_Size": "Coles Monk Fruit And Erythritol Sweetener 200g",
    "COL Price": 7,
    "COL ppu": "$3.50 per 100G",
    "COL Size": "200g"
  },
  {
    "Brand_Product_Size": "Vibe Kitchen Shears each",
    "COL Price": 18,
    "COL ppu": "$18.00 per 1Ea",
    "COL Size": "each"
  },
  {
    "Brand_Product_Size": "Super Nature Frozen Super Pulses Chinese Chia Chicken Meal 300g",
    "COL Price": 4,
    "COL ppu": "$1.33 per 100G",
    "COL Size": "300g"
  },
  {
    "Brand_Product_Size": "Coles Bake & Create Muffin Wraps 36 pack",
    "COL Price": 3.5,
    "COL ppu": "$0.10 per 1Ea",
    "COL Size": "36 pack"
  },
  {
    "Brand_Product_Size": "Kellogg's Froot Loops Breakfast Cereal 500g",
    "COL Price": 4.25,
    "COL ppu": "$0.85 per 100G",
    "COL Size": "500g"
  },
  {
    "Brand_Product_Size": "L'Oreal Age Perfect Gold Age Night Cream 50mL",
    "COL Price": 25.9,
    "COL ppu": "$51.80 per 100mL",
    "COL Size": "50mL"
  },
  {
    "Brand_Product_Size": "Bushells Blue Label Leaf Tea Powder 250g",
    "COL Price": 3,
    "COL ppu": "$1.20 per 100G",
    "COL Size": "250g"
  },
  {
    "Brand_Product_Size": "Pauls Farmhouse Gold Vanilla Custard 800g",
    "COL Price": 4,
    "COL ppu": "$0.50 per 100G",
    "COL Size": "800g"
  },
  {
    "Brand_Product_Size": "Banana Boat Everyday Sunscreen SPF 50+ 400g",
    "COL Price": 21,
    "COL ppu": "$5.25 per 100G",
    "COL Size": "400g"
  },
  {
    "Brand_Product_Size": "Nivea Naturally Good Facial Wipes 25 pack",
    "COL Price": 7.5,
    "COL ppu": "$0.30 per 1Ea",
    "COL Size": "25 pack"
  },
  {
    "Brand_Product_Size": "Coles Brioche Chocolate Chip Rolls 8 Pack 280g",
    "COL Price": 4,
    "COL ppu": "$1.43 per 100G",
    "COL Size": "280g"
  },
  {
    "Brand_Product_Size": "Dynamo Professional Eucalyptus 7 In 1 Laundry Liquid 1.8L",
    "COL Price": 20,
    "COL ppu": "$11.11 per 1L",
    "COL Size": "1.8L"
  },
  {
    "Brand_Product_Size": "Banana Boat Simply Protect Sunscreen Lotion SPF 50+ 50g",
    "COL Price": 17,
    "COL ppu": "$34.00 per 100G",
    "COL Size": "50g"
  },
  {
    "Brand_Product_Size": "Coles Peri Peri Flavoured Mayonnaise 360g",
    "COL Price": 2.75,
    "COL ppu": "$0.76 per 100G",
    "COL Size": "360g"
  },
  {
    "Brand_Product_Size": "Liquid Ears Tws Stem Black 1 pack",
    "COL Price": 30,
    "COL ppu": "$30.00 per 1Ea",
    "COL Size": "1 pack"
  },
  {
    "Brand_Product_Size": "Coles Pork Forequarter Cutlets approx. 750g each",
    "COL Price": 9.75,
    "COL ppu": "$13.00 per 1Kg",
    "COL Size": "approx. 750g each"
  },
  {
    "Brand_Product_Size": "Coles Double Chocolate Muffins 4 pack",
    "COL Price": 3.5,
    "COL ppu": "$0.88 per 1Ea",
    "COL Size": "4 pack"
  },
  {
    "Brand_Product_Size": "Coles Bakery Rustic Veggie Scone 6 pack",
    "COL Price": 4.5,
    "COL ppu": "$0.75 per 1Ea",
    "COL Size": "6 pack"
  },
  {
    "Brand_Product_Size": "Coles Wellness Road Sweet Potato Pizza Base 250g",
    "COL Price": 4,
    "COL ppu": "$1.60 per 100G",
    "COL Size": "250g"
  },
  {
    "Brand_Product_Size": "Coles Green Kale 1 bunch",
    "COL Price": 4,
    "COL ppu": "$4.00 per 1Ea",
    "COL Size": "1 bunch"
  },
  {
    "Brand_Product_Size": "British Pork And Caramelised Onion Bag 450g",
    "COL Price": 7.5,
    "COL ppu": "$1.67 per 100G",
    "COL Size": "450g"
  },
  {
    "Brand_Product_Size": "Herbal Essences Bio Renew Smooth Golden Moringa Oil Shampoo 400mL",
    "COL Price": 12,
    "COL ppu": "$3.00 per 100mL",
    "COL Size": "400mL"
  },
  {
    "Brand_Product_Size": "Aveeno Skin Relief Lotion 1L",
    "COL Price": 29,
    "COL ppu": "$2.90 per 100mL",
    "COL Size": "1L"
  },
  {
    "Brand_Product_Size": "L.O.L All-star B.B.S Assortment each",
    "COL Price": 18,
    "COL ppu": "$18.00 per 1Ea",
    "COL Size": "each"
  },
  {
    "Brand_Product_Size": "Coles Finest By Laurent Traditional Brioche Burger Buns 2 pack",
    "COL Price": 2.7,
    "COL ppu": "$1.35 per 1Ea",
    "COL Size": "2 pack"
  },
  {
    "Brand_Product_Size": "My Dog Tender Chicken & Turkey Dog Food 400g",
    "COL Price": 2.2,
    "COL ppu": "$0.55 per 100G",
    "COL Size": "400g"
  },
  {
    "Brand_Product_Size": "Yumi's Gluten Free Avocado With Sea Salt Dip 200g",
    "COL Price": 3,
    "COL ppu": "$1.50 per 100G",
    "COL Size": "200g"
  },
  {
    "Brand_Product_Size": "Lifestyle Bakery Bread Crumbs Gluten Free 350g",
    "COL Price": 4.9,
    "COL ppu": "$1.40 per 100G",
    "COL Size": "350g"
  },
  {
    "Brand_Product_Size": "Tamar Valley Kids Natural Greek Tropical Yoghurt Pouch 110g",
    "COL Price": 1.3,
    "COL ppu": "$1.18 per 100G",
    "COL Size": "110g"
  },
  {
    "Brand_Product_Size": "Avalanche Caramel Sugar Free Coffee Sachets 10 pack",
    "COL Price": 5.5,
    "COL ppu": "$0.55 per 1Ea",
    "COL Size": "10 pack"
  },
  {
    "Brand_Product_Size": "Polident 3 Minute Daily Cleanser For Denture 66 pack",
    "COL Price": 10,
    "COL ppu": "$0.15 per 1Ea",
    "COL Size": "66 pack"
  },
  {
    "Brand_Product_Size": "Energizer Lightning Cable 1.2M White 1 pack",
    "COL Price": 20,
    "COL ppu": "$20.00 per 1Ea",
    "COL Size": "1 pack"
  },
  {
    "Brand_Product_Size": "Cottee's Fruit Cup Cordial 1L",
    "COL Price": 4.2,
    "COL ppu": "$4.20 per 1L",
    "COL Size": "1L"
  },
  {
    "Brand_Product_Size": "Rascal & Friends Eco Nappies Size 4 Toddler 36 pack",
    "COL Price": 19,
    "COL ppu": "",
    "COL Size": "36 pack"
  },
  {
    "Brand_Product_Size": "Danone Ultimate Limited Edition Creamy Salted Caramel Yoghurt 4 pack",
    "COL Price": 4.5,
    "COL ppu": "$0.98 per 100G",
    "COL Size": "4 pack"
  },
  {
    "Brand_Product_Size": "Coles Deli Salad Tubs Snack Curried Pumpkin Cous Cous Salad each",
    "COL Price": 3,
    "COL ppu": "$3.00 per 1Ea",
    "COL Size": "each"
  },
  {
    "Brand_Product_Size": "Coles Mineral Water Orange & Mango 1.25L",
    "COL Price": 1,
    "COL ppu": "$0.80 per 1L",
    "COL Size": "1.25L"
  },
  {
    "Brand_Product_Size": "Coles Gluten Free Five Seed Bread 500g",
    "COL Price": 4.5,
    "COL ppu": "$0.90 per 100G",
    "COL Size": "500g"
  },
  {
    "Brand_Product_Size": "Mortein Power Gard DIY Surface Spray 750mL",
    "COL Price": 16,
    "COL ppu": "$2.13 per 100mL",
    "COL Size": "750mL"
  },
  {
    "Brand_Product_Size": "Coles Fennel 1 bunch",
    "COL Price": 2.5,
    "COL ppu": "$2.50 per 1Ea",
    "COL Size": "1 bunch"
  },
  {
    "Brand_Product_Size": "Hask Blue Chamomile & Argan Oil Blonde Care Conditioner 355mL",
    "COL Price": 15,
    "COL ppu": "$4.23 per 100mL",
    "COL Size": "355mL"
  },
  {
    "Brand_Product_Size": "Coles Heat Pack Silicone Bead each",
    "COL Price": 14,
    "COL ppu": "$14.00 per 1Ea",
    "COL Size": "each"
  },
  {
    "Brand_Product_Size": "Argeta Halal Chicken Spread 95g",
    "COL Price": 2.1,
    "COL ppu": "$2.21 per 100G",
    "COL Size": "95g"
  },
  {
    "Brand_Product_Size": "CSR Brown Sugar 500g",
    "COL Price": 2.15,
    "COL ppu": "$0.43 per 100G",
    "COL Size": "500g"
  },
  {
    "Brand_Product_Size": "Coles Deli Salads Tub Bulk Classic Potato each",
    "COL Price": 12,
    "COL ppu": "$12.00 per 1Ea",
    "COL Size": "each"
  },
  {
    "Brand_Product_Size": "Pot Noodles Bombay Bad Boy 90g",
    "COL Price": 3.35,
    "COL ppu": "$3.72 per 100G",
    "COL Size": "90g"
  },
  {
    "Brand_Product_Size": "Baxters Fig Date & Balsamic Chutney 235g",
    "COL Price": 3.5,
    "COL ppu": "$1.49 per 100G",
    "COL Size": "235g"
  },
  {
    "Brand_Product_Size": "Queen Unicorn Confetti Sprinkles 110g",
    "COL Price": 4,
    "COL ppu": "$3.64 per 100G",
    "COL Size": "110g"
  },
  {
    "Brand_Product_Size": "Nestle Bakers' Choice Dark Chocolate Bits 200g",
    "COL Price": 3.95,
    "COL ppu": "$1.98 per 100G",
    "COL Size": "200g"
  },
  {
    "Brand_Product_Size": "Belvita Chocolate Breakfast Biscuit6 Pack 300g",
    "COL Price": 4,
    "COL ppu": "$1.33 per 100G",
    "COL Size": "300g"
  },
  {
    "Brand_Product_Size": "St Remio Coffee Expressi/Caffitaly Compatible Intense Capsules 10 pack",
    "COL Price": 3.75,
    "COL ppu": "$0.38 per 1Ea",
    "COL Size": "10 pack"
  },
  {
    "Brand_Product_Size": "Berocca Energy Vitamin 50+ With Natural Ginseng 30 Effervescent Tablets 1 pack",
    "COL Price": 17.5,
    "COL ppu": "$17.50 per 1Ea",
    "COL Size": "1 pack"
  },
  {
    "Brand_Product_Size": "Lavazza Smooth And Aromatic Medium Roast Ground Coffee 1kg",
    "COL Price": 30,
    "COL ppu": "$3.00 per 100G",
    "COL Size": "1kg"
  },
  {
    "Brand_Product_Size": "Aunt Betty's Gluten Free Chocolate Pudding 2 Pieces 190g",
    "COL Price": 4,
    "COL ppu": "$2.11 per 100G",
    "COL Size": "190g"
  },
  {
    "Brand_Product_Size": "Coles Fresh Loose Cup Mushrooms approx. 200g",
    "COL Price": 2.2,
    "COL ppu": "$11.00 per 1Kg",
    "COL Size": "approx. 200g"
  },
  {
    "Brand_Product_Size": "Jonny's Caramel Popcorn Delights 142g",
    "COL Price": 2.8,
    "COL ppu": "$1.97 per 100G",
    "COL Size": "142g"
  },
  {
    "Brand_Product_Size": "Fable Plant Based Mealsstroganoff 350g",
    "COL Price": 9.95,
    "COL ppu": "$2.84 per 100G",
    "COL Size": "350g"
  },
  {
    "Brand_Product_Size": "Dine Cuts In Gravy With Beef And Liver Wet Cat Food 85g Tray 7 pack",
    "COL Price": 7.5,
    "COL ppu": "$1.26 per 100G",
    "COL Size": "7 pack"
  },
  {
    "Brand_Product_Size": "Masterfoods Sicilian Style Chicken Cooking Sauce 500g",
    "COL Price": 3.7,
    "COL ppu": "$0.74 per 100G",
    "COL Size": "500g"
  },
  {
    "Brand_Product_Size": "Kirks Sugar Free Lemonade 1.25L",
    "COL Price": 1.15,
    "COL ppu": "$0.92 per 1L",
    "COL Size": "1.25L"
  },
  {
    "Brand_Product_Size": "Plantry Meal Frozen Pad Thai 350g",
    "COL Price": 6,
    "COL ppu": "$1.71 per 100G",
    "COL Size": "350g"
  },
  {
    "Brand_Product_Size": "Surf Life Saving Sunscreen SPF 50+ 1L",
    "COL Price": 25,
    "COL ppu": "$25.00 per 1L",
    "COL Size": "1L"
  },
  {
    "Brand_Product_Size": "Coles Apple Fruit Drink 1L",
    "COL Price": 1.1,
    "COL ppu": "$1.10 per 1L",
    "COL Size": "1L"
  },
  {
    "Brand_Product_Size": "Garnier Fructis Nutri-Repair 3 Conditioner 850mL",
    "COL Price": 7.5,
    "COL ppu": "$0.88 per 100mL",
    "COL Size": "850mL"
  },
  {
    "Brand_Product_Size": "Sunrice Mini Bites Chicken 8 pack 160g",
    "COL Price": 4,
    "COL ppu": "$2.50 per 100G",
    "COL Size": "160g"
  },
  {
    "Brand_Product_Size": "Go Natural Almond, Apricot & Coconut Bar 5 pack",
    "COL Price": 5.4,
    "COL ppu": "$3.09 per 100G",
    "COL Size": "5 pack"
  },
  {
    "Brand_Product_Size": "San Remo La Pasta Chicken Curry Flavour Pasta & Sauce 80g",
    "COL Price": 1,
    "COL ppu": "$1.25 per 100G",
    "COL Size": "80g"
  },
  {
    "Brand_Product_Size": "Goulburn Valley Fruit Salad In Juice 170g 2 pack",
    "COL Price": 4,
    "COL ppu": "$1.18 per 100G",
    "COL Size": "2 pack"
  },
  {
    "Brand_Product_Size": "Cadbury Dairy Milk Mousse Cake 450g",
    "COL Price": 10,
    "COL ppu": "$2.22 per 100G",
    "COL Size": "450g"
  },
  {
    "Brand_Product_Size": "Coles Natures Kitchen Vegetable Sauce 425g",
    "COL Price": 3.7,
    "COL ppu": "$0.87 per 100G",
    "COL Size": "425g"
  },
  {
    "Brand_Product_Size": "Optimum Adult With Chicken & Rice Wet Dog Food Can 400g",
    "COL Price": 2.6,
    "COL ppu": "$0.65 per 100G",
    "COL Size": "400g"
  },
  {
    "Brand_Product_Size": "Palmolive Vanilla & Sweet Almond Foaming Hand Wash 400mL",
    "COL Price": 5,
    "COL ppu": "$1.25 per 100mL",
    "COL Size": "400mL"
  },
  {
    "Brand_Product_Size": "Coles Pitted Kalamata Olives In Brine 345g",
    "COL Price": 3,
    "COL ppu": "$0.87 per 100G",
    "COL Size": "345g"
  },
  {
    "Brand_Product_Size": "Ocean Blue Smoked Salmon 350g",
    "COL Price": 13.5,
    "COL ppu": "$38.57 per 1Kg",
    "COL Size": "350g"
  },
  {
    "Brand_Product_Size": "Vaseline Intensive Care Dry Skin Body Lotion Deep Restore 225mL",
    "COL Price": 4.5,
    "COL ppu": "$2.00 per 100mL",
    "COL Size": "225mL"
  },
  {
    "Brand_Product_Size": "Primo Traditional Bacon Pieces approx. 250g",
    "COL Price": 2.75,
    "COL ppu": "$11.00 per 1Kg",
    "COL Size": "approx. 250g"
  },
  {
    "Brand_Product_Size": "Coles Pork Mini Shoulder Roast Boneless approx. 1kg",
    "COL Price": 10,
    "COL ppu": "$10.00 per 1Kg",
    "COL Size": "approx. 1kg"
  },
  {
    "Brand_Product_Size": "Cook & Dine Spin Wash Entree Plates 4 pack",
    "COL Price": 16,
    "COL ppu": "$4.00 per 1Ea",
    "COL Size": "4 pack"
  },
  {
    "Brand_Product_Size": "Scunci Scrunchies Large 3 pieces 1 pack",
    "COL Price": 10,
    "COL ppu": "$10.00 per 1Ea",
    "COL Size": "1 pack"
  },
  {
    "Brand_Product_Size": "Coles Spaghetti Pasta 500g",
    "COL Price": 0.8,
    "COL ppu": "$0.16 per 100G",
    "COL Size": "500g"
  },
  {
    "Brand_Product_Size": "Nescafe Coffee Sachets Strong Cappuccino 26 pack",
    "COL Price": 11,
    "COL ppu": "$0.42 per 1Ea",
    "COL Size": "26 pack"
  },
  {
    "Brand_Product_Size": "Hermesetas Mini Sweeteners Bonus 400 pack",
    "COL Price": 4,
    "COL ppu": "$0.01 per 1Ea",
    "COL Size": "400 pack"
  },
  {
    "Brand_Product_Size": "Easiyo Greek Style Honey Yoghurt 210g",
    "COL Price": 4.7,
    "COL ppu": "$2.24 per 100G",
    "COL Size": "210g"
  },
  {
    "Brand_Product_Size": "Chia Thai Salad Dressing 350mL",
    "COL Price": 5,
    "COL ppu": "$1.43 per 100G",
    "COL Size": "350mL"
  },
  {
    "Brand_Product_Size": "Nivea Men Refreshing Face Wash + Aloe Vera 150mL",
    "COL Price": 12,
    "COL ppu": "$8.00 per 100mL",
    "COL Size": "150mL"
  },
  {
    "Brand_Product_Size": "Darrell Lea Peppermint Partytime Dark Choc Block 180g",
    "COL Price": 3,
    "COL ppu": "$1.67 per 100G",
    "COL Size": "180g"
  },
  {
    "Brand_Product_Size": "Floradix Liquid Herbal Iron Extract 250mL",
    "COL Price": 27,
    "COL ppu": "$10.80 per 100mL",
    "COL Size": "250mL"
  },
  {
    "Brand_Product_Size": "Bounce Gluten Free Almond Natural Energy Ball 49g",
    "COL Price": 2,
    "COL ppu": "$0.41 per 10G",
    "COL Size": "49g"
  },
  {
    "Brand_Product_Size": "Mix Silky Sheer Pantyhose Natural X-Tall 1 pack",
    "COL Price": 4,
    "COL ppu": "$4.00 per 1Ea",
    "COL Size": "1 pack"
  },
  {
    "Brand_Product_Size": "Nature's Organics Frequent Use Wild Berry Shampoo 500mL",
    "COL Price": 1.9,
    "COL ppu": "$0.38 per 100mL",
    "COL Size": "500mL"
  },
  {
    "Brand_Product_Size": "Cook & Dine Plastic Clear Wine Glasses 10 pack",
    "COL Price": 3,
    "COL ppu": "$0.30 per 1Ea",
    "COL Size": "10 pack"
  },
  {
    "Brand_Product_Size": "Always Fresh Grilled Eggplant Sliced 320g",
    "COL Price": 5,
    "COL ppu": "$15.63 per 1Kg",
    "COL Size": "320g"
  },
  {
    "Brand_Product_Size": "Health Lab Almond Nut Butter Balls 40g",
    "COL Price": 3,
    "COL ppu": "$7.50 per 100G",
    "COL Size": "40g"
  },
  {
    "Brand_Product_Size": "Coles Frozen  Sweet Chilli Chicken Breast Tenders 400g",
    "COL Price": 3.5,
    "COL ppu": "$8.75 per 1Kg",
    "COL Size": "400g"
  },
  {
    "Brand_Product_Size": "Chobani Fit X Vanilla Cookie Crush Yoghurt 140g",
    "COL Price": 3.5,
    "COL ppu": "$2.50 per 100G",
    "COL Size": "140g"
  },
  {
    "Brand_Product_Size": "Cadbury White Milk Chocolate Melting Buttons 225g",
    "COL Price": 3,
    "COL ppu": "$1.33 per 100G",
    "COL Size": "225g"
  },
  {
    "Brand_Product_Size": "Vitaqik Liposomal D3 & K2 Spray 50mL",
    "COL Price": 10,
    "COL ppu": "$20.00 per 100mL",
    "COL Size": "50mL"
  },
  {
    "Brand_Product_Size": "Lucky Chicken Eggs RSPCA Approved Free Range Large Eggs 12 pack 600g",
    "COL Price": 6.5,
    "COL ppu": "$1.08 per 100G",
    "COL Size": "600g"
  },
  {
    "Brand_Product_Size": "Gaviscon Dual Action Liquid Mixed Berry 600mL",
    "COL Price": 15.7,
    "COL ppu": "$2.62 per 100mL",
    "COL Size": "600mL"
  },
  {
    "Brand_Product_Size": "Weight Watchers Beef Bolognese 320g",
    "COL Price": 4,
    "COL ppu": "$1.25 per 100G",
    "COL Size": "320g"
  },
  {
    "Brand_Product_Size": "Wonder White Bread Wholemeal Plus Iron 700g",
    "COL Price": 3.4,
    "COL ppu": "$0.49 per 100G",
    "COL Size": "700g"
  },
  {
    "Brand_Product_Size": "Organic Care Handwash Lemongrass & Ginger 400mL",
    "COL Price": 3.5,
    "COL ppu": "$0.88 per 100mL",
    "COL Size": "400mL"
  },
  {
    "Brand_Product_Size": "Ayam Fish Sauce 210mL",
    "COL Price": 3.5,
    "COL ppu": "$1.67 per 100mL",
    "COL Size": "210mL"
  },
  {
    "Brand_Product_Size": "Kinder Happy Hippo Hazelnut Biscuit Bar Multipack 5Pk 105g",
    "COL Price": 5,
    "COL ppu": "$4.76 per 100G",
    "COL Size": "105g"
  },
  {
    "Brand_Product_Size": "Arizona Green Iced Tea 1.5L",
    "COL Price": 3.4,
    "COL ppu": "$2.27 per 1L",
    "COL Size": "1.5L"
  },
  {
    "Brand_Product_Size": "Allure By Tempo Mango & Passionfruit Yoghurt 200g",
    "COL Price": 2.85,
    "COL ppu": "$1.43 per 100G",
    "COL Size": "200g"
  },
  {
    "Brand_Product_Size": "Vicks Vapodrop + Cough Orange Menthol Lozenges 36 pack",
    "COL Price": 9,
    "COL ppu": "$0.25 per 1Ea",
    "COL Size": "36 pack"
  },
  {
    "Brand_Product_Size": "Coles Balsamic Vinegar 500mL",
    "COL Price": 2.7,
    "COL ppu": "$0.54 per 100mL",
    "COL Size": "500mL"
  },
  {
    "Brand_Product_Size": "Rocco's Cheese Kransky each",
    "COL Price": 2.3,
    "COL ppu": "$2.30 per 1Ea",
    "COL Size": "each"
  },
  {
    "Brand_Product_Size": "Baxters Caramelised Onion Relish 240g",
    "COL Price": 3.5,
    "COL ppu": "$1.46 per 100G",
    "COL Size": "240g"
  },
  {
    "Brand_Product_Size": "Uncle Tobys Oats Delicious Blends Raspberry Roasted Almond & Vanilla 320g",
    "COL Price": 2.75,
    "COL ppu": "$0.86 per 100G",
    "COL Size": "320g"
  },
  {
    "Brand_Product_Size": "MasterFoods Ground Mild Paprika 115g",
    "COL Price": 6.25,
    "COL ppu": "$0.54 per 10G",
    "COL Size": "115g"
  },
  {
    "Brand_Product_Size": "Keep It Cleaner Gluten Free Green Pea Penne Pasta 250g",
    "COL Price": 4,
    "COL ppu": "$1.60 per 100G",
    "COL Size": "250g"
  },
  {
    "Brand_Product_Size": "Lindt Excellence Cacao Chocolate 50g",
    "COL Price": 5,
    "COL ppu": "$10.00 per 100G",
    "COL Size": "50g"
  },
  {
    "Brand_Product_Size": "Kellogg's Frosties Breakfast Cereal 350g",
    "COL Price": 4.95,
    "COL ppu": "$1.41 per 100G",
    "COL Size": "350g"
  },
  {
    "Brand_Product_Size": "Naturopathica Fat Blaster Max Tablets 60 pack",
    "COL Price": 40,
    "COL ppu": "$66.67 per 100Ea",
    "COL Size": "60 pack"
  },
  {
    "Brand_Product_Size": "John West Spanish Mussels Escabeche Sauce 110g",
    "COL Price": 4,
    "COL ppu": "$36.36 per 1Kg",
    "COL Size": "110g"
  },
  {
    "Brand_Product_Size": "Coles Basil Pesto Gourmet Dips 150g",
    "COL Price": 2.7,
    "COL ppu": "$1.80 per 100G",
    "COL Size": "150g"
  },
  {
    "Brand_Product_Size": "Cook & Dine Silicon Head Tong 30cm each",
    "COL Price": 5,
    "COL ppu": "$5.00 per 1Ea",
    "COL Size": "each"
  },
  {
    "Brand_Product_Size": "Maybelline Colour Sensational Shaping Lip Liner Magnetic Mauve 0.5g",
    "COL Price": 9.8,
    "COL ppu": "$196.00 per 10G",
    "COL Size": "0.5g"
  },
  {
    "Brand_Product_Size": "Cook & Dine Mixing Bowl 26cm each",
    "COL Price": 6,
    "COL ppu": "$6.00 per 1Ea",
    "COL Size": "each"
  },
  {
    "Brand_Product_Size": "Laucke Wholemeal Bread Mix 2.4kg",
    "COL Price": 10.25,
    "COL ppu": "$4.27 per 1Kg",
    "COL Size": "2.4kg"
  },
  {
    "Brand_Product_Size": "McKenzie's SuperBlend Fibre Freekeh Lentils & Beans 350g",
    "COL Price": 3.95,
    "COL ppu": "$1.13 per 100G",
    "COL Size": "350g"
  },
  {
    "Brand_Product_Size": "Dainty Food Sabra Red Cabbage In Mayo Dip 250g",
    "COL Price": 7.5,
    "COL ppu": "$3.00 per 100G",
    "COL Size": "250g"
  },
  {
    "Brand_Product_Size": "Poppin Butter Microwave Popcorn 400g",
    "COL Price": 4,
    "COL ppu": "$1.00 per 100G",
    "COL Size": "400g"
  },
  {
    "Brand_Product_Size": "Ayam Mongolian Lamb Sauce 210mL",
    "COL Price": 3.5,
    "COL ppu": "$1.67 per 100mL",
    "COL Size": "210mL"
  },
  {
    "Brand_Product_Size": "G Active Mango Flavoured Electrolyte Water 600mL",
    "COL Price": 3.5,
    "COL ppu": "$5.83 per 1L",
    "COL Size": "600mL"
  },
  {
    "Brand_Product_Size": "Infacol Wind Drops 50mL",
    "COL Price": 15,
    "COL ppu": "$30.00 per 100mL",
    "COL Size": "50mL"
  },
  {
    "Brand_Product_Size": "Obela Classic Tzatziki Crackers 125g",
    "COL Price": 3,
    "COL ppu": "$2.40 per 100G",
    "COL Size": "125g"
  },
  {
    "Brand_Product_Size": "Yumi's Gluten Free Roasted Beetroot Classic Dip 200g",
    "COL Price": 3,
    "COL ppu": "$1.50 per 100G",
    "COL Size": "200g"
  },
  {
    "Brand_Product_Size": "Golden Circle Apple Juice 2L",
    "COL Price": 3,
    "COL ppu": "$1.50 per 1L",
    "COL Size": "2L"
  },
  {
    "Brand_Product_Size": "Coles Bakery Rustic Veggie Scone 6 pack",
    "COL Price": 4.5,
    "COL ppu": "$0.75 per 1Ea",
    "COL Size": "6 pack"
  },
  {
    "Brand_Product_Size": "Nood Wild Caught Salmon Recipe With Garden Vegetables Dog Food 100g 12 pack",
    "COL Price": 15,
    "COL ppu": "$12.50 per 1Kg",
    "COL Size": "12 pack"
  },
  {
    "Brand_Product_Size": "Lindt Lindor Heart Tin 147g",
    "COL Price": 15,
    "COL ppu": "$10.20 per 100G",
    "COL Size": "147g"
  },
  {
    "Brand_Product_Size": "Cook & Dine White Paper Dinner Plate 20 pack",
    "COL Price": 1.5,
    "COL ppu": "$0.08 per 1Ea",
    "COL Size": "20 pack"
  },
  {
    "Brand_Product_Size": "Bach Rescue Remedy Cranberry Pastilles 50g",
    "COL Price": 13,
    "COL ppu": "$26.00 per 100G",
    "COL Size": "50g"
  },
  {
    "Brand_Product_Size": "Nestle Nesquik Strawberry Flavoured Milk Drink 250g",
    "COL Price": 2.8,
    "COL ppu": "$1.12 per 100G",
    "COL Size": "250g"
  },
  {
    "Brand_Product_Size": "Freedom Foods Messy Monkeys Low Fat A2 Protein Long Life Milk 6x200mL 6 pack",
    "COL Price": 2.5,
    "COL ppu": "$2.08 per 1L",
    "COL Size": "6 pack"
  },
  {
    "Brand_Product_Size": "Indomie Mi Goreng Spicy Beef Flavour Rendang Instant Noodles 80g",
    "COL Price": 0.7,
    "COL ppu": "$0.88 per 100G",
    "COL Size": "80g"
  },
  {
    "Brand_Product_Size": "Skyn Massage Gel Sensual Touch 200g",
    "COL Price": 13,
    "COL ppu": "$6.50 per 100G",
    "COL Size": "200g"
  },
  {
    "Brand_Product_Size": "Peckish Sea Salt & Vinegar Rice Crackers 100g",
    "COL Price": 2.2,
    "COL ppu": "$2.20 per 100G",
    "COL Size": "100g"
  },
  {
    "Brand_Product_Size": "Mckenzies Whole Green Lentils 2.5kg",
    "COL Price": 6,
    "COL ppu": "$2.40 per 1Kg",
    "COL Size": "2.5kg"
  },
  {
    "Brand_Product_Size": "Coles Exotic Enoki Mushrooms 100g",
    "COL Price": 6,
    "COL ppu": "$60.00 per 1Kg",
    "COL Size": "100g"
  },
  {
    "Brand_Product_Size": "Dolmio Extra Spicy Pepper Pasta Sauce 500g",
    "COL Price": 1.64,
    "COL ppu": "$0.33 per 100G",
    "COL Size": "500g"
  },
  {
    "Brand_Product_Size": "McCain Frozen Healthy Choice Butter Chicken With Steamed Rice 300g",
    "COL Price": 4,
    "COL ppu": "$1.33 per 100G",
    "COL Size": "300g"
  },
  {
    "Brand_Product_Size": "Senza Gluten Free Pizza Base 220g",
    "COL Price": 5,
    "COL ppu": "$2.27 per 100G",
    "COL Size": "220g"
  },
  {
    "Brand_Product_Size": "Core Power Foods Crunchy Satay Chicken 350g",
    "COL Price": 9,
    "COL ppu": "$2.57 per 100G",
    "COL Size": "350g"
  },
  {
    "Brand_Product_Size": "U By Kotex Sport Active Liners 30 pack",
    "COL Price": 3.5,
    "COL ppu": "$0.12 per 1Ea",
    "COL Size": "30 pack"
  },
  {
    "Brand_Product_Size": "Coles Banana Muffin Bars 10pack 420g",
    "COL Price": 5,
    "COL ppu": "$1.19 per 100G",
    "COL Size": "420g"
  },
  {
    "Brand_Product_Size": "Peters Frosty Fruits Summer Sunset 8 pack 600mL",
    "COL Price": 7,
    "COL ppu": "$1.17 per 100mL",
    "COL Size": "600mL"
  },
  {
    "Brand_Product_Size": "Bega Cream Cheese Spread Bold 250g",
    "COL Price": 3.8,
    "COL ppu": "$15.20 per 1Kg",
    "COL Size": "250g"
  },
  {
    "Brand_Product_Size": "Heinz Big'n Chunky Soup Beef & Veggies 535g",
    "COL Price": 2.5,
    "COL ppu": "$0.47 per 100G",
    "COL Size": "535g"
  },
  {
    "Brand_Product_Size": "Dairy Farmers A2 Protein Light Milk 2L",
    "COL Price": 4.2,
    "COL ppu": "$2.10 per 1L",
    "COL Size": "2L"
  },
  {
    "Brand_Product_Size": "OMO Sensitive Front & Top Loader Laundry Detergent Washing Powder 5kg",
    "COL Price": 30,
    "COL ppu": "$6.00 per 1Kg",
    "COL Size": "5kg"
  },
  {
    "Brand_Product_Size": "Old El Paso Regular Tortillas 6 pack 240g",
    "COL Price": 3,
    "COL ppu": "$1.25 per 100G",
    "COL Size": "240g"
  },
  {
    "Brand_Product_Size": "Coles Bakery BBQ Cheese And Bacon Mini Pizza Rolls 6 pack",
    "COL Price": 3.5,
    "COL ppu": "$0.58 per 1Ea",
    "COL Size": "6 pack"
  },
  {
    "Brand_Product_Size": "Red Rock Deli Sea Salt & Balsamic Vinegar Potato Chips 165g",
    "COL Price": 3,
    "COL ppu": "$1.82 per 100G",
    "COL Size": "165g"
  },
  {
    "Brand_Product_Size": "Coles Wildberry Sports Drink 750mL",
    "COL Price": 1.85,
    "COL ppu": "$0.25 per 100mL",
    "COL Size": "750mL"
  },
  {
    "Brand_Product_Size": "L'Oreal Revitalift Laser X3 Night Cream 50mL",
    "COL Price": 31.5,
    "COL ppu": "$63.00 per 100mL",
    "COL Size": "50mL"
  },
  {
    "Brand_Product_Size": "Coles Pancake Shake Mix Original 350g",
    "COL Price": 1.5,
    "COL ppu": "$0.43 per 100G",
    "COL Size": "350g"
  },
  {
    "Brand_Product_Size": "Whiskas 1+ Years Wet Cat Food With Beef Mince Can 400g",
    "COL Price": 1.75,
    "COL ppu": "$0.44 per 100G",
    "COL Size": "400g"
  },
  {
    "Brand_Product_Size": "Streets Blue Ribbon Chocolate Brownie 1L",
    "COL Price": 6,
    "COL ppu": "$6.00 per 1L",
    "COL Size": "1L"
  },
  {
    "Brand_Product_Size": "The Natural Confectionary Co. Snakes Lollies 260g",
    "COL Price": 2,
    "COL ppu": "$0.77 per 100G",
    "COL Size": "260g"
  },
  {
    "Brand_Product_Size": "Herbal Essences Hello Hydration Conditioner 300mL",
    "COL Price": 6.5,
    "COL ppu": "$2.17 per 100mL",
    "COL Size": "300mL"
  },
  {
    "Brand_Product_Size": "D'Orsogna Cacciatora Mild 225g",
    "COL Price": 6.6,
    "COL ppu": "$29.33 per 1Kg",
    "COL Size": "225g"
  },
  {
    "Brand_Product_Size": "Four Seasons Glow In Dark Lubricant 100mL",
    "COL Price": 6.2,
    "COL ppu": "$6.20 per 100mL",
    "COL Size": "100mL"
  },
  {
    "Brand_Product_Size": "Coles Bakery White Crusty Entertainer Rolls 10 pack",
    "COL Price": 2.5,
    "COL ppu": "$0.25 per 1Ea",
    "COL Size": "10 pack"
  },
  {
    "Brand_Product_Size": "Paper Mate Liquid Paper Dryline Grip Correction Tape each",
    "COL Price": 5.5,
    "COL ppu": "$5.50 per 1Ea",
    "COL Size": "each"
  },
  {
    "Brand_Product_Size": "Jindi Triple Cream Brie 180g",
    "COL Price": 7,
    "COL ppu": "$38.89 per 1Kg",
    "COL Size": "180g"
  },
  {
    "Brand_Product_Size": "Yaru Still Spring Water 500mL",
    "COL Price": 1.65,
    "COL ppu": "$3.30 per 1L",
    "COL Size": "500mL"
  },
  {
    "Brand_Product_Size": "Hikari Wakame Instant Miso Soup 12 pack 216g",
    "COL Price": 3.85,
    "COL ppu": "$1.78 per 100G",
    "COL Size": "216g"
  },
  {
    "Brand_Product_Size": "Food For Health Raspberry & Coconut Gluten Free Porridge 240g",
    "COL Price": 8,
    "COL ppu": "$3.33 per 100G",
    "COL Size": "240g"
  },
  {
    "Brand_Product_Size": "Streets Magnum Classic Ice Cream Sticks 4 pack 428mL",
    "COL Price": 4.5,
    "COL ppu": "$1.05 per 100mL",
    "COL Size": "428mL"
  },
  {
    "Brand_Product_Size": "Birds Eye Frozen Steam Fresh Bean Broccoli & Sugar Snap Peas 3 pack 450g",
    "COL Price": 2.8,
    "COL ppu": "$6.22 per 1Kg",
    "COL Size": "450g"
  },
  {
    "Brand_Product_Size": "The Natural Cracker Co Crackers Crispy Taco 160g",
    "COL Price": 1.75,
    "COL ppu": "$1.09 per 100G",
    "COL Size": "160g"
  },
  {
    "Brand_Product_Size": "Dove Beauty Soap Bar Regular 4 pack 400g",
    "COL Price": 6.8,
    "COL ppu": "$1.70 per 100G",
    "COL Size": "400g"
  },
  {
    "Brand_Product_Size": "Scrub Mommy Pink 1 pack",
    "COL Price": 4,
    "COL ppu": "$4.00 per 1Ea",
    "COL Size": "1 pack"
  },
  {
    "Brand_Product_Size": "Maybelline Dream Fresh BB Cream Medium 30mL",
    "COL Price": 11.9,
    "COL ppu": "$3.97 per 10mL",
    "COL Size": "30mL"
  },
  {
    "Brand_Product_Size": "The Happy Snack Company Lightly Salted Crunchy Roasted Chickpeas 200g",
    "COL Price": 4.25,
    "COL ppu": "$2.13 per 100G",
    "COL Size": "200g"
  },
  {
    "Brand_Product_Size": "Coles Waterproof Medistrips 20 pack",
    "COL Price": 2.15,
    "COL ppu": "$0.11 per 1Ea",
    "COL Size": "20 pack"
  },
  {
    "Brand_Product_Size": "Prime Chicken Jerky Dog Treat 100g",
    "COL Price": 5.45,
    "COL ppu": "$5.45 per 100G",
    "COL Size": "100g"
  },
  {
    "Brand_Product_Size": "Yumi's Dill Aioli 200g",
    "COL Price": 3.7,
    "COL ppu": "$1.85 per 100G",
    "COL Size": "200g"
  },
  {
    "Brand_Product_Size": "Bosisto's Sleep Pure Essential Oil 15mL",
    "COL Price": 17,
    "COL ppu": "$113.34 per 100mL",
    "COL Size": "15mL"
  },
  {
    "Brand_Product_Size": "Coles Natures Kitchen Five Grain Ciabatta 210g",
    "COL Price": 2.8,
    "COL ppu": "$1.33 per 100G",
    "COL Size": "210g"
  },
  {
    "Brand_Product_Size": "Hoyts Basil 15g",
    "COL Price": 1.8,
    "COL ppu": "$1.20 per 10G",
    "COL Size": "15g"
  },
  {
    "Brand_Product_Size": "Cook & Dine Patterned Serving Bowl each",
    "COL Price": 4.8,
    "COL ppu": "$4.80 per 1Ea",
    "COL Size": "each"
  },
  {
    "Brand_Product_Size": "Table Of Plenty Balance Plus Muesli Digestive Care 400g",
    "COL Price": 7.2,
    "COL ppu": "$1.80 per 100G",
    "COL Size": "400g"
  },
  {
    "Brand_Product_Size": "Beerenberg Caramelised Onion Chutney 280g",
    "COL Price": 5,
    "COL ppu": "$1.79 per 100G",
    "COL Size": "280g"
  },
  {
    "Brand_Product_Size": "Clio Eco 80D Opaque Tight Black Tall/ X-Tall each",
    "COL Price": 12,
    "COL ppu": "$12.00 per 1Ea",
    "COL Size": "each"
  },
  {
    "Brand_Product_Size": "Lifebuoy Hand Sanitiser Spray 150mL",
    "COL Price": 7.5,
    "COL ppu": "$5.00 per 100mL",
    "COL Size": "150mL"
  },
  {
    "Brand_Product_Size": "Dynamo Professional Odour Et Discs 28 pack",
    "COL Price": 24,
    "COL ppu": "$0.86 per 1Ea",
    "COL Size": "28 pack"
  },
  {
    "Brand_Product_Size": "Coles Irresistible Vanilla Ice Cream 1L",
    "COL Price": 5,
    "COL ppu": "$0.50 per 100mL",
    "COL Size": "1L"
  },
  {
    "Brand_Product_Size": "Coles MSC XL Thawed Seafood Raw Ocean Tiger Prawns approx. 250g",
    "COL Price": 8,
    "COL ppu": "$32.00 per 1Kg",
    "COL Size": "approx. 250g"
  },
  {
    "Brand_Product_Size": "Coles Deli Semi Dried Tomatoes With Basil 170g",
    "COL Price": 3.5,
    "COL ppu": "$20.59 per 1Kg",
    "COL Size": "170g"
  },
  {
    "Brand_Product_Size": "Bondi Sands Face Lotion SPF 50+ 75mL",
    "COL Price": 15,
    "COL ppu": "$20.00 per 100mL",
    "COL Size": "75mL"
  },
  {
    "Brand_Product_Size": "Coles Premium Bath Salts Relax 800g",
    "COL Price": 10,
    "COL ppu": "$1.25 per 100G",
    "COL Size": "800g"
  },
  {
    "Brand_Product_Size": "Coles Bakery High Fibre Low GI Harvest Grain Rolls 4 pack",
    "COL Price": 3,
    "COL ppu": "$0.75 per 1Ea",
    "COL Size": "4 pack"
  },
  {
    "Brand_Product_Size": "Dilmah Extra Strength Pure Ceylon Bags 200 Pack 480g",
    "COL Price": 5.9,
    "COL ppu": "$0.03 per 1Ea",
    "COL Size": "480g"
  },
  {
    "Brand_Product_Size": "Bonvit Psyllium Fibre Capsules 180 pack",
    "COL Price": 25,
    "COL ppu": "$0.14 per 1Ea",
    "COL Size": "180 pack"
  },
  {
    "Brand_Product_Size": "Bref Blue Active Flower Blossom Triple Pack 150 gram",
    "COL Price": 6.5,
    "COL ppu": "",
    "COL Size": "150 gram"
  },
  {
    "Brand_Product_Size": "Covergirl Exhibitionist Uncensored Mascara Extreme Black 9mL",
    "COL Price": 24,
    "COL ppu": "$26.67 per 10mL",
    "COL Size": "9mL"
  },
  {
    "Brand_Product_Size": "Coles Tortoiseshell One Touch Clips 14 pack",
    "COL Price": 5.6,
    "COL ppu": "$0.40 per 1Ea",
    "COL Size": "14 pack"
  },
  {
    "Brand_Product_Size": "Crave Adult Dog Food With Chickn Pate 100g",
    "COL Price": 1.9,
    "COL ppu": "$1.90 per 100G",
    "COL Size": "100g"
  },
  {
    "Brand_Product_Size": "Kiwi Sneaker No Tie 1 pack",
    "COL Price": 5.5,
    "COL ppu": "$5.50 per 1Ea",
    "COL Size": "1 pack"
  },
  {
    "Brand_Product_Size": "Perfect Italiano Ricotta 500g",
    "COL Price": 6.25,
    "COL ppu": "$1.25 per 100G",
    "COL Size": "500g"
  },
  {
    "Brand_Product_Size": "La Famiglia Garlic Bread 170g",
    "COL Price": 2.7,
    "COL ppu": "$1.59 per 100G",
    "COL Size": "170g"
  },
  {
    "Brand_Product_Size": "Golden Circle Pine Orange Fruit Drink 1L",
    "COL Price": 2.25,
    "COL ppu": "$2.25 per 1L",
    "COL Size": "1L"
  },
  {
    "Brand_Product_Size": "Coles Rosemary Punnet 10g",
    "COL Price": 3,
    "COL ppu": "$3.00 per 10G",
    "COL Size": "10g"
  },
  {
    "Brand_Product_Size": "The Organic Milk Company Unsalted Butter 250g",
    "COL Price": 5.5,
    "COL ppu": "$2.20 per 100G",
    "COL Size": "250g"
  },
  {
    "Brand_Product_Size": "Green's Neapolitan Cake Mix 550g",
    "COL Price": 3.2,
    "COL ppu": "$0.58 per 100G",
    "COL Size": "550g"
  },
  {
    "Brand_Product_Size": "Three Threes Sweet Spiced Gherkins 540g",
    "COL Price": 3.1,
    "COL ppu": "$5.74 per 1Kg",
    "COL Size": "540g"
  },
  {
    "Brand_Product_Size": "Scholl Eulactol Foot Care Gold Heel Balm 200g",
    "COL Price": 28,
    "COL ppu": "$14.00 per 100G",
    "COL Size": "200g"
  },
  {
    "Brand_Product_Size": "Metamucil Daily Fibre Supplement Fibre Caps 100 pack",
    "COL Price": 23,
    "COL ppu": "$0.23 per 1Ea",
    "COL Size": "100 pack"
  },
  {
    "Brand_Product_Size": "Dutch Bakehouse Almond Fingers Biscuits 6 pack 260g",
    "COL Price": 2.15,
    "COL ppu": "$0.83 per 100G",
    "COL Size": "260g"
  },
  {
    "Brand_Product_Size": "Kellogg's Special K Fruit & Nut Breakfast Cereal with Grain and Nut Based Protein 430g",
    "COL Price": 6,
    "COL ppu": "$1.40 per 100G",
    "COL Size": "430g"
  },
  {
    "Brand_Product_Size": "Scunci Dent Free Spiral Ponytailers 12 pieces 1 pack",
    "COL Price": 8,
    "COL ppu": "$8.00 per 1Ea",
    "COL Size": "1 pack"
  },
  {
    "Brand_Product_Size": "Coles Lamb Mint & Rosemary Rump Steak approx. 400g",
    "COL Price": 11.6,
    "COL ppu": "$29.00 per 1Kg",
    "COL Size": "approx. 400g"
  },
  {
    "Brand_Product_Size": "Coles Frozen Beef Lasagne 375g",
    "COL Price": 3,
    "COL ppu": "$0.80 per 100G",
    "COL Size": "375g"
  },
  {
    "Brand_Product_Size": "Restaurant Collection Smashed Smokey Spiced Potatoes 500g",
    "COL Price": 12.5,
    "COL ppu": "$2.50 per 100G",
    "COL Size": "500g"
  },
  {
    "Brand_Product_Size": "NUK Mickey Soother 0-6 M 2 pack",
    "COL Price": 9.1,
    "COL ppu": "$4.55 per 1Ea",
    "COL Size": "2 pack"
  },
  {
    "Brand_Product_Size": "Ferrero Raffaello Heart T10 100g",
    "COL Price": 12,
    "COL ppu": "$12.00 per 100G",
    "COL Size": "100g"
  },
  {
    "Brand_Product_Size": "Liddells Lactose Free 99% Low Fat Milk 1L",
    "COL Price": 2.25,
    "COL ppu": "$2.25 per 1L",
    "COL Size": "1L"
  },
  {
    "Brand_Product_Size": "Roar Protein Chicken Roasted Almond & Cheese 75g",
    "COL Price": 5,
    "COL ppu": "$6.67 per 100G",
    "COL Size": "75g"
  },
  {
    "Brand_Product_Size": "Hanabi Frozen Udon Noodles 1.2kg",
    "COL Price": 4.8,
    "COL ppu": "$4.00 per 1Kg",
    "COL Size": "1.2kg"
  },
  {
    "Brand_Product_Size": "Coles Lamb Leg Butterflied With Pomegranate & Rosemary Marinade approx 1.2kg",
    "COL Price": 24,
    "COL ppu": "$20.00 per 1Kg",
    "COL Size": "approx 1.2kg"
  },
  {
    "Brand_Product_Size": "4Legs Natural Wellness Boost With Chicken Vegies & Fruit Meatball Dog Food Tray 870g",
    "COL Price": 4.5,
    "COL ppu": "$0.52 per 100G",
    "COL Size": "870g"
  },
  {
    "Brand_Product_Size": "Medela Quick Clean Bags 5 pack",
    "COL Price": 21.6,
    "COL ppu": "$4.32 per 1Ea",
    "COL Size": "5 pack"
  },
  {
    "Brand_Product_Size": "Chobani Flip Almond Coco Loco Yoghurt 140g",
    "COL Price": 2,
    "COL ppu": "$1.43 per 100G",
    "COL Size": "140g"
  },
  {
    "Brand_Product_Size": "Nestle Milk Choc Bits Value Pack 375g",
    "COL Price": 5.5,
    "COL ppu": "$1.47 per 100G",
    "COL Size": "375g"
  },
  {
    "Brand_Product_Size": "Betty Crocker Creamy Deluxe Vanilla Frosting 400g",
    "COL Price": 4,
    "COL ppu": "$1.00 per 100G",
    "COL Size": "400g"
  },
  {
    "Brand_Product_Size": "Murray River Organics Berry Banana Muesli 400g",
    "COL Price": 7.5,
    "COL ppu": "$1.88 per 100G",
    "COL Size": "400g"
  },
  {
    "Brand_Product_Size": "Coles Thin BBQ Pork Sausages 560g",
    "COL Price": 5.5,
    "COL ppu": "$0.98 per 100G",
    "COL Size": "560g"
  },
  {
    "Brand_Product_Size": "Coles Deli Salads Tub Snack Classic Coleslaw each",
    "COL Price": 2,
    "COL ppu": "$2.00 per 1Ea",
    "COL Size": "each"
  },
  {
    "Brand_Product_Size": "Sabco SuperSwish Xtra Dry Refill each",
    "COL Price": 12.5,
    "COL ppu": "$12.50 per 1Ea",
    "COL Size": "each"
  },
  {
    "Brand_Product_Size": "Nad's Ingrow Solution 50mL",
    "COL Price": 8.5,
    "COL ppu": "$17.00 per 100mL",
    "COL Size": "50mL"
  },
  {
    "Brand_Product_Size": "Wards Gelatine 100g",
    "COL Price": 3.7,
    "COL ppu": "$3.70 per 100G",
    "COL Size": "100g"
  },
  {
    "Brand_Product_Size": "Maggie Beer Vino Cotto 250mL",
    "COL Price": 19.99,
    "COL ppu": "$8.00 per 100mL",
    "COL Size": "250mL"
  },
  {
    "Brand_Product_Size": "Capilano Pure Australian Honey Pail 1kg",
    "COL Price": 15,
    "COL ppu": "$1.50 per 100G",
    "COL Size": "1kg"
  },
  {
    "Brand_Product_Size": "Starbucks Nescafe Dolce Gusto Capsules Caramel Macchiato 12 pack",
    "COL Price": 5,
    "COL ppu": "$0.42 per 1Ea",
    "COL Size": "12 pack"
  },
  {
    "Brand_Product_Size": "Coles Passionfruit 8 Pack each",
    "COL Price": 5.5,
    "COL ppu": "$5.50 per 1Ea",
    "COL Size": "each"
  },
  {
    "Brand_Product_Size": "Western Star Original Salted Butter 250g",
    "COL Price": 3.2,
    "COL ppu": "$1.28 per 100G",
    "COL Size": "250g"
  },
  {
    "Brand_Product_Size": "Four'N Twenty Frozen Beef & Cheese Pies 4 pack 700g",
    "COL Price": 6.5,
    "COL ppu": "$0.93 per 100G",
    "COL Size": "700g"
  },
  {
    "Brand_Product_Size": "Smith's Crinkle Cut BBQ Potato Chips 170g",
    "COL Price": 3.5,
    "COL ppu": "$2.06 per 100G",
    "COL Size": "170g"
  },
  {
    "Brand_Product_Size": "Hoyts Poppy Seeds 240g",
    "COL Price": 4.2,
    "COL ppu": "$0.18 per 10G",
    "COL Size": "240g"
  },
  {
    "Brand_Product_Size": "Wellness Road Organic Buckwheat Kernels 500g",
    "COL Price": 3.5,
    "COL ppu": "$0.70 per 100G",
    "COL Size": "500g"
  },
  {
    "Brand_Product_Size": "Mc Ilhenney Co. Tabasco Pepper Sauce 150mL",
    "COL Price": 7.5,
    "COL ppu": "$5.00 per 100mL",
    "COL Size": "150mL"
  },
  {
    "Brand_Product_Size": "The Daily Juice Breakfast Burst Juice Chilled 2L",
    "COL Price": 5,
    "COL ppu": "$2.50 per 1L",
    "COL Size": "2L"
  },
  {
    "Brand_Product_Size": "M&M's Chocolate Cone Ice Cream 4 Pack 520mL",
    "COL Price": 8,
    "COL ppu": "$1.54 per 100mL",
    "COL Size": "520mL"
  },
  {
    "Brand_Product_Size": "Heinz Beanz Salt Reduced 555g",
    "COL Price": 2.5,
    "COL ppu": "$0.45 per 100G",
    "COL Size": "555g"
  },
  {
    "Brand_Product_Size": "Dettol Antibacterial Liquid Hand Wash Pump Aloe Vera and Vitamin E 250mL",
    "COL Price": 2,
    "COL ppu": "$0.80 per 100mL",
    "COL Size": "250mL"
  },
  {
    "Brand_Product_Size": "Lavazza Espresso Barista Gran Crema Beans 1kg",
    "COL Price": 22,
    "COL ppu": "$2.20 per 100G",
    "COL Size": "1kg"
  },
  {
    "Brand_Product_Size": "Mount Zero Pitted Kalamata Olives 300g",
    "COL Price": 10,
    "COL ppu": "$3.33 per 100G",
    "COL Size": "300g"
  },
  {
    "Brand_Product_Size": "Johnson & Johnson Baby Lotion 500mL",
    "COL Price": 8.6,
    "COL ppu": "$1.72 per 100mL",
    "COL Size": "500mL"
  },
  {
    "Brand_Product_Size": "Dairy Farmers Thick & Creamy Caramelised Fig Yoghurt 600g",
    "COL Price": 4.5,
    "COL ppu": "$0.75 per 100G",
    "COL Size": "600g"
  },
  {
    "Brand_Product_Size": "Helga's Traditional White Wraps 8 pack 560g",
    "COL Price": 4,
    "COL ppu": "$0.71 per 100G",
    "COL Size": "560g"
  },
  {
    "Brand_Product_Size": "Coles Bakery Cheese And Bacon Pizza Roll 2 pack",
    "COL Price": 3,
    "COL ppu": "$1.50 per 1Ea",
    "COL Size": "2 pack"
  },
  {
    "Brand_Product_Size": "Coles Thawed Seafood Seafood Highlighter 1kg",
    "COL Price": 5.5,
    "COL ppu": "$5.50 per 1Kg",
    "COL Size": "1kg"
  },
  {
    "Brand_Product_Size": "Coles Beef Thyme And Parsley Burgers 500g",
    "COL Price": 7.5,
    "COL ppu": "$15.00 per 1Kg",
    "COL Size": "500g"
  },
  {
    "Brand_Product_Size": "Don Double Smoked Sliced Ham 4 Pack 400g",
    "COL Price": 7,
    "COL ppu": "$17.50 per 1Kg",
    "COL Size": "400g"
  },
  {
    "Brand_Product_Size": "Coles Beef Beef Garlic And Herb Sausages 550g",
    "COL Price": 5.5,
    "COL ppu": "$10.00 per 1Kg",
    "COL Size": "550g"
  },
  {
    "Brand_Product_Size": "Purina Dentalife Savory Salmon Flavor Dental Treats For Cats 51g",
    "COL Price": 4.5,
    "COL ppu": "$8.82 per 100G",
    "COL Size": "51g"
  },
  {
    "Brand_Product_Size": "Cobs Sweet & Salty Gluten Free Popcorn 65g",
    "COL Price": 3.15,
    "COL ppu": "$4.85 per 100G",
    "COL Size": "65g"
  },
  {
    "Brand_Product_Size": "Dorset Granola Berry 450g",
    "COL Price": 3.5,
    "COL ppu": "$0.78 per 100G",
    "COL Size": "450g"
  },
  {
    "Brand_Product_Size": "Fiji Natural Artesian Water 1L",
    "COL Price": 2.7,
    "COL ppu": "$2.70 per 1L",
    "COL Size": "1L"
  },
  {
    "Brand_Product_Size": "Gaganis Nostimini Shakers 175g",
    "COL Price": 4.7,
    "COL ppu": "$2.69 per 100G",
    "COL Size": "175g"
  },
  {
    "Brand_Product_Size": "Coles Nature's Kitchen Lentil Bolognese Ravioli 350g",
    "COL Price": 4,
    "COL ppu": "$1.14 per 100G",
    "COL Size": "350g"
  },
  {
    "Brand_Product_Size": "Trill Vege Mix 120g",
    "COL Price": 4,
    "COL ppu": "$3.33 per 100G",
    "COL Size": "120g"
  },
  {
    "Brand_Product_Size": "Coles Mix-A-Mato Grape Tomatoes 300g",
    "COL Price": 6.5,
    "COL ppu": "$21.67 per 1Kg",
    "COL Size": "300g"
  },
  {
    "Brand_Product_Size": "Coles RSPCA Approved Chicken Breast Mince 500g",
    "COL Price": 6,
    "COL ppu": "$12.00 per 1Kg",
    "COL Size": "500g"
  },
  {
    "Brand_Product_Size": "Cancer Council Sunscreen Sport SPF 50+ 110mL",
    "COL Price": 12,
    "COL ppu": "$12.00 per 1Ea",
    "COL Size": "110mL"
  },
  {
    "Brand_Product_Size": "White Wings Wholemeal Self Raising Flour 1kg",
    "COL Price": 3.1,
    "COL ppu": "$3.10 per 1Kg",
    "COL Size": "1kg"
  },
  {
    "Brand_Product_Size": "Heinz Spaghetti In Tomato Sauce 220g",
    "COL Price": 1.65,
    "COL ppu": "$0.75 per 100G",
    "COL Size": "220g"
  },
  {
    "Brand_Product_Size": "Coles Deli Express Sliced Prosciutto 100g",
    "COL Price": 5.5,
    "COL ppu": "$5.50 per 100G",
    "COL Size": "100g"
  },
  {
    "Brand_Product_Size": "Crest 1 Socket 2 USB Port Power Adaptor each",
    "COL Price": 20,
    "COL ppu": "$20.00 per 1Ea",
    "COL Size": "each"
  },
  {
    "Brand_Product_Size": "Coles Finest Finest Creamy Vegetable Biryani 400g",
    "COL Price": 8.5,
    "COL ppu": "$2.13 per 100G",
    "COL Size": "400g"
  },
  {
    "Brand_Product_Size": "Bostik Blu Glue Stik 35g each",
    "COL Price": 3.5,
    "COL ppu": "",
    "COL Size": "each"
  },
  {
    "Brand_Product_Size": "Maggi Beef Flavour 2 Minute Noodles 5 Pack 370g",
    "COL Price": 3.95,
    "COL ppu": "$1.07 per 100G",
    "COL Size": "370g"
  },
  {
    "Brand_Product_Size": "Coles Organic Coconut Sugar 500g",
    "COL Price": 7.5,
    "COL ppu": "$1.50 per 100G",
    "COL Size": "500g"
  },
  {
    "Brand_Product_Size": "King Island Dairy Smoked Cheddar Cheese apprx. 100g",
    "COL Price": 4.2,
    "COL ppu": "$42.00 per 1Kg",
    "COL Size": "apprx. 100g"
  },
  {
    "Brand_Product_Size": "Coles Baby Spinach & Rocket Leaves Prepacked 120g",
    "COL Price": 3,
    "COL ppu": "$25.00 per 1Kg",
    "COL Size": "120g"
  },
  {
    "Brand_Product_Size": "Matchbox Vehicle Power Grab each",
    "COL Price": 3,
    "COL ppu": "$3.00 per 1Ea",
    "COL Size": "each"
  },
  {
    "Brand_Product_Size": "Dilmah Pure Ceylon Green Tea Bags 20 pack 40g",
    "COL Price": 2,
    "COL ppu": "$0.10 per 1Ea",
    "COL Size": "40g"
  },
  {
    "Brand_Product_Size": "Coles Kitchen Chicken & Corn Soup 300g",
    "COL Price": 3,
    "COL ppu": "$1.00 per 100G",
    "COL Size": "300g"
  },
  {
    "Brand_Product_Size": "Herbal Essences Aloe & Eucalyptus Shampoo 400mL",
    "COL Price": 20,
    "COL ppu": "$5.00 per 100mL",
    "COL Size": "400mL"
  },
  {
    "Brand_Product_Size": "Elmer's Cosmic Shimmer Premade Slime 147mL",
    "COL Price": 5.6,
    "COL ppu": "$3.81 per 100G",
    "COL Size": "147mL"
  },
  {
    "Brand_Product_Size": "V.I.P. Fussy Cat Grainfree Salmon Oceanfish & Olive Oil Cat Food 400g",
    "COL Price": 1.8,
    "COL ppu": "$0.45 per 100G",
    "COL Size": "400g"
  },
  {
    "Brand_Product_Size": "Coca-Cola No Sugar Coke Multipack Bottles 300mL 4 pack",
    "COL Price": 7.7,
    "COL ppu": "$6.42 per 1L",
    "COL Size": "4 pack"
  },
  {
    "Brand_Product_Size": "Peters Gluten Free Original Rainbow Ice Cream Tub 2L",
    "COL Price": 4.75,
    "COL ppu": "$2.38 per 1L",
    "COL Size": "2L"
  },
  {
    "Brand_Product_Size": "Red Seal Superfruits Hot Or Cold Brew Tea 20 pack",
    "COL Price": 3,
    "COL ppu": "$0.15 per 1Ea",
    "COL Size": "20 pack"
  },
  {
    "Brand_Product_Size": "Coles Cheese Rice Crackers 100g",
    "COL Price": 0.9,
    "COL ppu": "$0.90 per 100G",
    "COL Size": "100g"
  },
  {
    "Brand_Product_Size": "Coles Ssf Pancetta approx.125g each",
    "COL Price": 4.75,
    "COL ppu": "$38.00 per 1Kg",
    "COL Size": "approx.125g each"
  },
  {
    "Brand_Product_Size": "Coles Deli Style Natural Sea Salt Potato Chips 200g",
    "COL Price": 2.5,
    "COL ppu": "$1.25 per 100G",
    "COL Size": "200g"
  },
  {
    "Brand_Product_Size": "Kooka A Krumb Panko Breadcrumbs 190g",
    "COL Price": 3,
    "COL ppu": "$0.16 per 10G",
    "COL Size": "190g"
  },
  {
    "Brand_Product_Size": "Barista Bros Iced Chocolate Flavoured Milk 500mL",
    "COL Price": 3.2,
    "COL ppu": "$6.40 per 1L",
    "COL Size": "500mL"
  },
  {
    "Brand_Product_Size": "Kleenex Double Length Toilet Tissue 4 pack",
    "COL Price": 7,
    "COL ppu": "$1.75 per 1Ea",
    "COL Size": "4 pack"
  },
  {
    "Brand_Product_Size": "Tostitos Mild Cheddar Tortilla Chips 175g",
    "COL Price": 3,
    "COL ppu": "$1.71 per 100G",
    "COL Size": "175g"
  },
  {
    "Brand_Product_Size": "Kellogg's Nutri-Grain Original Cereal Snack Bars 10 pack 240g",
    "COL Price": 4.8,
    "COL ppu": "$2.00 per 100G",
    "COL Size": "240g"
  },
  {
    "Brand_Product_Size": "Oatly Organic Oat Milk 1L",
    "COL Price": 4.8,
    "COL ppu": "$4.80 per 1L",
    "COL Size": "1L"
  },
  {
    "Brand_Product_Size": "Wildly Good Sweet Potato & Kimchi Burgers 2 pack 250g",
    "COL Price": 6,
    "COL ppu": "$2.40 per 100G",
    "COL Size": "250g"
  },
  {
    "Brand_Product_Size": "Ambi Pur Premium Clip For Her Car Air Freshener 7.5mL",
    "COL Price": 4.4,
    "COL ppu": "$5.87 per 10mL",
    "COL Size": "7.5mL"
  },
  {
    "Brand_Product_Size": "Coles Frozen Herb & Garlic Chicken Schnitzels 2 Pack 380g",
    "COL Price": 7.7,
    "COL ppu": "$20.26 per 1Kg",
    "COL Size": "380g"
  },
  {
    "Brand_Product_Size": "McCain Frozen Mashed Potato 1kg",
    "COL Price": 2.5,
    "COL ppu": "$2.50 per 1Kg",
    "COL Size": "1kg"
  },
  {
    "Brand_Product_Size": "Fine Foods Cracked Pepper Wafer Crackers 100g",
    "COL Price": 3,
    "COL ppu": "$3.00 per 100G",
    "COL Size": "100g"
  },
  {
    "Brand_Product_Size": "Schweppes Bitter Lemon Flavour Mixer Bottles 300mL 4 pack",
    "COL Price": 5.9,
    "COL ppu": "$4.92 per 1L",
    "COL Size": "4 pack"
  },
  {
    "Brand_Product_Size": "Marbig Colourhide Notebook A5 Assorted 200 page",
    "COL Price": 6.9,
    "COL ppu": "",
    "COL Size": "200 page"
  },
  {
    "Brand_Product_Size": "Peckish Gluten Free Puff Bites Rice Snacks Soy Chicken 80g",
    "COL Price": 1.25,
    "COL ppu": "$1.56 per 100G",
    "COL Size": "80g"
  },
  {
    "Brand_Product_Size": "Cleaver's Beef Hotdog Grass Fed Organic Gluten Free 275g",
    "COL Price": 9,
    "COL ppu": "$32.73 per 1Kg",
    "COL Size": "275g"
  },
  {
    "Brand_Product_Size": "Aphrodite Haloumi By Will Studd approx. 100g",
    "COL Price": 4.8,
    "COL ppu": "$48.00 per 1Kg",
    "COL Size": "approx. 100g"
  },
  {
    "Brand_Product_Size": "Rexona Clinical Protection Summer Strength 180mL",
    "COL Price": 10,
    "COL ppu": "$5.56 per 100mL",
    "COL Size": "180mL"
  },
  {
    "Brand_Product_Size": "Coles I'M Free From Sugar Free Chocolate Chip Cookies 160g",
    "COL Price": 3.5,
    "COL ppu": "$2.19 per 100G",
    "COL Size": "160g"
  },
  {
    "Brand_Product_Size": "Slim Secrets Choc Love Bites Crushed Almonds 36g",
    "COL Price": 3,
    "COL ppu": "$8.33 per 100G",
    "COL Size": "36g"
  },
  {
    "Brand_Product_Size": "Doritos Cheese Supreme Corn Chips 170g",
    "COL Price": 1.75,
    "COL ppu": "$1.03 per 100G",
    "COL Size": "170g"
  },
  {
    "Brand_Product_Size": "Twining's Mango & Strawberry Tea Bags 10 pack",
    "COL Price": 2.9,
    "COL ppu": "$0.29 per 1Ea",
    "COL Size": "10 pack"
  },
  {
    "Brand_Product_Size": "Nifti All Purpose Cleaner Trigger Spray 500mL",
    "COL Price": 4.4,
    "COL ppu": "$0.88 per 100mL",
    "COL Size": "500mL"
  },
  {
    "Brand_Product_Size": "Mcclure's Garlic Dill Whole Pickles 720g",
    "COL Price": 8,
    "COL ppu": "$11.11 per 1Kg",
    "COL Size": "720g"
  },
  {
    "Brand_Product_Size": "Helga's Sourdough Bread 650g",
    "COL Price": 3.9,
    "COL ppu": "$0.60 per 100G",
    "COL Size": "650g"
  },
  {
    "Brand_Product_Size": "Mc Ilhenny Co. Tabasco Green Pepper Sauce 60mL",
    "COL Price": 4.6,
    "COL ppu": "$7.67 per 100mL",
    "COL Size": "60mL"
  },
  {
    "Brand_Product_Size": "Swisse Ultiboost Vitamin C Effervescent Tablets 20 pack",
    "COL Price": 13,
    "COL ppu": "$65.00 per 100Ea",
    "COL Size": "20 pack"
  },
  {
    "Brand_Product_Size": "Primo Stacker Danish Salami Cheese & Crackers 45g",
    "COL Price": 4,
    "COL ppu": "$8.89 per 100G",
    "COL Size": "45g"
  },
  {
    "Brand_Product_Size": "Gaganis Lentils Red Whole Kye 1kg",
    "COL Price": 3.2,
    "COL ppu": "$3.20 per 1Kg",
    "COL Size": "1kg"
  },
  {
    "Brand_Product_Size": "Nicabate CQ Patches Clear 21mg 7 pack",
    "COL Price": 35,
    "COL ppu": "$5.00 per 1Ea",
    "COL Size": "7 pack"
  },
  {
    "Brand_Product_Size": "Heritage Mill Honey Hazelnut Prebiotic 6 Bars 210g",
    "COL Price": 5.7,
    "COL ppu": "$2.71 per 100G",
    "COL Size": "210g"
  },
  {
    "Brand_Product_Size": "Coca-Cola Sprite Soft Drink Lemon Lime 2L",
    "COL Price": 2.35,
    "COL ppu": "$1.18 per 1L",
    "COL Size": "2L"
  },
  {
    "Brand_Product_Size": "Optimum Dry Cat Food 2-12 Months Kitten With Chicken 800g",
    "COL Price": 8,
    "COL ppu": "$1.00 per 100G",
    "COL Size": "800g"
  },
  {
    "Brand_Product_Size": "Dolmio Extra Bolognese Pasta Sauce 500g",
    "COL Price": 1.64,
    "COL ppu": "$0.33 per 100G",
    "COL Size": "500g"
  },
  {
    "Brand_Product_Size": "Huy Fong Foods Sriracha Hot Chilli Sauce 482g",
    "COL Price": 5.9,
    "COL ppu": "$1.22 per 100G",
    "COL Size": "482g"
  },
  {
    "Brand_Product_Size": "3M Command Medium Utility Hooks 2 pack",
    "COL Price": 6,
    "COL ppu": "$6.00 per 1ea",
    "COL Size": "2 pack"
  },
  {
    "Brand_Product_Size": "Mainland Grazing Collection Cheese Cracker Fig Jam Cranb & Petitas 90g",
    "COL Price": 5,
    "COL ppu": "$5.56 per 100G",
    "COL Size": "90g"
  },
  {
    "Brand_Product_Size": "Coles Mocha Protein Bar 190g",
    "COL Price": 3.5,
    "COL ppu": "$1.84 per 100G",
    "COL Size": "190g"
  },
  {
    "Brand_Product_Size": "Birds Eye Frozen Veggie Mash Pumpkin & Cauli 500g",
    "COL Price": 4.2,
    "COL ppu": "$0.84 per 100G",
    "COL Size": "500g"
  },
  {
    "Brand_Product_Size": "Nerada Organics Peppermint Tea Bags 40 Pack 60g",
    "COL Price": 4,
    "COL ppu": "$6.67 per 100G",
    "COL Size": "60g"
  },
  {
    "Brand_Product_Size": "Powerade Mountain Blast Powder 500g",
    "COL Price": 11.85,
    "COL ppu": "$2.37 per 100G",
    "COL Size": "500g"
  },
  {
    "Brand_Product_Size": "Cadbury Dairy Milk Peppermint Chocolate Bar 55g",
    "COL Price": 1,
    "COL ppu": "$1.82 per 100G",
    "COL Size": "55g"
  },
  {
    "Brand_Product_Size": "Coles BBQ Briquettes 4kg",
    "COL Price": 8.5,
    "COL ppu": "$0.21 per 100G",
    "COL Size": "4kg"
  },
  {
    "Brand_Product_Size": "Coles Light Rye Sourdough Rolls 4 pack",
    "COL Price": 3,
    "COL ppu": "$0.75 per 1Ea",
    "COL Size": "4 pack"
  },
  {
    "Brand_Product_Size": "Deli Exp Hans Hot Twiggy 500g 500g",
    "COL Price": 12.5,
    "COL ppu": "$25.00 per 1Kg",
    "COL Size": "500g"
  },
  {
    "Brand_Product_Size": "Legado Jamon Iberico De Cebo Block approx. 2kg",
    "COL Price": 198,
    "COL ppu": "$99.00 per 1Kg",
    "COL Size": "approx. 2kg"
  },
  {
    "Brand_Product_Size": "Campbell's V8 Breakfast Juice Box 250mL 3 pack",
    "COL Price": 3,
    "COL ppu": "$1.00 per 1Ea",
    "COL Size": "3 pack"
  },
  {
    "Brand_Product_Size": "Coles Kitchen Chicken Singapore Noodle 350g",
    "COL Price": 6.5,
    "COL ppu": "$1.86 per 100G",
    "COL Size": "350g"
  },
  {
    "Brand_Product_Size": "Elevate Hairball & Urinary Support Cat Chicken Chunks With Carrots & Pumpkin In gravy 85g",
    "COL Price": 2,
    "COL ppu": "$2.35 per 100G",
    "COL Size": "85g"
  },
  {
    "Brand_Product_Size": "Fruit Of The Earth Aloe Vera Pure Gel Tube 170g",
    "COL Price": 12,
    "COL ppu": "$7.06 per 100G",
    "COL Size": "170g"
  },
  {
    "Brand_Product_Size": "Jalna Farm To Pot Organic Yoghourt Vanilla 170g",
    "COL Price": 2.4,
    "COL ppu": "$1.41 per 100G",
    "COL Size": "170g"
  },
  {
    "Brand_Product_Size": "Coles Strawberry Licorice Twist 250g",
    "COL Price": 1.65,
    "COL ppu": "$0.66 per 100G",
    "COL Size": "250g"
  },
  {
    "Brand_Product_Size": "Nutella B Ready Biscuit Single Pack 22g",
    "COL Price": 2,
    "COL ppu": "$9.09 per 100G",
    "COL Size": "22g"
  },
  {
    "Brand_Product_Size": "Coles Organic Brushed Potatoes Prepacked 1kg",
    "COL Price": 5.5,
    "COL ppu": "$5.50 per 1Kg",
    "COL Size": "1kg"
  },
  {
    "Brand_Product_Size": "Fanta Orange 2L",
    "COL Price": 2.35,
    "COL ppu": "$1.18 per 1L",
    "COL Size": "2L"
  },
  {
    "Brand_Product_Size": "Heinz Simply 6m+ Vanilla Custard Pouch 120g",
    "COL Price": 1.5,
    "COL ppu": "$1.25 per 100G",
    "COL Size": "120g"
  },
  {
    "Brand_Product_Size": "U By Kotex Ultra Thin Regular with Wings Pads 14 pack",
    "COL Price": 4,
    "COL ppu": "$0.29 per 1Ea",
    "COL Size": "14 pack"
  },
  {
    "Brand_Product_Size": "Rafferty's Garden Pureed Blueberries Banana & Apple 4+ Months 120g",
    "COL Price": 1.5,
    "COL ppu": "$1.25 per 100G",
    "COL Size": "120g"
  },
  {
    "Brand_Product_Size": "Glade Cup New Car 7mL",
    "COL Price": 8.5,
    "COL ppu": "",
    "COL Size": "7mL"
  },
  {
    "Brand_Product_Size": "Five:AM Organic Coffee Bean Yoghurt 170g",
    "COL Price": 2.6,
    "COL ppu": "$1.53 per 100G",
    "COL Size": "170g"
  },
  {
    "Brand_Product_Size": "Restaurant Collection Baharat Spiced Flame Roast Pumpkin 820g",
    "COL Price": 14,
    "COL ppu": "$1.71 per 100G",
    "COL Size": "820g"
  },
  {
    "Brand_Product_Size": "Curing Homesickness Donation $2 each",
    "COL Price": 2,
    "COL ppu": "$2.00 per 1Ea",
    "COL Size": "each"
  },
  {
    "Brand_Product_Size": "Latina Fresh Ricotta & Spinach Agnolotti 375g",
    "COL Price": 4,
    "COL ppu": "$1.07 per 100G",
    "COL Size": "375g"
  },
  {
    "Brand_Product_Size": "Kellogg's LCMs Unicorn Puffed Rice Snack Bars 6 pack 132g",
    "COL Price": 4,
    "COL ppu": "$3.03 per 100G",
    "COL Size": "132g"
  },
  {
    "Brand_Product_Size": "Coles Asia Egg Noodles Thin 340g",
    "COL Price": 2,
    "COL ppu": "$0.59 per 100G",
    "COL Size": "340g"
  },
  {
    "Brand_Product_Size": "Katoomba Chapatti 1.2kg",
    "COL Price": 7,
    "COL ppu": "$5.83 per 1Kg",
    "COL Size": "1.2kg"
  },
  {
    "Brand_Product_Size": "Tefal City Cook Frypan 32cm each",
    "COL Price": 33.6,
    "COL ppu": "$33.60 per 1Ea",
    "COL Size": "each"
  },
  {
    "Brand_Product_Size": "Koh Kae Wasabi Coated Peanuts 240g",
    "COL Price": 3.1,
    "COL ppu": "$1.35 per 100G",
    "COL Size": "240g"
  },
  {
    "Brand_Product_Size": "Carman's Greek Style Yoghurt & Berry Gourmet Protein Bars 5 pack 200g",
    "COL Price": 6.3,
    "COL ppu": "$3.15 per 100G",
    "COL Size": "200g"
  },
  {
    "Brand_Product_Size": "The Spice Tailor Hyderabad Red Korma 300g",
    "COL Price": 5.5,
    "COL ppu": "$1.83 per 100G",
    "COL Size": "300g"
  },
  {
    "Brand_Product_Size": "Olive Grove Classic Olive Oil Margarine Tub 500g",
    "COL Price": 3.5,
    "COL ppu": "$0.70 per 100G",
    "COL Size": "500g"
  },
  {
    "Brand_Product_Size": "Coles Cockatiel Treat With Honey 1 pack",
    "COL Price": 2.1,
    "COL ppu": "$2.10 per 1Ea",
    "COL Size": "1 pack"
  },
  {
    "Brand_Product_Size": "L'Oreal Magic Retouch Precision 3 Brown Concealer 1 pack",
    "COL Price": 14.4,
    "COL ppu": "$14.40 per 1Ea",
    "COL Size": "1 pack"
  },
  {
    "Brand_Product_Size": "Coles RSPCA Approved Chicken Portions With BBQ Rub approx. 1.75kg each",
    "COL Price": 9.625,
    "COL ppu": "$5.50 per 1Kg",
    "COL Size": "approx. 1.75kg each"
  },
  {
    "Brand_Product_Size": "Lavazza Espresso Intenso Intensita 13 Ground Coffee 16 Capsules 120g",
    "COL Price": 11,
    "COL ppu": "$9.17 per 100G",
    "COL Size": "120g"
  },
  {
    "Brand_Product_Size": "Coles Deli Salads Tub Small Classic Potato smaLL",
    "COL Price": 4,
    "COL ppu": "$4.00 per 1Ea",
    "COL Size": "smaLL"
  },
  {
    "Brand_Product_Size": "Easiyo Greek Style Unsweetened Yoghurt 170g",
    "COL Price": 4.7,
    "COL ppu": "$2.76 per 100G",
    "COL Size": "170g"
  },
  {
    "Brand_Product_Size": "Revlon Super Lustrous Rum Raisin Lipstick 4.2g",
    "COL Price": 25,
    "COL ppu": "$59.53 per 10G",
    "COL Size": "4.2g"
  },
  {
    "Brand_Product_Size": "Coles Kids Triangles Cheese 8 pack 140g",
    "COL Price": 2,
    "COL ppu": "$1.43 per 100G",
    "COL Size": "140g"
  },
  {
    "Brand_Product_Size": "MasterFoods Cinnamon Sugar 55g",
    "COL Price": 2.05,
    "COL ppu": "$0.37 per 10G",
    "COL Size": "55g"
  },
  {
    "Brand_Product_Size": "Red Rock Deli Roast Pumpkin Caramelised Onion & Cashews Deli Style Dip 150g",
    "COL Price": 4.5,
    "COL ppu": "$3.00 per 100G",
    "COL Size": "150g"
  },
  {
    "Brand_Product_Size": "Bickfords Violet Crumble Flavoured Milk 500mL",
    "COL Price": 4.5,
    "COL ppu": "$9.00 per 1L",
    "COL Size": "500mL"
  },
  {
    "Brand_Product_Size": "Lock & Lock Eco Rectangle Container 1L 1 pack",
    "COL Price": 10,
    "COL ppu": "$10.00 per 1Ea",
    "COL Size": "1 pack"
  },
  {
    "Brand_Product_Size": "Fancy Feast Royale Broths Tuna Surimi & Prawns Pouch Cat Food 40g",
    "COL Price": 1.2,
    "COL ppu": "$3.00 per 100G",
    "COL Size": "40g"
  },
  {
    "Brand_Product_Size": "Kroon Extra Aged Gouda Pdo 150g",
    "COL Price": 5.4,
    "COL ppu": "$36.00 per 1Kg",
    "COL Size": "150g"
  },
  {
    "Brand_Product_Size": "Sard 2in1 Ultra Whitener Oxi  Stain Remover 180g",
    "COL Price": 7,
    "COL ppu": "$38.89 per 1Kg",
    "COL Size": "180g"
  },
  {
    "Brand_Product_Size": "Quilton White Toilet Tissue 6 pack",
    "COL Price": 5.8,
    "COL ppu": "$0.54 per 100Ea",
    "COL Size": "6 pack"
  },
  {
    "Brand_Product_Size": "Pantene Conditioner Repair & Protect 400mL",
    "COL Price": 15,
    "COL ppu": "$3.75 per 100mL",
    "COL Size": "400mL"
  },
  {
    "Brand_Product_Size": "MasterFoods Sweet Chilli Sauce 500mL",
    "COL Price": 3.3,
    "COL ppu": "$0.66 per 100mL",
    "COL Size": "500mL"
  },
  {
    "Brand_Product_Size": "Power Grip 1 pack",
    "COL Price": 10,
    "COL ppu": "$10.00 per 1Ea",
    "COL Size": "1 pack"
  },
  {
    "Brand_Product_Size": "Oak Plus NSA Chocolate Flavoured Milk 500mL",
    "COL Price": 3.45,
    "COL ppu": "$6.90 per 1L",
    "COL Size": "500mL"
  },
  {
    "Brand_Product_Size": "Barilla Spaghettini No 3 500g",
    "COL Price": 2,
    "COL ppu": "$0.40 per 100G",
    "COL Size": "500g"
  },
  {
    "Brand_Product_Size": "Golden Circle Apple Fruit Drink Multipack 250mL 6 pack",
    "COL Price": 4.5,
    "COL ppu": "$0.75 per 1Ea",
    "COL Size": "6 pack"
  },
  {
    "Brand_Product_Size": "Cleaver's Beef Eye Fillet Steak 1-2 Pieces approx. 375g pack",
    "COL Price": 24,
    "COL ppu": "$64.00 per 1Kg",
    "COL Size": "approx. 375g pack"
  },
  {
    "Brand_Product_Size": "Blackmores Superkids Immune Gummies 60 pack",
    "COL Price": 10.05,
    "COL ppu": "$0.17 per 1Ea",
    "COL Size": "60 pack"
  },
  {
    "Brand_Product_Size": "Pitango Organic Soup Minestrone 600g",
    "COL Price": 6.5,
    "COL ppu": "$1.08 per 100G",
    "COL Size": "600g"
  },
  {
    "Brand_Product_Size": "Mainland On The Go Lunch Pack Cheese & Balsamic Beetroot 110g",
    "COL Price": 5,
    "COL ppu": "",
    "COL Size": "110g"
  },
  {
    "Brand_Product_Size": "Uncle Tobys Original Vita Weeties 700g",
    "COL Price": 6,
    "COL ppu": "$0.86 per 100G",
    "COL Size": "700g"
  },
  {
    "Brand_Product_Size": "Coles Frozen Fruit Apple Pie Snack 4 pack 500g",
    "COL Price": 3.2,
    "COL ppu": "$0.64 per 100G",
    "COL Size": "500g"
  },
  {
    "Brand_Product_Size": "Twin Clothes Pegs 50 pack",
    "COL Price": 3.9,
    "COL ppu": "$0.08 per 1Ea",
    "COL Size": "50 pack"
  },
  {
    "Brand_Product_Size": "Luv A Duck Cooked Duck Breast Peking Flavoured 360g",
    "COL Price": 16,
    "COL ppu": "$4.44 per 100G",
    "COL Size": "360g"
  },
  {
    "Brand_Product_Size": "Moccona Classics Latte Cafe 30 pack",
    "COL Price": 10.5,
    "COL ppu": "$0.35 per 1Ea",
    "COL Size": "30 pack"
  },
  {
    "Brand_Product_Size": "Scholl Gel Activ Everyday Men 1 each",
    "COL Price": 28,
    "COL ppu": "",
    "COL Size": "1 each"
  },
  {
    "Brand_Product_Size": "Selleys BBQ Tough 12 Wipes 1 pack",
    "COL Price": 5.75,
    "COL ppu": "$5.75 per 1Ea",
    "COL Size": "1 pack"
  },
  {
    "Brand_Product_Size": "Carman's Strawberries & Cream Aussie Oat Bar 180g",
    "COL Price": 5,
    "COL ppu": "$2.78 per 100G",
    "COL Size": "180g"
  },
  {
    "Brand_Product_Size": "Primo Microwave Shortcut Bacon 30g",
    "COL Price": 2.5,
    "COL ppu": "$8.33 per 100G",
    "COL Size": "30g"
  },
  {
    "Brand_Product_Size": "Maggi 2 Minute Noodles Fusian Mi Goreng Soy & Mild Spice Cup 64g",
    "COL Price": 1.8,
    "COL ppu": "$2.81 per 100G",
    "COL Size": "64g"
  },
  {
    "Brand_Product_Size": "Australia's Own Unsweetened Like Milk 1L",
    "COL Price": 3,
    "COL ppu": "$3.00 per 1L",
    "COL Size": "1L"
  },
  {
    "Brand_Product_Size": "Coles Finest Spicy Salami Pizza 370g",
    "COL Price": 5,
    "COL ppu": "$1.35 per 100G",
    "COL Size": "370g"
  },
  {
    "Brand_Product_Size": "Remedy Organic Peach Flavour Kombucha Multipack Cans 250mL 4 pack",
    "COL Price": 6,
    "COL ppu": "$6.00 per 1L",
    "COL Size": "4 pack"
  },
  {
    "Brand_Product_Size": "Coles A4 Sheet Protector 100 pack",
    "COL Price": 5,
    "COL ppu": "$0.05 per 1Ea",
    "COL Size": "100 pack"
  },
  {
    "Brand_Product_Size": "Coles Apples Kids Pack 1kg",
    "COL Price": 4.9,
    "COL ppu": "$4.90 per 1Kg",
    "COL Size": "1kg"
  },
  {
    "Brand_Product_Size": "Coles RSPCA Approved Chicken Hot Wings Nashville With Spicy Sauce 600g",
    "COL Price": 8,
    "COL ppu": "$13.33 per 1Kg",
    "COL Size": "600g"
  },
  {
    "Brand_Product_Size": "Coles Kitchen Mediterranean Pizza 470g",
    "COL Price": 7,
    "COL ppu": "$1.49 per 100G",
    "COL Size": "470g"
  },
  {
    "Brand_Product_Size": "Bega Light Crunchy Peanut Butter 470g",
    "COL Price": 5.9,
    "COL ppu": "$1.26 per 100G",
    "COL Size": "470g"
  },
  {
    "Brand_Product_Size": "Coles Ultra Multi-Purpose Cleaner Trigger Spray 750mL",
    "COL Price": 1.8,
    "COL ppu": "$0.24 per 100mL",
    "COL Size": "750mL"
  },
  {
    "Brand_Product_Size": "Luv A Duck Frozen Whole Duck 2.1kg",
    "COL Price": 25,
    "COL ppu": "$11.90 per 1Kg",
    "COL Size": "2.1kg"
  },
  {
    "Brand_Product_Size": "Maybelline Dream Urban Cover Foundation Porcelain 30mL",
    "COL Price": 18.2,
    "COL ppu": "$6.07 per 10mL",
    "COL Size": "30mL"
  },
  {
    "Brand_Product_Size": "Veet Sensitive Spray On Hair Removal Cream Aloe Vera & Vitamin E 150g",
    "COL Price": 15,
    "COL ppu": "$10.00 per 100G",
    "COL Size": "150g"
  },
  {
    "Brand_Product_Size": "Deli Express Roasted Pumpkin 140g",
    "COL Price": 5,
    "COL ppu": "$3.57 per 100G",
    "COL Size": "140g"
  },
  {
    "Brand_Product_Size": "Coles Burrito Tortilla Wraps 10 Pack 400g",
    "COL Price": 3,
    "COL ppu": "$0.75 per 100G",
    "COL Size": "400g"
  },
  {
    "Brand_Product_Size": "Bartons Traditional Pickled Onions 450g",
    "COL Price": 6,
    "COL ppu": "$1.33 per 100G",
    "COL Size": "450g"
  },
  {
    "Brand_Product_Size": "Vegie Delights Bacon Style Rasher 150g",
    "COL Price": 6,
    "COL ppu": "$4.00 per 100G",
    "COL Size": "150g"
  },
  {
    "Brand_Product_Size": "Coles Large Resealable Storage Bags 20 pack",
    "COL Price": 2.4,
    "COL ppu": "$0.12 per 1Ea",
    "COL Size": "20 pack"
  },
  {
    "Brand_Product_Size": "King C Gillette Shave Gel 150mL",
    "COL Price": 12,
    "COL ppu": "$8.00 per 100mL",
    "COL Size": "150mL"
  },
  {
    "Brand_Product_Size": "Bic Multi Purpose Flex Wand Lighter 1 pack",
    "COL Price": 7,
    "COL ppu": "$7.00 per 1Ea",
    "COL Size": "1 pack"
  },
  {
    "Brand_Product_Size": "Buono Mochi Ice Dessert Green Tea 156g",
    "COL Price": 5.6,
    "COL ppu": "$3.59 per 100G",
    "COL Size": "156g"
  },
  {
    "Brand_Product_Size": "Astroglide Glycerin & Paraben Free Personal Lubricate 74mL",
    "COL Price": 10.95,
    "COL ppu": "$14.80 per 100mL",
    "COL Size": "74mL"
  },
  {
    "Brand_Product_Size": "Maggi Spicy Chicken 2 Minute Noodles 5 Pack 380g",
    "COL Price": 3.95,
    "COL ppu": "$1.04 per 100G",
    "COL Size": "380g"
  },
  {
    "Brand_Product_Size": "Nature's Way Kids Smart Multi + Probiotics Tablets 50 pack",
    "COL Price": 19,
    "COL ppu": "$0.38 per 1Ea",
    "COL Size": "50 pack"
  },
  {
    "Brand_Product_Size": "Lee Kum Kee Seafood Seasoned Soy Sauce 207mL",
    "COL Price": 3.8,
    "COL ppu": "$1.84 per 100mL",
    "COL Size": "207mL"
  },
  {
    "Brand_Product_Size": "Schwarzkopf Live Ultra Brights Electric Blue Hair Colour 1 pack",
    "COL Price": 5.5,
    "COL ppu": "$5.50 per 1Ea",
    "COL Size": "1 pack"
  },
  {
    "Brand_Product_Size": "Coles Stone Baked By Laurent Turkish Rolls 3 pack",
    "COL Price": 3,
    "COL ppu": "$1.00 per 1Ea",
    "COL Size": "3 pack"
  },
  {
    "Brand_Product_Size": "Coles Bake & Create Pink Yellow Flowers Icing Decorations 16 piece",
    "COL Price": 3,
    "COL ppu": "$0.19 per 1Ea",
    "COL Size": "16 piece"
  },
  {
    "Brand_Product_Size": "Cleaver's Lamb Butterfly Leg Roast Gluten Free Organic & Free Range Oregano & Mint approx. 1kg pack",
    "COL Price": 35,
    "COL ppu": "$35.00 per 1Kg",
    "COL Size": "approx. 1kg pack"
  },
  {
    "Brand_Product_Size": "Heritage Mill Caramel Apple Prebiotic 6 Bars 210g",
    "COL Price": 3.95,
    "COL ppu": "$1.88 per 100G",
    "COL Size": "210g"
  },
  {
    "Brand_Product_Size": "Moccona Specialty Blend Coffee Intense 200g",
    "COL Price": 16,
    "COL ppu": "$8.00 per 100G",
    "COL Size": "200g"
  },
  {
    "Brand_Product_Size": "Maggi 2 Minute Noodles Fusian Mi Goreng Soy & Mild Spice 5 Pack 360g",
    "COL Price": 3.95,
    "COL ppu": "$1.10 per 100G",
    "COL Size": "360g"
  },
  {
    "Brand_Product_Size": "Sistema Stainless Steel Bottle each",
    "COL Price": 12,
    "COL ppu": "$12.00 per 1Ea",
    "COL Size": "each"
  },
  {
    "Brand_Product_Size": "Lewis & Son Green Kraut 500g",
    "COL Price": 16.25,
    "COL ppu": "$3.25 per 100G",
    "COL Size": "500g"
  },
  {
    "Brand_Product_Size": "VO5 Volume & Lift Styling Spray 200g",
    "COL Price": 4,
    "COL ppu": "$2.00 per 100G",
    "COL Size": "200g"
  },
  {
    "Brand_Product_Size": "Birds Eye Frozen Chopped Spinach 250g",
    "COL Price": 1.8,
    "COL ppu": "$7.20 per 1Kg",
    "COL Size": "250g"
  },
  {
    "Brand_Product_Size": "Birds Eye Frozen Fish Fillets With Original  Crumb Oven Bake 6 pack 425g",
    "COL Price": 10,
    "COL ppu": "$23.53 per 1Kg",
    "COL Size": "425g"
  },
  {
    "Brand_Product_Size": "Nature's Way Joint Powder 150g",
    "COL Price": 17.5,
    "COL ppu": "$11.67 per 100G",
    "COL Size": "150g"
  },
  {
    "Brand_Product_Size": "Eclipse Berry Mints 40g",
    "COL Price": 3,
    "COL ppu": "$7.50 per 100G",
    "COL Size": "40g"
  },
  {
    "Brand_Product_Size": "Coles Bakery Pink Vanilla Drip Cake 1200g",
    "COL Price": 25,
    "COL ppu": "$2.08 per 100G",
    "COL Size": "1200g"
  },
  {
    "Brand_Product_Size": "Dairy Farmers Full Cream Milk 3L",
    "COL Price": 4.9,
    "COL ppu": "$1.63 per 1L",
    "COL Size": "3L"
  },
  {
    "Brand_Product_Size": "Golden Circle Apple Raspberry Cordial 2L",
    "COL Price": 3,
    "COL ppu": "$1.50 per 1L",
    "COL Size": "2L"
  },
  {
    "Brand_Product_Size": "Coles Kitchen Beef Bolognese Sauce 425g",
    "COL Price": 4.2,
    "COL ppu": "$0.99 per 100G",
    "COL Size": "425g"
  },
  {
    "Brand_Product_Size": "Abbott's Village Bakery Farmhouse Wholemeal Bread 750g",
    "COL Price": 3.8,
    "COL ppu": "$0.51 per 100G",
    "COL Size": "750g"
  },
  {
    "Brand_Product_Size": "Hart & Soul Gluten Free Laksa Noodle Soup 155g",
    "COL Price": 4,
    "COL ppu": "$2.58 per 100G",
    "COL Size": "155g"
  },
  {
    "Brand_Product_Size": "Nivea Men Cool Kick Aerosol Antiperspirant Deodorant 250mL",
    "COL Price": 6.5,
    "COL ppu": "$2.60 per 100mL",
    "COL Size": "250mL"
  },
  {
    "Brand_Product_Size": "Bounce Coconut Macadamia 3x40g 120g",
    "COL Price": 6.95,
    "COL ppu": "$5.79 per 100G",
    "COL Size": "120g"
  },
  {
    "Brand_Product_Size": "Simply Wize Irresistible Snakes 150g",
    "COL Price": 2.95,
    "COL ppu": "$1.97 per 100G",
    "COL Size": "150g"
  },
  {
    "Brand_Product_Size": "Nescafe Hazelnut Coffee Sachets 10 pack",
    "COL Price": 6.3,
    "COL ppu": "$0.63 per 1Ea",
    "COL Size": "10 pack"
  },
  {
    "Brand_Product_Size": "Dove Body Wash Protecting Care 500mL",
    "COL Price": 8,
    "COL ppu": "$1.60 per 100mL",
    "COL Size": "500mL"
  },
  {
    "Brand_Product_Size": "Sanitarium Up & Go Energize Vanilla 6x250mL 1.5L",
    "COL Price": 9.7,
    "COL ppu": "$6.47 per 1L",
    "COL Size": "1.5L"
  },
  {
    "Brand_Product_Size": "Yumi's Gluten Free Green Olive Classic Dip 200g",
    "COL Price": 3,
    "COL ppu": "$1.50 per 100G",
    "COL Size": "200g"
  },
  {
    "Brand_Product_Size": "Uncle Tobys Yoghurt Muesli Bars Variety Value 12 Pack 375g",
    "COL Price": 5,
    "COL ppu": "$1.33 per 100G",
    "COL Size": "375g"
  },
  {
    "Brand_Product_Size": "Beauty Bites Choc Cherry Coconut 32g",
    "COL Price": 4,
    "COL ppu": "$12.50 per 100G",
    "COL Size": "32g"
  },
  {
    "Brand_Product_Size": "Coles Lemon Roulade 450g",
    "COL Price": 12,
    "COL ppu": "$2.67 per 100G",
    "COL Size": "450g"
  },
  {
    "Brand_Product_Size": "Toscano Traditional Butter Waffles 4 pack 360g",
    "COL Price": 5.5,
    "COL ppu": "$1.53 per 100G",
    "COL Size": "360g"
  },
  {
    "Brand_Product_Size": "Herbert Adams Chicken & Leek In Creamy Mustard Sauce Pie 700g",
    "COL Price": 15.5,
    "COL ppu": "$2.21 per 100G",
    "COL Size": "700g"
  },
  {
    "Brand_Product_Size": "Coles Butcher Lamb Leg Roast Boneless approx. 1.08kg",
    "COL Price": 21.6,
    "COL ppu": "$20.00 per 1Kg",
    "COL Size": "approx. 1.08kg"
  },
  {
    "Brand_Product_Size": "Republica Organic Melbourne Capsules 20 pack",
    "COL Price": 9.5,
    "COL ppu": "$0.48 per 1Ea",
    "COL Size": "20 pack"
  },
  {
    "Brand_Product_Size": "Coles Mild Indian Curry Tuna 95g",
    "COL Price": 0.9,
    "COL ppu": "$9.47 per 1Kg",
    "COL Size": "95g"
  },
  {
    "Brand_Product_Size": "Gold Sunset Sunflower Oil 4L",
    "COL Price": 19,
    "COL ppu": "$0.48 per 100mL",
    "COL Size": "4L"
  },
  {
    "Brand_Product_Size": "John West Olive Oil Blend Tuna Slices 125g",
    "COL Price": 3.5,
    "COL ppu": "$28.00 per 1Kg",
    "COL Size": "125g"
  },
  {
    "Brand_Product_Size": "Coles Organic Baby Salad Leaves 100g",
    "COL Price": 4,
    "COL ppu": "$4.00 per 100G",
    "COL Size": "100g"
  },
  {
    "Brand_Product_Size": "Hedys Vegetable Burger each",
    "COL Price": 2,
    "COL ppu": "$2.00 per 1Ea",
    "COL Size": "each"
  },
  {
    "Brand_Product_Size": "Vegemite Spread 380g",
    "COL Price": 6.5,
    "COL ppu": "$1.71 per 100G",
    "COL Size": "380g"
  },
  {
    "Brand_Product_Size": "Vittoria Mountain Grown Ground Coffee 200g",
    "COL Price": 8,
    "COL ppu": "$4.00 per 100G",
    "COL Size": "200g"
  },
  {
    "Brand_Product_Size": "Mission Salsa Black Bean And Chipotle 300g",
    "COL Price": 4,
    "COL ppu": "$1.33 per 100G",
    "COL Size": "300g"
  },
  {
    "Brand_Product_Size": "Obento Cooking Sake 250mL",
    "COL Price": 3.3,
    "COL ppu": "$1.32 per 100mL",
    "COL Size": "250mL"
  },
  {
    "Brand_Product_Size": "Oreo Original Mini Biscuit Multipack 230g",
    "COL Price": 3.95,
    "COL ppu": "$1.72 per 100G",
    "COL Size": "230g"
  },
  {
    "Brand_Product_Size": "Nature's Way Kids Smart Vita Gummies Calcium 60 pack",
    "COL Price": 14.5,
    "COL ppu": "$0.24 per 1Ea",
    "COL Size": "60 pack"
  },
  {
    "Brand_Product_Size": "Happy Snack Company Favva Beans Red Pepper & Chilli 6 Pack 150g",
    "COL Price": 4.2,
    "COL ppu": "$2.80 per 100G",
    "COL Size": "150g"
  },
  {
    "Brand_Product_Size": "Always Fresh Stuffed Olives Anchovy 235g",
    "COL Price": 3.5,
    "COL ppu": "$14.89 per 1Kg",
    "COL Size": "235g"
  },
  {
    "Brand_Product_Size": "Ayam Satay Sauce Canned Mild 250mL",
    "COL Price": 3.5,
    "COL ppu": "$1.40 per 100mL",
    "COL Size": "250mL"
  },
  {
    "Brand_Product_Size": "Black Swan Corn Relish 200g",
    "COL Price": 3.5,
    "COL ppu": "$1.75 per 100G",
    "COL Size": "200g"
  },
  {
    "Brand_Product_Size": "Hask Monoi Coconut Oil 5 In 1 Leave In Spray 175mL",
    "COL Price": 15,
    "COL ppu": "$8.57 per 100mL",
    "COL Size": "175mL"
  },
  {
    "Brand_Product_Size": "Coles Bakery Stone Baked By Laurent Sourdough Baguette each",
    "COL Price": 3.5,
    "COL ppu": "$3.50 per 1Ea",
    "COL Size": "each"
  },
  {
    "Brand_Product_Size": "Starbucks Ndg Capsules Pike Place 12 pack",
    "COL Price": 5,
    "COL ppu": "$0.42 per 1Ea",
    "COL Size": "12 pack"
  },
  {
    "Brand_Product_Size": "Ayam Pure Black Sesame Oil 210mL",
    "COL Price": 5.5,
    "COL ppu": "$2.62 per 100mL",
    "COL Size": "210mL"
  },
  {
    "Brand_Product_Size": "Carmans Baked Apple & Cinnamon Crunchy Clusters 500g",
    "COL Price": 6.9,
    "COL ppu": "$1.38 per 100G",
    "COL Size": "500g"
  },
  {
    "Brand_Product_Size": "Coles Graze Lamb Extra Trim Cutlets approx. 300g",
    "COL Price": 15,
    "COL ppu": "$50.00 per 1Kg",
    "COL Size": "approx. 300g"
  },
  {
    "Brand_Product_Size": "Nood Cage Free Chicken Recipe With Garden Vegetables Puppy Dog Food 100g 12 pack",
    "COL Price": 15,
    "COL ppu": "$12.50 per 1Kg",
    "COL Size": "12 pack"
  },
  {
    "Brand_Product_Size": "Coles Rose Icing Figurines 12g",
    "COL Price": 3.5,
    "COL ppu": "$29.17 per 100G",
    "COL Size": "12g"
  },
  {
    "Brand_Product_Size": "Cadbury Special Treats Dairy Milk Chocolate Multipack 180g",
    "COL Price": 2.5,
    "COL ppu": "$1.39 per 100G",
    "COL Size": "180g"
  },
  {
    "Brand_Product_Size": "Conimex Sambal Oelek 190g",
    "COL Price": 4.5,
    "COL ppu": "$0.24 per 10G",
    "COL Size": "190g"
  },
  {
    "Brand_Product_Size": "Duracell A23 MN21 12V Batteries 2 pack",
    "COL Price": 5.5,
    "COL ppu": "$2.75 per 1Ea",
    "COL Size": "2 pack"
  },
  {
    "Brand_Product_Size": "Dove Antiperspirant Roll On Women Clinic AL Pomegranate 50mL",
    "COL Price": 8,
    "COL ppu": "$16.00 per 100mL",
    "COL Size": "50mL"
  },
  {
    "Brand_Product_Size": "Disprin Original Fast and Effective Dispersible Tablets 300mg Aspirin 24 pack",
    "COL Price": 5,
    "COL ppu": "$0.21 per 1Ea",
    "COL Size": "24 pack"
  },
  {
    "Brand_Product_Size": "Crankt Gluten Free Choc Mint Flavour Protein + Energy Bar 55g",
    "COL Price": 3.75,
    "COL ppu": "$0.68 per 10G",
    "COL Size": "55g"
  },
  {
    "Brand_Product_Size": "Sunrice 90 secs Steamed Basmati Rice 250g",
    "COL Price": 2.5,
    "COL ppu": "$1.00 per 100G",
    "COL Size": "250g"
  },
  {
    "Brand_Product_Size": "Coles Brown Onions Prepacked 1kg",
    "COL Price": 2.5,
    "COL ppu": "$2.50 per 1Kg",
    "COL Size": "1kg"
  },
  {
    "Brand_Product_Size": "Edgell Peas Corn & Carrots 420g",
    "COL Price": 2,
    "COL ppu": "$4.76 per 1Kg",
    "COL Size": "420g"
  },
  {
    "Brand_Product_Size": "The Laughing Cow Cheese Spread 128g",
    "COL Price": 2.5,
    "COL ppu": "$19.53 per 1Kg",
    "COL Size": "128g"
  },
  {
    "Brand_Product_Size": "Moccona Classic Dark Roast Instant Coffee 100g",
    "COL Price": 9.95,
    "COL ppu": "$9.95 per 100G",
    "COL Size": "100g"
  },
  {
    "Brand_Product_Size": "Hoyts Sundried Tomatoes 1.7kg",
    "COL Price": 15,
    "COL ppu": "$8.82 per 1Kg",
    "COL Size": "1.7kg"
  },
  {
    "Brand_Product_Size": "Optimum Lamb & Rice Adult Wet Dog Food Can 400g",
    "COL Price": 2.6,
    "COL ppu": "$0.65 per 100G",
    "COL Size": "400g"
  },
  {
    "Brand_Product_Size": "Barker's Raspberry Jam 455g",
    "COL Price": 5,
    "COL ppu": "$1.10 per 100G",
    "COL Size": "455g"
  },
  {
    "Brand_Product_Size": "Sukin Cleansing Hand Wash Ylang Ylang & Cedar Pump 500mL",
    "COL Price": 9.95,
    "COL ppu": "$1.99 per 100mL",
    "COL Size": "500mL"
  },
  {
    "Brand_Product_Size": "Fletchers Sweet Spiced Gherkins 560g",
    "COL Price": 4,
    "COL ppu": "$7.14 per 1Kg",
    "COL Size": "560g"
  },
  {
    "Brand_Product_Size": "Nicorette Classic Gum 75 pack",
    "COL Price": 29,
    "COL ppu": "$29.00 per 1ea",
    "COL Size": "75 pack"
  },
  {
    "Brand_Product_Size": "Coles Urban Coffee Culture Syrup Vanilla 360mL",
    "COL Price": 5,
    "COL ppu": "$1.39 per 100mL",
    "COL Size": "360mL"
  },
  {
    "Brand_Product_Size": "Coles Jam Raspberry 480g",
    "COL Price": 2,
    "COL ppu": "$0.42 per 100G",
    "COL Size": "480g"
  },
  {
    "Brand_Product_Size": "Gippsland Dairy Smooth & Creamy Yoghurt 720g",
    "COL Price": 5.5,
    "COL ppu": "$0.76 per 100G",
    "COL Size": "720g"
  },
  {
    "Brand_Product_Size": "Schwarzkopf Extra Care Super Hold Hair Lacquer 250g",
    "COL Price": 7,
    "COL ppu": "$2.80 per 100G",
    "COL Size": "250g"
  },
  {
    "Brand_Product_Size": "Original Juice Co. Goodness Green Pressed Juice 1L",
    "COL Price": 6,
    "COL ppu": "$6.00 per 1L",
    "COL Size": "1L"
  },
  {
    "Brand_Product_Size": "Coles Deli Salad Tubs Medium Quinoa Tabouleh Salad medium",
    "COL Price": 6,
    "COL ppu": "$6.00 per 1Ea",
    "COL Size": "medium"
  },
  {
    "Brand_Product_Size": "Jinmailang Egg Noodle 1kg",
    "COL Price": 2.5,
    "COL ppu": "$2.50 per 1Kg",
    "COL Size": "1kg"
  },
  {
    "Brand_Product_Size": "Bio Cheese Creamy Original Spreadable 150g",
    "COL Price": 6.5,
    "COL ppu": "$43.34 per 1Kg",
    "COL Size": "150g"
  },
  {
    "Brand_Product_Size": "Vicks VapoDrops Honey Lemon & Menthol 16 pack",
    "COL Price": 5.1,
    "COL ppu": "$0.32 per 1Ea",
    "COL Size": "16 pack"
  },
  {
    "Brand_Product_Size": "Patak's Plain Mini Pappadums 75g",
    "COL Price": 4.1,
    "COL ppu": "$5.47 per 100G",
    "COL Size": "75g"
  },
  {
    "Brand_Product_Size": "Darrell Lea Dark Chocolate Liquorice Block 180g",
    "COL Price": 3,
    "COL ppu": "$1.67 per 100G",
    "COL Size": "180g"
  },
  {
    "Brand_Product_Size": "Glad Cling Wrap 100m",
    "COL Price": 4.95,
    "COL ppu": "$0.05 per 1M",
    "COL Size": "100m"
  },
  {
    "Brand_Product_Size": "Blackmores Evening Primrose Oil Tablets 125 pack",
    "COL Price": 10,
    "COL ppu": "$8.00 per 100Ea",
    "COL Size": "125 pack"
  },
  {
    "Brand_Product_Size": "Coles Tomatoes Kumato 500g",
    "COL Price": 6.9,
    "COL ppu": "$13.80 per 1Kg",
    "COL Size": "500g"
  },
  {
    "Brand_Product_Size": "Tommee Tippee Intuituve Thermal Bottle Travel Bags 2 pack",
    "COL Price": 20,
    "COL ppu": "$10.00 per 1Ea",
    "COL Size": "2 pack"
  },
  {
    "Brand_Product_Size": "Telfast Hayfever Allergy Relief 60mg Tablets 20 pack",
    "COL Price": 12,
    "COL ppu": "$0.60 per 1Ea",
    "COL Size": "20 pack"
  },
  {
    "Brand_Product_Size": "Schwarzkopf Taft Power Cashmere Touch Mousse 200g",
    "COL Price": 4.4,
    "COL ppu": "$2.20 per 100G",
    "COL Size": "200g"
  },
  {
    "Brand_Product_Size": "Mazzetti Glaze Balsamic Vinegar 215mL",
    "COL Price": 7,
    "COL ppu": "$3.26 per 100mL",
    "COL Size": "215mL"
  },
  {
    "Brand_Product_Size": "Covergirl Clean Fresh Skin Milk Foundation Medium 30mL",
    "COL Price": 20,
    "COL ppu": "$6.67 per 10mL",
    "COL Size": "30mL"
  },
  {
    "Brand_Product_Size": "Three Aussie Farmers Louisiana Pork Sausage 500g",
    "COL Price": 7,
    "COL ppu": "$1.40 per 100G",
    "COL Size": "500g"
  },
  {
    "Brand_Product_Size": "Coles Finest Dark Caramel Sea Salt Belgian Block 100g",
    "COL Price": 2.5,
    "COL ppu": "$2.50 per 100G",
    "COL Size": "100g"
  },
  {
    "Brand_Product_Size": "Coles Cotton Balls 200 pack",
    "COL Price": 2,
    "COL ppu": "$0.01 per 1Ea",
    "COL Size": "200 pack"
  },
  {
    "Brand_Product_Size": "Steggles Frozen Flaming Chicken Wing Nibbles 1kg",
    "COL Price": 11,
    "COL ppu": "$11.00 per 1Kg",
    "COL Size": "1kg"
  },
  {
    "Brand_Product_Size": "Coles Irresistible Chocolate Ice Cream Tub 1L",
    "COL Price": 5,
    "COL ppu": "$0.50 per 100mL",
    "COL Size": "1L"
  },
  {
    "Brand_Product_Size": "Palmer's Moisturising Body Oil 250mL",
    "COL Price": 11,
    "COL ppu": "$4.40 per 100mL",
    "COL Size": "250mL"
  },
  {
    "Brand_Product_Size": "Coles Finest Angus Beef Ragu Ravioli 350g",
    "COL Price": 5,
    "COL ppu": "$1.43 per 100G",
    "COL Size": "350g"
  },
  {
    "Brand_Product_Size": "WaterWipes Fragrance Free Sensitive Skin 60 Baby Wipes 60 pack",
    "COL Price": 6,
    "COL ppu": "$0.10 per 1Ea",
    "COL Size": "60 pack"
  },
  {
    "Brand_Product_Size": "Libra Long Liners 39 pack",
    "COL Price": 2.55,
    "COL ppu": "$0.07 per 1Ea",
    "COL Size": "39 pack"
  },
  {
    "Brand_Product_Size": "Coles Organic Stir Fry 300g",
    "COL Price": 4.5,
    "COL ppu": "$15.00 per 1Kg",
    "COL Size": "300g"
  },
  {
    "Brand_Product_Size": "Colgate Optic White Enamel White Whitening Toothpaste 95g",
    "COL Price": 8,
    "COL ppu": "$8.42 per 100G",
    "COL Size": "95g"
  },
  {
    "Brand_Product_Size": "Coles Original Corn Chips 200g",
    "COL Price": 1.9,
    "COL ppu": "$0.95 per 100G",
    "COL Size": "200g"
  },
  {
    "Brand_Product_Size": "Moira Mac's Turkey Breast Portion 500g",
    "COL Price": 10,
    "COL ppu": "$20.00 per 1Kg",
    "COL Size": "500g"
  },
  {
    "Brand_Product_Size": "Coles Deli Castello White Cheese approx. 100g",
    "COL Price": 4.5,
    "COL ppu": "$45.00 per 1Kg",
    "COL Size": "approx. 100g"
  },
  {
    "Brand_Product_Size": "Crankt Gluten Free Cookies And Cream Flavour Protein + Energy Bar 55g",
    "COL Price": 3.75,
    "COL ppu": "$0.68 per 10G",
    "COL Size": "55g"
  },
  {
    "Brand_Product_Size": "Green's Red Velvet Cupcakes 410g",
    "COL Price": 3.2,
    "COL ppu": "$0.78 per 100G",
    "COL Size": "410g"
  },
  {
    "Brand_Product_Size": "Wonder White Bread Sandwich High Fibre Plus 700g",
    "COL Price": 3.4,
    "COL ppu": "$0.49 per 100G",
    "COL Size": "700g"
  },
  {
    "Brand_Product_Size": "Kraft Easy Mac Classic Cheese 8 Pack 560g",
    "COL Price": 6,
    "COL ppu": "$1.07 per 100G",
    "COL Size": "560g"
  },
  {
    "Brand_Product_Size": "Sweet William Rice Crackle Chocolate Koalas 180g",
    "COL Price": 5.2,
    "COL ppu": "$2.89 per 100G",
    "COL Size": "180g"
  },
  {
    "Brand_Product_Size": "OB Finest Entertaining Pack 310g",
    "COL Price": 10.5,
    "COL ppu": "$3.39 per 100G",
    "COL Size": "310g"
  },
  {
    "Brand_Product_Size": "Coles Checkers Crackers 250g",
    "COL Price": 1.5,
    "COL ppu": "$0.60 per 100G",
    "COL Size": "250g"
  },
  {
    "Brand_Product_Size": "Red Rock Deli Gourmet Crackers Salt Black Pepper 130g",
    "COL Price": 4,
    "COL ppu": "$3.08 per 100G",
    "COL Size": "130g"
  },
  {
    "Brand_Product_Size": "Coles Frozen Party Sausage Rolls 24 pack 1kg",
    "COL Price": 6.5,
    "COL ppu": "$0.65 per 100G",
    "COL Size": "1kg"
  },
  {
    "Brand_Product_Size": "Musashi P30 High Protein Choc 900g",
    "COL Price": 27,
    "COL ppu": "$3.00 per 100G",
    "COL Size": "900g"
  },
  {
    "Brand_Product_Size": "Vege Deli Crisps Turmeric & Cheese Chips 100g",
    "COL Price": 2.75,
    "COL ppu": "$2.75 per 100G",
    "COL Size": "100g"
  },
  {
    "Brand_Product_Size": "Smiths Baked Snacks Sour Cream & Chives 130g",
    "COL Price": 2.5,
    "COL ppu": "$1.92 per 100G",
    "COL Size": "130g"
  },
  {
    "Brand_Product_Size": "Sunsilk Detox For Men Shampoo 350mL",
    "COL Price": 5.5,
    "COL ppu": "$1.57 per 100mL",
    "COL Size": "350mL"
  },
  {
    "Brand_Product_Size": "Coles Bakery Stonebaked Mini Rye Pane Di Casa each",
    "COL Price": 2.85,
    "COL ppu": "$2.85 per 1Ea",
    "COL Size": "each"
  },
  {
    "Brand_Product_Size": "ABC Sweet Soy Sauce 275mL",
    "COL Price": 2,
    "COL ppu": "$0.73 per 100mL",
    "COL Size": "275mL"
  },
  {
    "Brand_Product_Size": "Arnott's Shapes Chicken Crimpy Crackers Party Pack 400g",
    "COL Price": 4.5,
    "COL ppu": "$1.13 per 100G",
    "COL Size": "400g"
  },
  {
    "Brand_Product_Size": "Coles Organic Australian Coleslaw 200g",
    "COL Price": 3.5,
    "COL ppu": "$17.50 per 1Kg",
    "COL Size": "200g"
  },
  {
    "Brand_Product_Size": "Garnier Coconut Water & Hyaluronic Acid Hydra Bomb Eye Tissue Mask 6g",
    "COL Price": 2,
    "COL ppu": "$33.34 per 100G",
    "COL Size": "6g"
  },
  {
    "Brand_Product_Size": "Mainland On The Go Tasty Cheese & Artisan Crackers With Cranberry & Sunflower Seed 38g",
    "COL Price": 2.5,
    "COL ppu": "",
    "COL Size": "38g"
  },
  {
    "Brand_Product_Size": "Schwarzkopf Hazelnut  Live Colour 1 pack",
    "COL Price": 14,
    "COL ppu": "$14.00 per 1Ea",
    "COL Size": "1 pack"
  },
  {
    "Brand_Product_Size": "Ice Break Regular Strength Real Coffee 2L",
    "COL Price": 5,
    "COL ppu": "$2.50 per 1L",
    "COL Size": "2L"
  },
  {
    "Brand_Product_Size": "Head & Shoulders Ultra Men 2 In 1 Hair Retain Shampoo 400mL",
    "COL Price": 7.5,
    "COL ppu": "$1.88 per 100mL",
    "COL Size": "400mL"
  },
  {
    "Brand_Product_Size": "Rexona Women Antiperspirant Pump Sport Deodorant 150mL",
    "COL Price": 7.3,
    "COL ppu": "$4.87 per 100mL",
    "COL Size": "150mL"
  },
  {
    "Brand_Product_Size": "Coles Finest Artisan Kale & Caramelised Onion Crispbread 130g",
    "COL Price": 3,
    "COL ppu": "$2.31 per 100G",
    "COL Size": "130g"
  },
  {
    "Brand_Product_Size": "Coles Brown Onions Prepacked 2kg",
    "COL Price": 5.5,
    "COL ppu": "$2.75 per 1Kg",
    "COL Size": "2kg"
  },
  {
    "Brand_Product_Size": "Poise Extra Light Liner Pads 10 pack",
    "COL Price": 2,
    "COL ppu": "$0.20 per 1Ea",
    "COL Size": "10 pack"
  },
  {
    "Brand_Product_Size": "Beerenberg Asian Dipping Sauce 300 mL",
    "COL Price": 6.5,
    "COL ppu": "",
    "COL Size": "300 mL"
  },
  {
    "Brand_Product_Size": "Louisiana Dirty Rice Mix 100g",
    "COL Price": 7,
    "COL ppu": "$3.10 per 100G",
    "COL Size": "100g"
  },
  {
    "Brand_Product_Size": "Sodastream Sparkling Water Maker Spirit Black each",
    "COL Price": 99,
    "COL ppu": "$99.00 per 1Ea",
    "COL Size": "each"
  },
  {
    "Brand_Product_Size": "Coles I'M Free From Cookies & Cream Biscuits 120g",
    "COL Price": 3.5,
    "COL ppu": "$2.92 per 100G",
    "COL Size": "120g"
  },
  {
    "Brand_Product_Size": "Nerada Organic Echinacia & Lemon Tea Bags 40 pack",
    "COL Price": 4,
    "COL ppu": "$0.10 per 1Ea",
    "COL Size": "40 pack"
  },
  {
    "Brand_Product_Size": "L'Oreal Paris Excellence 10.21 Very Light Pearl Blonde Hair Colour 1 pack",
    "COL Price": 20,
    "COL ppu": "$20.00 per 1Ea",
    "COL Size": "1 pack"
  },
  {
    "Brand_Product_Size": "Centrum Cherry Flavour Kids Incremin Liquid 200mL",
    "COL Price": 17,
    "COL ppu": "$8.50 per 100mL",
    "COL Size": "200mL"
  },
  {
    "Brand_Product_Size": "Kleenex 3 Ply Wellbeing Facial Tissues Aloe Vera 60 pack",
    "COL Price": 2.3,
    "COL ppu": "$0.04 per 1Ea",
    "COL Size": "60 pack"
  },
  {
    "Brand_Product_Size": "Vicks Vapodrops Blackcurrant Menthol Lozenges 16 pack",
    "COL Price": 8,
    "COL ppu": "$0.50 per 1Ea",
    "COL Size": "16 pack"
  },
  {
    "Brand_Product_Size": "Sanitarium So Good Unsweetened Almond Milk 1L",
    "COL Price": 3,
    "COL ppu": "$3.00 per 1L",
    "COL Size": "1L"
  },
  {
    "Brand_Product_Size": "Willow Ice Brick Plastic Large each",
    "COL Price": 5,
    "COL ppu": "$5.00 per 1Ea",
    "COL Size": "each"
  },
  {
    "Brand_Product_Size": "John West Tempters Tomato & Onion Salmon 95g",
    "COL Price": 2,
    "COL ppu": "$21.05 per 1Kg",
    "COL Size": "95g"
  },
  {
    "Brand_Product_Size": "Kan Tong Sticky Chicken Teriyaki Sauce 175g",
    "COL Price": 2.9,
    "COL ppu": "$1.66 per 100G",
    "COL Size": "175g"
  },
  {
    "Brand_Product_Size": "Tracklements Original Onion Marmalade 250g",
    "COL Price": 14.75,
    "COL ppu": "$5.90 per 100G",
    "COL Size": "250g"
  },
  {
    "Brand_Product_Size": "John Frieda Detox & Repair And Protect Spray 250mL",
    "COL Price": 18,
    "COL ppu": "$7.20 per 100mL",
    "COL Size": "250mL"
  },
  {
    "Brand_Product_Size": "Coles Very Berry Mix 200g",
    "COL Price": 3.5,
    "COL ppu": "$17.50 per 1Kg",
    "COL Size": "200g"
  },
  {
    "Brand_Product_Size": "Kellogg's Coco Pops Chex Chocolatey Breakfast Cereal 500g",
    "COL Price": 3.5,
    "COL ppu": "$0.70 per 100G",
    "COL Size": "500g"
  },
  {
    "Brand_Product_Size": "Coles Fresh Seafood Ocean Trout Portion approx. 200g",
    "COL Price": 7.8,
    "COL ppu": "$39.00 per 1Kg",
    "COL Size": "approx. 200g"
  },
  {
    "Brand_Product_Size": "Cortas Orange Blossom Water 500mL",
    "COL Price": 6.5,
    "COL ppu": "$1.30 per 100mL",
    "COL Size": "500mL"
  },
  {
    "Brand_Product_Size": "Coles Shower Puff On Rope each",
    "COL Price": 2.5,
    "COL ppu": "$2.50 per 1Ea",
    "COL Size": "each"
  },
  {
    "Brand_Product_Size": "Smiths Baked Snacks Sour Cream & Chives 130g",
    "COL Price": 2.5,
    "COL ppu": "$1.92 per 100G",
    "COL Size": "130g"
  },
  {
    "Brand_Product_Size": "Musashi Shred & Burn Chocolate Milkshake Flavour Protein 340g",
    "COL Price": 20,
    "COL ppu": "$5.88 per 100G",
    "COL Size": "340g"
  },
  {
    "Brand_Product_Size": "Mother Frosty Berry Energy Drink Can 500mL 4 pack",
    "COL Price": 6.85,
    "COL ppu": "$3.43 per 1L",
    "COL Size": "4 pack"
  },
  {
    "Brand_Product_Size": "Optrex Actimist Preservative Free Eye Spray 10mL",
    "COL Price": 21.99,
    "COL ppu": "$219.90 per 100mL",
    "COL Size": "10mL"
  },
  {
    "Brand_Product_Size": "Dairy Farmers Skim Milk 2L",
    "COL Price": 4,
    "COL ppu": "$2.00 per 1L",
    "COL Size": "2L"
  },
  {
    "Brand_Product_Size": "Tilda Steamed Basmati Brown Microwavable Rice 250g",
    "COL Price": 3.4,
    "COL ppu": "$1.36 per 100G",
    "COL Size": "250g"
  },
  {
    "Brand_Product_Size": "Rite Aid Hydrogel Breast Discs 12 pack",
    "COL Price": 8.3,
    "COL ppu": "$0.69 per 1Ea",
    "COL Size": "12 pack"
  },
  {
    "Brand_Product_Size": "Coles Kitchen Garlic Baguette Twin Pack 450g",
    "COL Price": 2.8,
    "COL ppu": "$0.62 per 100G",
    "COL Size": "450g"
  },
  {
    "Brand_Product_Size": "King Island Dairy Surprise Bay Cheddar Cheese Block approx.100g",
    "COL Price": 4,
    "COL ppu": "$40.00 per 1Kg",
    "COL Size": "approx.100g"
  },
  {
    "Brand_Product_Size": "Hydralyte Electrolyte Powder Orange Flavour 10 pack",
    "COL Price": 14,
    "COL ppu": "$1.40 per 1Ea",
    "COL Size": "10 pack"
  },
  {
    "Brand_Product_Size": "Kiddylicious Banana Fruity Puffs 7+ Months 10g",
    "COL Price": 1.8,
    "COL ppu": "$18.00 per 100G",
    "COL Size": "10g"
  },
  {
    "Brand_Product_Size": "Elastoplast Knee Support each",
    "COL Price": 20,
    "COL ppu": "$20.00 per 1Ea",
    "COL Size": "each"
  },
  {
    "Brand_Product_Size": "Sistema Klip It Plus Rectangle Container 7.5L each",
    "COL Price": 6.75,
    "COL ppu": "$6.75 per 1Ea",
    "COL Size": "each"
  },
  {
    "Brand_Product_Size": "South Cape Spring Onion & Chive Cream Cheese 200g",
    "COL Price": 3.6,
    "COL ppu": "$18.00 per 1Kg",
    "COL Size": "200g"
  },
  {
    "Brand_Product_Size": "Coles Almond Meal 150g",
    "COL Price": 3.85,
    "COL ppu": "$25.67 per 1Kg",
    "COL Size": "150g"
  },
  {
    "Brand_Product_Size": "Olympian Turkish Delight With Rose & Almond 300g",
    "COL Price": 8,
    "COL ppu": "$2.67 per 100G",
    "COL Size": "300g"
  },
  {
    "Brand_Product_Size": "Helga's 10 Grains & Seeds Square Bread Loaf 750g",
    "COL Price": 3.9,
    "COL ppu": "$0.52 per 100G",
    "COL Size": "750g"
  },
  {
    "Brand_Product_Size": "Obela Zesty Jalapeno Hommus Dip 220g",
    "COL Price": 4.5,
    "COL ppu": "$2.05 per 100G",
    "COL Size": "220g"
  },
  {
    "Brand_Product_Size": "Coles Urban Coffee Culture Strong Beans 1kg",
    "COL Price": 12,
    "COL ppu": "$12.00 per 1Kg",
    "COL Size": "1kg"
  },
  {
    "Brand_Product_Size": "Radox Detoxed Bath Salts 900g",
    "COL Price": 8.5,
    "COL ppu": "$0.94 per 100G",
    "COL Size": "900g"
  },
  {
    "Brand_Product_Size": "Nescafe Cappuccino Coffee Sachets 10 pack",
    "COL Price": 6.3,
    "COL ppu": "$0.63 per 1Ea",
    "COL Size": "10 pack"
  },
  {
    "Brand_Product_Size": "Coles Kitchen Spinach & Ricotta Canneloni 340g",
    "COL Price": 5,
    "COL ppu": "$1.47 per 100G",
    "COL Size": "340g"
  },
  {
    "Brand_Product_Size": "Sukin Arkie Hand Wash 500mL",
    "COL Price": 9.95,
    "COL ppu": "$1.99 per 100mL",
    "COL Size": "500mL"
  },
  {
    "Brand_Product_Size": "Cook & Dine Glazed Side Plate each",
    "COL Price": 5,
    "COL ppu": "$5.00 per 1Ea",
    "COL Size": "each"
  },
  {
    "Brand_Product_Size": "VO5 Extra Hold Hairspray 200g",
    "COL Price": 4,
    "COL ppu": "$2.00 per 100G",
    "COL Size": "200g"
  },
  {
    "Brand_Product_Size": "Primo Stackers Spicy Chorizo Cheese & Crackers 50g",
    "COL Price": 4,
    "COL ppu": "",
    "COL Size": "50g"
  },
  {
    "Brand_Product_Size": "Coles Bakery Stone Baked By Laurent Mini White Sourdough Vienna each",
    "COL Price": 2.85,
    "COL ppu": "$2.85 per 1Ea",
    "COL Size": "each"
  },
  {
    "Brand_Product_Size": "Coles Vegan Crumbed Tofu Nuggets 200g",
    "COL Price": 6,
    "COL ppu": "$3.00 per 100G",
    "COL Size": "200g"
  },
  {
    "Brand_Product_Size": "Heinz Tomato Ketchup 50% Less Sugar 500mL",
    "COL Price": 2.5,
    "COL ppu": "$0.50 per 100mL",
    "COL Size": "500mL"
  },
  {
    "Brand_Product_Size": "Artisan Wild Baby Figs 150g",
    "COL Price": 9,
    "COL ppu": "$60.00 per 1Kg",
    "COL Size": "150g"
  },
  {
    "Brand_Product_Size": "Hanabi Frozen Pork Potstickers 500g",
    "COL Price": 8,
    "COL ppu": "$16.00 per 1Kg",
    "COL Size": "500g"
  },
  {
    "Brand_Product_Size": "Zafarelli Penne Rigati Pasta No 18 500g",
    "COL Price": 1.6,
    "COL ppu": "$0.32 per 100G",
    "COL Size": "500g"
  },
  {
    "Brand_Product_Size": "Hudson's Jackfruit Tex Mex 250g",
    "COL Price": 6,
    "COL ppu": "$2.40 per 100G",
    "COL Size": "250g"
  },
  {
    "Brand_Product_Size": "Thankyou Lemon Myrtle & Goats Milk Body Wash 500mL",
    "COL Price": 5.6,
    "COL ppu": "$1.12 per 100mL",
    "COL Size": "500mL"
  },
  {
    "Brand_Product_Size": "Birds Eye Frozen Steam Fresh Beans Carrot & Broccoli Mix 3 pack 450g",
    "COL Price": 2.8,
    "COL ppu": "$6.22 per 1Kg",
    "COL Size": "450g"
  },
  {
    "Brand_Product_Size": "CC's Nacho Cheese Corn Chips 175g",
    "COL Price": 3.5,
    "COL ppu": "$2.00 per 100G",
    "COL Size": "175g"
  },
  {
    "Brand_Product_Size": "Keep It Cleaner Bliss Balls Chocolate Orange 40g",
    "COL Price": 2.5,
    "COL ppu": "$6.25 per 100mL",
    "COL Size": "40g"
  },
  {
    "Brand_Product_Size": "Coles Finest Mini Croissants 6 pack",
    "COL Price": 4,
    "COL ppu": "$0.67 per 1Ea",
    "COL Size": "6 pack"
  },
  {
    "Brand_Product_Size": "Dove Daily Care Conditioner 640mL",
    "COL Price": 11.9,
    "COL ppu": "$1.86 per 100mL",
    "COL Size": "640mL"
  },
  {
    "Brand_Product_Size": "Coles Black Plastic Hangers 10 pack",
    "COL Price": 4.75,
    "COL ppu": "$0.48 per 1Ea",
    "COL Size": "10 pack"
  },
  {
    "Brand_Product_Size": "Yoplait Forme No Fat Strawberry Yoghurt 1kg",
    "COL Price": 4,
    "COL ppu": "$4.00 per 1Kg",
    "COL Size": "1kg"
  },
  {
    "Brand_Product_Size": "Pepsi Vanilla Soft Drink 2L",
    "COL Price": 2.15,
    "COL ppu": "$1.08 per 1L",
    "COL Size": "2L"
  },
  {
    "Brand_Product_Size": "Nescafe Dolce Gusto Espresso Intenso Coffee Capsules 16 pack 96g",
    "COL Price": 8.5,
    "COL ppu": "$8.85 per 100G",
    "COL Size": "96g"
  },
  {
    "Brand_Product_Size": "Rafferty's Garden Sweet Potato Carrot & Barley 6M+ 120g",
    "COL Price": 1.9,
    "COL ppu": "$1.58 per 100G",
    "COL Size": "120g"
  },
  {
    "Brand_Product_Size": "Finish Lemon Dishwasher Cleaner 250mL",
    "COL Price": 8,
    "COL ppu": "$3.20 per 100mL",
    "COL Size": "250mL"
  },
  {
    "Brand_Product_Size": "Vegie Delights Beef Style Burgers 300g",
    "COL Price": 6,
    "COL ppu": "$2.00 per 100G",
    "COL Size": "300g"
  },
  {
    "Brand_Product_Size": "Loacker Gran Pasticceria Biscuit Dark Choc Orange 100g",
    "COL Price": 4,
    "COL ppu": "$4.00 per 100G",
    "COL Size": "100g"
  },
  {
    "Brand_Product_Size": "Swisspers Round Travel Make Up Pads 20 pack",
    "COL Price": 1.5,
    "COL ppu": "$0.08 per 1Ea",
    "COL Size": "20 pack"
  },
  {
    "Brand_Product_Size": "Chupa Chups Mix Of Minis 320g",
    "COL Price": 5,
    "COL ppu": "$1.56 per 100G",
    "COL Size": "320g"
  },
  {
    "Brand_Product_Size": "OMO Active Clean Front & Top Loader Laundry Detergent Washing Powder 5kg",
    "COL Price": 30,
    "COL ppu": "$6.00 per 1Kg",
    "COL Size": "5kg"
  },
  {
    "Brand_Product_Size": "U By Kotex Ultra Thin Super with Wings Pads 12 pack",
    "COL Price": 4,
    "COL ppu": "$0.33 per 1Ea",
    "COL Size": "12 pack"
  },
  {
    "Brand_Product_Size": "Coles Lamb Koftas 450g",
    "COL Price": 8.5,
    "COL ppu": "$18.89 per 1Kg",
    "COL Size": "450g"
  },
  {
    "Brand_Product_Size": "Nature's Way Epo 1000mg + Star Flower Capsules 125 pack",
    "COL Price": 23,
    "COL ppu": "$0.18 per 1Ea",
    "COL Size": "125 pack"
  },
  {
    "Brand_Product_Size": "Nature's Gift Just Natural Meal Time Chicken Rice & Vegetables Dog Food 1.2kg",
    "COL Price": 3.5,
    "COL ppu": "$0.29 per 100G",
    "COL Size": "1.2kg"
  },
  {
    "Brand_Product_Size": "Rocco's Cheese Kransky each",
    "COL Price": 2.3,
    "COL ppu": "$2.30 per 1Ea",
    "COL Size": "each"
  },
  {
    "Brand_Product_Size": "Hawaiian Tropic Silk Hydration After Sun Moisturisation Lotion 240mL",
    "COL Price": 12.5,
    "COL ppu": "$5.21 per 100mL",
    "COL Size": "240mL"
  },
  {
    "Brand_Product_Size": "Old El Paso Spice Mix For Fajitas Mild 40g",
    "COL Price": 2,
    "COL ppu": "$0.50 per 10G",
    "COL Size": "40g"
  },
  {
    "Brand_Product_Size": "V Sugar Free Blue Energy Drink 275mL 4 pack",
    "COL Price": 9.95,
    "COL ppu": "$9.05 per 1L",
    "COL Size": "4 pack"
  },
  {
    "Brand_Product_Size": "Metamucil Wild Berry 114 Doses 673g",
    "COL Price": 31.5,
    "COL ppu": "$4.68 per 100G",
    "COL Size": "673g"
  },
  {
    "Brand_Product_Size": "Fruit Wise Fruit Straps Variety Pack 140g",
    "COL Price": 6.1,
    "COL ppu": "$4.36 per 100G",
    "COL Size": "140g"
  },
  {
    "Brand_Product_Size": "Wonder White Bread Wholemeal Plus Iron 700g",
    "COL Price": 3.4,
    "COL ppu": "$0.49 per 100G",
    "COL Size": "700g"
  },
  {
    "Brand_Product_Size": "Waterthins Classic Cheddar Cheese Twists  Biscuits 110g",
    "COL Price": 4,
    "COL ppu": "$3.64 per 100G",
    "COL Size": "110g"
  },
  {
    "Brand_Product_Size": "Glow Hair Hoops Jewel 4 pack",
    "COL Price": 6,
    "COL ppu": "$1.50 per 1Ea",
    "COL Size": "4 pack"
  },
  {
    "Brand_Product_Size": "Botanica Vanilla & Himalayan Magnolia Candle each",
    "COL Price": 8.25,
    "COL ppu": "$8.25 per 1Ea",
    "COL Size": "each"
  },
  {
    "Brand_Product_Size": "Vanish Preen Power Gel Pre-Wash Stain Remover 200mL",
    "COL Price": 5,
    "COL ppu": "$25.00 per 1L",
    "COL Size": "200mL"
  },
  {
    "Brand_Product_Size": "Arkadia Spice Chai Tea 240g",
    "COL Price": 6.5,
    "COL ppu": "$2.71 per 100G",
    "COL Size": "240g"
  },
  {
    "Brand_Product_Size": "Nature's Way Kids Gummies Immunity 60 each",
    "COL Price": 14.5,
    "COL ppu": "$0.24 per 1Ea",
    "COL Size": "60 each"
  },
  {
    "Brand_Product_Size": "Oral B Pro Health Advanced Gum Protect Toothpaste 110g",
    "COL Price": 2.5,
    "COL ppu": "$2.27 per 100G",
    "COL Size": "110g"
  },
  {
    "Brand_Product_Size": "Coles Aluminium Foil Wrap 20m 1 pack",
    "COL Price": 3.2,
    "COL ppu": "$3.20 per 1Ea",
    "COL Size": "1 pack"
  },
  {
    "Brand_Product_Size": "Coles Sage Punnet 10g",
    "COL Price": 3,
    "COL ppu": "$3.00 per 10G",
    "COL Size": "10g"
  },
  {
    "Brand_Product_Size": "Always Fresh Grissini Rosemary & Sea Salt Italian Bread Sticks 125g",
    "COL Price": 3.7,
    "COL ppu": "$2.96 per 100G",
    "COL Size": "125g"
  },
  {
    "Brand_Product_Size": "Harpic ITB Blue Power Floral Sensations 39 gram",
    "COL Price": 5,
    "COL ppu": "",
    "COL Size": "39 gram"
  },
  {
    "Brand_Product_Size": "Aphrodite Barrel Aged Feta Portion 170g",
    "COL Price": 12,
    "COL ppu": "$70.59 per 1Kg",
    "COL Size": "170g"
  },
  {
    "Brand_Product_Size": "Cook & Dine Large Bowls 4 pack",
    "COL Price": 4,
    "COL ppu": "$1.00 per 1Ea",
    "COL Size": "4 pack"
  },
  {
    "Brand_Product_Size": "Arnott's Mini Bites Sour Cream Crackers 168g",
    "COL Price": 3,
    "COL ppu": "$1.79 per 100G",
    "COL Size": "168g"
  },
  {
    "Brand_Product_Size": "Paldo Mr Kimchi Kimchi Ramen 110g",
    "COL Price": 2.4,
    "COL ppu": "$2.18 per 100G",
    "COL Size": "110g"
  },
  {
    "Brand_Product_Size": "Happy Snack Company Chocolate Roasted Chickpeas 5 Pack 100g",
    "COL Price": 4.2,
    "COL ppu": "$4.20 per 100G",
    "COL Size": "100g"
  },
  {
    "Brand_Product_Size": "Primo Double Smoked Hickory Ham approx. 125g",
    "COL Price": 2.875,
    "COL ppu": "$23.00 per 1Kg",
    "COL Size": "approx. 125g"
  },
  {
    "Brand_Product_Size": "Yoplait Le Rice Classic Vanilla Dessert 2x150g 2 pack",
    "COL Price": 3.15,
    "COL ppu": "$1.58 per 1Ea",
    "COL Size": "2 pack"
  },
  {
    "Brand_Product_Size": "Tempo Smooth & Milky Chocolate Flavoured Milk 500mL",
    "COL Price": 3,
    "COL ppu": "$6.00 per 1L",
    "COL Size": "500mL"
  },
  {
    "Brand_Product_Size": "Lavazza Tierra Planet Ground Coffee 180g",
    "COL Price": 7.5,
    "COL ppu": "$4.17 per 100G",
    "COL Size": "180g"
  },
  {
    "Brand_Product_Size": "Darikay Hearty Chicken Soup 550g",
    "COL Price": 6.5,
    "COL ppu": "$1.18 per 100G",
    "COL Size": "550g"
  },
  {
    "Brand_Product_Size": "Starbucks Cappuccino Premium Instant Mixes 5 pack",
    "COL Price": 2.95,
    "COL ppu": "$0.59 per 1Ea",
    "COL Size": "5 pack"
  },
  {
    "Brand_Product_Size": "Nature Valley Salted Caramel Protein Bar 160g",
    "COL Price": 5.3,
    "COL ppu": "$3.31 per 100G",
    "COL Size": "160g"
  },
  {
    "Brand_Product_Size": "Cook & Dine Cutlery Set 16 piece",
    "COL Price": 17,
    "COL ppu": "$1.06 per 1Ea",
    "COL Size": "16 piece"
  },
  {
    "Brand_Product_Size": "Carmelina Explosive Mixture Spread 280g",
    "COL Price": 6,
    "COL ppu": "$2.14 per 100G",
    "COL Size": "280g"
  },
  {
    "Brand_Product_Size": "Coles Fruit Salad in Syrup 4 pack 480g",
    "COL Price": 2,
    "COL ppu": "$0.42 per 100G",
    "COL Size": "480g"
  },
  {
    "Brand_Product_Size": "Smith's Crinkle Cut Original Potato Chips 6 pack 114g",
    "COL Price": 3.14,
    "COL ppu": "$2.75 per 100G",
    "COL Size": "114g"
  },
  {
    "Brand_Product_Size": "Zafarelli Fettuccine Pasta No 12 500g",
    "COL Price": 1.6,
    "COL ppu": "$0.32 per 100G",
    "COL Size": "500g"
  },
  {
    "Brand_Product_Size": "Helga's Soy Linseed Bread 850g",
    "COL Price": 3.9,
    "COL ppu": "$0.46 per 100G",
    "COL Size": "850g"
  },
  {
    "Brand_Product_Size": "Grillman Spatula each",
    "COL Price": 10,
    "COL ppu": "$10.00 per 1Ea",
    "COL Size": "each"
  },
  {
    "Brand_Product_Size": "Swisse Hemp Seed Oil 60 pack",
    "COL Price": 25,
    "COL ppu": "",
    "COL Size": "60 pack"
  },
  {
    "Brand_Product_Size": "Wildly Good Traditional Chickpea Falafel Bites 210g",
    "COL Price": 6,
    "COL ppu": "$2.86 per 100G",
    "COL Size": "210g"
  },
  {
    "Brand_Product_Size": "Oak Chocolate Malt Thickshake 425mL",
    "COL Price": 2.1,
    "COL ppu": "$4.94 per 1L",
    "COL Size": "425mL"
  },
  {
    "Brand_Product_Size": "L'Oreal Pure Clay Detoxifying Gel Wash 150mL",
    "COL Price": 10.5,
    "COL ppu": "$7.00 per 100mL",
    "COL Size": "150mL"
  },
  {
    "Brand_Product_Size": "Ivans Apple Crumble 500g",
    "COL Price": 12.5,
    "COL ppu": "$2.50 per 100G",
    "COL Size": "500g"
  },
  {
    "Brand_Product_Size": "Loacker Gran Pasticceria White Coconut 100g",
    "COL Price": 4,
    "COL ppu": "$4.00 per 100G",
    "COL Size": "100g"
  },
  {
    "Brand_Product_Size": "Doritos Nacho Cheese Corn Chips 170g",
    "COL Price": 1.75,
    "COL ppu": "$1.03 per 100G",
    "COL Size": "170g"
  },
  {
    "Brand_Product_Size": "Kirks Lemonade 1.25L",
    "COL Price": 1.15,
    "COL ppu": "$0.92 per 1L",
    "COL Size": "1.25L"
  },
  {
    "Brand_Product_Size": "Yackandandah Lemon Curd Spread 350g",
    "COL Price": 4.1,
    "COL ppu": "$1.17 per 100G",
    "COL Size": "350g"
  },
  {
    "Brand_Product_Size": "Coles Ultra Coffee Machine Descaler 250mL",
    "COL Price": 4,
    "COL ppu": "$1.60 per 100mL",
    "COL Size": "250mL"
  },
  {
    "Brand_Product_Size": "Yeo's Sambal Oelek 250mL",
    "COL Price": 4.05,
    "COL ppu": "$1.62 per 100mL",
    "COL Size": "250mL"
  },
  {
    "Brand_Product_Size": "Stayfree Regular Maxi Pads Value Pack 20 pack",
    "COL Price": 4.3,
    "COL ppu": "$0.22 per 1Ea",
    "COL Size": "20 pack"
  },
  {
    "Brand_Product_Size": "Tresemme Botanique Restore & Shine Conditioner 350mL",
    "COL Price": 6.3,
    "COL ppu": "$1.80 per 100mL",
    "COL Size": "350mL"
  },
  {
    "Brand_Product_Size": "Coles Orange & Poppy Seed Cake 400g",
    "COL Price": 7,
    "COL ppu": "$1.75 per 100G",
    "COL Size": "400g"
  },
  {
    "Brand_Product_Size": "Sellotape Sticky Tape Refill 18mm x 25m 2 pack",
    "COL Price": 3,
    "COL ppu": "",
    "COL Size": "2 pack"
  },
  {
    "Brand_Product_Size": "L'Oreal Casting Creme Gloss Dark Brown Hair Colour each",
    "COL Price": 12.8,
    "COL ppu": "$12.80 per 1Ea",
    "COL Size": "each"
  },
  {
    "Brand_Product_Size": "Coles I'M Free From Cheese Rings 90g",
    "COL Price": 2,
    "COL ppu": "$2.22 per 100G",
    "COL Size": "90g"
  },
  {
    "Brand_Product_Size": "Coles Deli Salads Tub Small Classic Potato smaLL",
    "COL Price": 4,
    "COL ppu": "$4.00 per 1Ea",
    "COL Size": "smaLL"
  },
  {
    "Brand_Product_Size": "Riviana Bamboo Shoots 230g",
    "COL Price": 1.75,
    "COL ppu": "$7.61 per 1Kg",
    "COL Size": "230g"
  },
  {
    "Brand_Product_Size": "Ajax Eco Multipurpose Wipes Lavender & Rosemary 110 pack",
    "COL Price": 10,
    "COL ppu": "$9.09 per 100Ea",
    "COL Size": "110 pack"
  },
  {
    "Brand_Product_Size": "Coles Thick Ponytailers Snagless Black 28 pack",
    "COL Price": 6.8,
    "COL ppu": "$0.24 per 1Ea",
    "COL Size": "28 pack"
  },
  {
    "Brand_Product_Size": "Arnott's Shapes Mini Bites Crackers Supreme Cheese 150g",
    "COL Price": 3.2,
    "COL ppu": "$2.13 per 100G",
    "COL Size": "150g"
  },
  {
    "Brand_Product_Size": "Coles A4 Binder Book 128 Page 3 pack",
    "COL Price": 5,
    "COL ppu": "$1.67 per 1Ea",
    "COL Size": "3 pack"
  },
  {
    "Brand_Product_Size": "Purina Lucky Dog  Minced Beef Vegetable & Marrowbone Flavour Adult Dry Dog Food 8kg",
    "COL Price": 17,
    "COL ppu": "$2.13 per 1Kg",
    "COL Size": "8kg"
  },
  {
    "Brand_Product_Size": "Chang's Vermicelli Rice Noodles 250g",
    "COL Price": 2,
    "COL ppu": "$0.80 per 100G",
    "COL Size": "250g"
  },
  {
    "Brand_Product_Size": "Three Threes Sweet Spiced Gherkins 260g",
    "COL Price": 2.35,
    "COL ppu": "$0.90 per 100G",
    "COL Size": "260g"
  },
  {
    "Brand_Product_Size": "Panadol Optizorb Paracetamol Tablets 20 pack",
    "COL Price": 4.2,
    "COL ppu": "$0.21 per 1Ea",
    "COL Size": "20 pack"
  },
  {
    "Brand_Product_Size": "MasterFoods Onion Salt 178g",
    "COL Price": 3.5,
    "COL ppu": "$1.97 per 100G",
    "COL Size": "178g"
  },
  {
    "Brand_Product_Size": "Eurobisc Croissant With Chocolate Cream Filling 6 Pack 300g",
    "COL Price": 5,
    "COL ppu": "$1.67 per 100G",
    "COL Size": "300g"
  },
  {
    "Brand_Product_Size": "Quest Cookies & Cream Protein Bar 60g",
    "COL Price": 3,
    "COL ppu": "$5.00 per 100G",
    "COL Size": "60g"
  },
  {
    "Brand_Product_Size": "Sanitarium UP&GO Vanilla Ice Cereal No Added Sugar 3x250mL 750mL",
    "COL Price": 4.95,
    "COL ppu": "$6.60 per 1L",
    "COL Size": "750mL"
  },
  {
    "Brand_Product_Size": "Pattu Mustard Seeds 200g",
    "COL Price": 1.45,
    "COL ppu": "$0.73 per 100G",
    "COL Size": "200g"
  },
  {
    "Brand_Product_Size": "Coles Ibuprofen Mini Capsules Bottle 25 pack",
    "COL Price": 3.5,
    "COL ppu": "$0.14 per 1Ea",
    "COL Size": "25 pack"
  },
  {
    "Brand_Product_Size": "Kind Dark Chocolate Nut Protein Bar 50g",
    "COL Price": 3,
    "COL ppu": "$6.00 per 100G",
    "COL Size": "50g"
  },
  {
    "Brand_Product_Size": "Farmers Market Homestyle Shreds With Chicken Carrot & Cranberries Dog Food 250g",
    "COL Price": 5,
    "COL ppu": "$2.00 per 100G",
    "COL Size": "250g"
  },
  {
    "Brand_Product_Size": "Fantastic Delites Sour Cream & Chives 100g",
    "COL Price": 2,
    "COL ppu": "$2.00 per 100G",
    "COL Size": "100g"
  },
  {
    "Brand_Product_Size": "Maille Mild Wholegrain Mustard 210g",
    "COL Price": 4.2,
    "COL ppu": "$2.00 per 100G",
    "COL Size": "210g"
  },
  {
    "Brand_Product_Size": "Halo Top Brownie Batter Ice Cream 473mL",
    "COL Price": 9,
    "COL ppu": "$1.90 per 100mL",
    "COL Size": "473mL"
  },
  {
    "Brand_Product_Size": "Doritos Mild Salsa 300g",
    "COL Price": 2.5,
    "COL ppu": "$0.83 per 100G",
    "COL Size": "300g"
  },
  {
    "Brand_Product_Size": "Clairol Natural Instincts 6 Suede Light Brown Hair Colour 1 pack",
    "COL Price": 12.8,
    "COL ppu": "$12.80 per 1Ea",
    "COL Size": "1 pack"
  },
  {
    "Brand_Product_Size": "Mountain Bread Natural Wraps 8 Pack 200g",
    "COL Price": 4,
    "COL ppu": "$2.00 per 100G",
    "COL Size": "200g"
  },
  {
    "Brand_Product_Size": "Vegie Delights Vegetarian Food Not Burger 300g",
    "COL Price": 6,
    "COL ppu": "$2.00 per 100G",
    "COL Size": "300g"
  },
  {
    "Brand_Product_Size": "Oak Iced Coffee Flavoured Milk Carton 600mL",
    "COL Price": 3.1,
    "COL ppu": "$5.17 per 1L",
    "COL Size": "600mL"
  },
  {
    "Brand_Product_Size": "Coles Gluten Free Bagels 2 pack 120g",
    "COL Price": 3,
    "COL ppu": "$2.50 per 100G",
    "COL Size": "120g"
  },
  {
    "Brand_Product_Size": "Remedy Switchel Blood Orange 250mL 4 pack",
    "COL Price": 6,
    "COL ppu": "$1.50 per 1Ea",
    "COL Size": "4 pack"
  },
  {
    "Brand_Product_Size": "Haldirams Medu Vada 283g",
    "COL Price": 5.25,
    "COL ppu": "$1.86 per 100G",
    "COL Size": "283g"
  },
  {
    "Brand_Product_Size": "Kellogg's Pop Tarts Chocotastic 384g",
    "COL Price": 2.5,
    "COL ppu": "$0.65 per 100G",
    "COL Size": "384g"
  },
  {
    "Brand_Product_Size": "Coles Dairy Milk Full Cream 3L",
    "COL Price": 3.59,
    "COL ppu": "$1.20 per 1L",
    "COL Size": "3L"
  },
  {
    "Brand_Product_Size": "Nudie Pink Guava & Apple Juice Chilled 2L",
    "COL Price": 8,
    "COL ppu": "$4.00 per 1L",
    "COL Size": "2L"
  },
  {
    "Brand_Product_Size": "Uncle Ben's Microwave Mexican Style Rice 250g",
    "COL Price": 2.5,
    "COL ppu": "$1.00 per 100G",
    "COL Size": "250g"
  },
  {
    "Brand_Product_Size": "Twinings Pure Green Tea Bags 100 pack 150g",
    "COL Price": 5.6,
    "COL ppu": "$0.06 per 1Ea",
    "COL Size": "150g"
  },
  {
    "Brand_Product_Size": "Pringles Minis Chicken Multipack Crisps 95g",
    "COL Price": 3.2,
    "COL ppu": "$3.37 per 100G",
    "COL Size": "95g"
  },
  {
    "Brand_Product_Size": "U By Kotex Nude Liners 30 pack",
    "COL Price": 3.5,
    "COL ppu": "$0.12 per 1Ea",
    "COL Size": "30 pack"
  },
  {
    "Brand_Product_Size": "Mini Manual Umbrella Black each",
    "COL Price": 13,
    "COL ppu": "$13.00 per 1Ea",
    "COL Size": "each"
  },
  {
    "Brand_Product_Size": "Brunnings Green Up Lawn Food 2.5kg",
    "COL Price": 5.6,
    "COL ppu": "$2.24 per 1Kg",
    "COL Size": "2.5kg"
  },
  {
    "Brand_Product_Size": "Devondale Skim Long Life Milk 1L",
    "COL Price": 1.45,
    "COL ppu": "$1.45 per 1L",
    "COL Size": "1L"
  },
  {
    "Brand_Product_Size": "Refresh Eye Drops 30 pack",
    "COL Price": 14,
    "COL ppu": "$0.47 per 1Ea",
    "COL Size": "30 pack"
  },
  {
    "Brand_Product_Size": "BIC Cristal Easy Glide Assorted Pens 10 Pieces 1 pack",
    "COL Price": 4,
    "COL ppu": "$4.00 per 1Ea",
    "COL Size": "1 pack"
  },
  {
    "Brand_Product_Size": "S-26 Alula Original Baby Progress 900g",
    "COL Price": 17,
    "COL ppu": "$1.89 per 100G",
    "COL Size": "900g"
  },
  {
    "Brand_Product_Size": "Nivea Sensitive Protect Roll On Antiperspirant Deodorant 50mL",
    "COL Price": 3.5,
    "COL ppu": "$7.00 per 100mL",
    "COL Size": "50mL"
  },
  {
    "Brand_Product_Size": "Coles Pickled Boneless Pork Leg approx. 800g each",
    "COL Price": 10.4,
    "COL ppu": "$13.00 per 1Kg",
    "COL Size": "approx. 800g each"
  },
  {
    "Brand_Product_Size": "Munchme Pistachio Cranberry 120g",
    "COL Price": 4.4,
    "COL ppu": "$3.67 per 100G",
    "COL Size": "120g"
  },
  {
    "Brand_Product_Size": "Moccona Rich & Dark Speciality Blend Coffee 200g",
    "COL Price": 16,
    "COL ppu": "$8.00 per 100G",
    "COL Size": "200g"
  },
  {
    "Brand_Product_Size": "Lavazza Prontissimo Intenso Instant Coffee 95g",
    "COL Price": 10,
    "COL ppu": "$10.53 per 100G",
    "COL Size": "95g"
  },
  {
    "Brand_Product_Size": "Coles Deli Fresh Seafood Cooked Black Tiger Prawns approx. 250g",
    "COL Price": 7.5,
    "COL ppu": "$30.00 per 1Kg",
    "COL Size": "approx. 250g"
  },
  {
    "Brand_Product_Size": "Scott Cornwall Cool Ash Colour Restore 100mL",
    "COL Price": 17,
    "COL ppu": "$17.00 per 100mL",
    "COL Size": "100mL"
  },
  {
    "Brand_Product_Size": "Cadbury Baking Bournville Cocoa Powder 250g",
    "COL Price": 4.9,
    "COL ppu": "$1.96 per 100G",
    "COL Size": "250g"
  },
  {
    "Brand_Product_Size": "Coles Kitchen Superfood Salad Bowl 185g",
    "COL Price": 6,
    "COL ppu": "$3.24 per 100G",
    "COL Size": "185g"
  },
  {
    "Brand_Product_Size": "Balconi Trancetto Cacao Cakes 10 pack 280g",
    "COL Price": 3,
    "COL ppu": "$1.07 per 100G",
    "COL Size": "280g"
  },
  {
    "Brand_Product_Size": "Nestle Soothers Eucalyptus & Menthol With Vitamin C Medicated Lozenges 3 pack",
    "COL Price": 4,
    "COL ppu": "$1.33 per 1Ea",
    "COL Size": "3 pack"
  },
  {
    "Brand_Product_Size": "Breathe Right Clear Regular Nasal Congestion Strips 10 pack",
    "COL Price": 13.5,
    "COL ppu": "$1.35 per 1Ea",
    "COL Size": "10 pack"
  },
  {
    "Brand_Product_Size": "Pepsi Max Soft Drink 2L",
    "COL Price": 2.15,
    "COL ppu": "$1.08 per 1L",
    "COL Size": "2L"
  },
  {
    "Brand_Product_Size": "Heinz Baked Beans Tomato Sauce 3pack 900g",
    "COL Price": 3,
    "COL ppu": "$0.33 per 100G",
    "COL Size": "900g"
  },
  {
    "Brand_Product_Size": "Kirks Pasito Flavour Drink 1.25L",
    "COL Price": 1.15,
    "COL ppu": "$0.92 per 1L",
    "COL Size": "1.25L"
  },
  {
    "Brand_Product_Size": "MasterFoods Australian Grown Tomato Sauce 500mL",
    "COL Price": 3.15,
    "COL ppu": "$0.63 per 100mL",
    "COL Size": "500mL"
  },
  {
    "Brand_Product_Size": "Coles Greenhouse Truss Tomatoes approx. 140g each",
    "COL Price": 0.826,
    "COL ppu": "$5.90 per 1Kg",
    "COL Size": "approx. 140g each"
  },
  {
    "Brand_Product_Size": "Be Natural Flakes and Clusters Breakfast Cereal With Pink Lady Apple & Flame Raisins 405g",
    "COL Price": 4.12,
    "COL ppu": "$1.02 per 100G",
    "COL Size": "405g"
  },
  {
    "Brand_Product_Size": "Coles Bakery Chocolate Drip Cake 1200g",
    "COL Price": 25,
    "COL ppu": "$2.08 per 100G",
    "COL Size": "1200g"
  },
  {
    "Brand_Product_Size": "Sanitarium Organic Weet-bix 750g",
    "COL Price": 5.65,
    "COL ppu": "$0.75 per 100G",
    "COL Size": "750g"
  },
  {
    "Brand_Product_Size": "Bonds Mens Guyfront Trunk Mzvjs Large 1 pack",
    "COL Price": 24,
    "COL ppu": "$24.00 per 1Ea",
    "COL Size": "1 pack"
  },
  {
    "Brand_Product_Size": "Atkins Fudge Caramel 60g",
    "COL Price": 4.5,
    "COL ppu": "$7.50 per 100G",
    "COL Size": "60g"
  },
  {
    "Brand_Product_Size": "Munchkin Weighted Flexi Straw Cup each",
    "COL Price": 10,
    "COL ppu": "$10.00 per 1Ea",
    "COL Size": "each"
  },
  {
    "Brand_Product_Size": "Connoisseur Plant Based Berry Coconut 4 pack 350mL",
    "COL Price": 8.6,
    "COL ppu": "$2.46 per 100mL",
    "COL Size": "350mL"
  },
  {
    "Brand_Product_Size": "Grandma's Golden Wok Pork Gyoza 800g",
    "COL Price": 18.5,
    "COL ppu": "$2.31 per 100G",
    "COL Size": "800g"
  },
  {
    "Brand_Product_Size": "Metamucil Lemon Lime 114 Dose 673g",
    "COL Price": 26.77,
    "COL ppu": "$3.98 per 100G",
    "COL Size": "673g"
  },
  {
    "Brand_Product_Size": "Kellogg's Pop Tarts Chocotastic 384g",
    "COL Price": 2.5,
    "COL ppu": "$0.65 per 100G",
    "COL Size": "384g"
  },
  {
    "Brand_Product_Size": "Betty Crocker Vanilla Cupcake Mix 450g",
    "COL Price": 5.2,
    "COL ppu": "$1.16 per 100G",
    "COL Size": "450g"
  },
  {
    "Brand_Product_Size": "Finish Quantum Ultimate Lemon Diswasher 50 Tablets 1 pack",
    "COL Price": 23,
    "COL ppu": "$23.00 per 1Ea",
    "COL Size": "1 pack"
  },
  {
    "Brand_Product_Size": "Coles Ultra Floor Cleaning System each",
    "COL Price": 12,
    "COL ppu": "$12.00 per 1Ea",
    "COL Size": "each"
  },
  {
    "Brand_Product_Size": "Lipton Chai Black Tea With Exotic Spices Tea Bags 20 pack",
    "COL Price": 4.9,
    "COL ppu": "$0.25 per 1Ea",
    "COL Size": "20 pack"
  },
  {
    "Brand_Product_Size": "Twinings Morning Tea Bags 100 pack 200g",
    "COL Price": 5.6,
    "COL ppu": "$0.06 per 1Ea",
    "COL Size": "200g"
  },
  {
    "Brand_Product_Size": "Kooka's Tray Pack Cookies Lemon 500g",
    "COL Price": 4.2,
    "COL ppu": "$0.84 per 100G",
    "COL Size": "500g"
  },
  {
    "Brand_Product_Size": "Brita Classic Filter Cartridges 3 pack",
    "COL Price": 36,
    "COL ppu": "$12.00 per 1Ea",
    "COL Size": "3 pack"
  },
  {
    "Brand_Product_Size": "Cadbury Dairy Milk Chunky Chocolate Bar 50g",
    "COL Price": 1,
    "COL ppu": "$2.00 per 100G",
    "COL Size": "50g"
  },
  {
    "Brand_Product_Size": "CC's Corn Chips Three Cheese 175g",
    "COL Price": 3.5,
    "COL ppu": "$2.00 per 100G",
    "COL Size": "175g"
  },
  {
    "Brand_Product_Size": "Coles Peppermints 200g",
    "COL Price": 1.75,
    "COL ppu": "$0.88 per 100G",
    "COL Size": "200g"
  },
  {
    "Brand_Product_Size": "Coles Bolognese Bake 1.8kg",
    "COL Price": 10,
    "COL ppu": "$5.56 per 1KG",
    "COL Size": "1.8kg"
  },
  {
    "Brand_Product_Size": "Coles Sliced Green Beans 410g",
    "COL Price": 1.1,
    "COL ppu": "$2.68 per 1Kg",
    "COL Size": "410g"
  },
  {
    "Brand_Product_Size": "Rana Four Cheese Ravioli 325g",
    "COL Price": 7,
    "COL ppu": "$2.15 per 100G",
    "COL Size": "325g"
  },
  {
    "Brand_Product_Size": "Allure By Tempo Coffee Yoghurt 200g",
    "COL Price": 2.85,
    "COL ppu": "$1.43 per 100G",
    "COL Size": "200g"
  },
  {
    "Brand_Product_Size": "Cancer Council Kids Sunscreen SPF 50+ 110mL",
    "COL Price": 12,
    "COL ppu": "$10.91 per 100mL",
    "COL Size": "110mL"
  },
  {
    "Brand_Product_Size": "Lavazza Espresso Passionale Intensita 11 Ground Coffee 16 Capsules 120g",
    "COL Price": 11,
    "COL ppu": "$9.17 per 100G",
    "COL Size": "120g"
  },
  {
    "Brand_Product_Size": "Coles Cheese Supreme Corn Chips 200g",
    "COL Price": 1.9,
    "COL ppu": "$0.95 per 100G",
    "COL Size": "200g"
  },
  {
    "Brand_Product_Size": "Coles Long Grain Rice 2kg",
    "COL Price": 2.8,
    "COL ppu": "$0.14 per 100G",
    "COL Size": "2kg"
  },
  {
    "Brand_Product_Size": "Tip Top The One Omega 3 Sandwich Bread 700g",
    "COL Price": 3.4,
    "COL ppu": "$0.49 per 100G",
    "COL Size": "700g"
  },
  {
    "Brand_Product_Size": "Lavazza Espresso Dek Cremoso Intensita 7 Decaffeinated Coffee Capsules 16 pack",
    "COL Price": 11,
    "COL ppu": "$0.69 per 1Ea",
    "COL Size": "16 pack"
  },
  {
    "Brand_Product_Size": "Geelong Brush Upright Dustpan each",
    "COL Price": 11.05,
    "COL ppu": "$11.05 per 1Ea",
    "COL Size": "each"
  },
  {
    "Brand_Product_Size": "Belvita Breakfast Strawberry Sandwich Biscuits 253g",
    "COL Price": 3,
    "COL ppu": "$1.19 per 100G",
    "COL Size": "253g"
  },
  {
    "Brand_Product_Size": "Smile Classic Pork Buns 310g",
    "COL Price": 8.5,
    "COL ppu": "$2.74 per 100G",
    "COL Size": "310g"
  },
  {
    "Brand_Product_Size": "Streets Magnum Classic Ice Cream Tub 440mL",
    "COL Price": 9,
    "COL ppu": "$2.05 per 100mL",
    "COL Size": "440mL"
  },
  {
    "Brand_Product_Size": "Mcguigan Alcohol Free Dry Rose Zero 750mL",
    "COL Price": 11.5,
    "COL ppu": "$15.33 per 1L",
    "COL Size": "750mL"
  },
  {
    "Brand_Product_Size": "Moosehead Hair Shaping Dough 100g",
    "COL Price": 9,
    "COL ppu": "$9.00 per 100G",
    "COL Size": "100g"
  },
  {
    "Brand_Product_Size": "Nature's Way Kids Smart Vita Gummies Multi-Vitamin 60 pack",
    "COL Price": 14.5,
    "COL ppu": "$0.24 per 1Ea",
    "COL Size": "60 pack"
  },
  {
    "Brand_Product_Size": "Bionaturals Memory Focus Mood Tablets 50 pack",
    "COL Price": 27,
    "COL ppu": "$0.54 per 1Ea",
    "COL Size": "50 pack"
  },
  {
    "Brand_Product_Size": "Easiyo Greek Style Unsweetened Yoghurt 170g",
    "COL Price": 4.7,
    "COL ppu": "$2.76 per 100G",
    "COL Size": "170g"
  },
  {
    "Brand_Product_Size": "Coles Sticky Note Tab Pet 5 pack",
    "COL Price": 3,
    "COL ppu": "$0.60 per 1Ea",
    "COL Size": "5 pack"
  },
  {
    "Brand_Product_Size": "Coles Birch & Waite Parsley Tarragon Seafood Sauce 250mL",
    "COL Price": 4.2,
    "COL ppu": "$1.68 per 100mL",
    "COL Size": "250mL"
  },
  {
    "Brand_Product_Size": "Taoto Disposable Vinyl Gloves Medium 100 pack",
    "COL Price": 15,
    "COL ppu": "$0.15 per 1Ea",
    "COL Size": "100 pack"
  },
  {
    "Brand_Product_Size": "Two Good Mixed Berried Yoghurt 150g",
    "COL Price": 2.5,
    "COL ppu": "$1.67 per 100G",
    "COL Size": "150g"
  },
  {
    "Brand_Product_Size": "Bubs Stage 1 From Birth Goat Milk Formula 800g",
    "COL Price": 38,
    "COL ppu": "$4.75 per 100G",
    "COL Size": "800g"
  },
  {
    "Brand_Product_Size": "Coles Carrot Cake 300g",
    "COL Price": 4,
    "COL ppu": "$1.33 per 100G",
    "COL Size": "300g"
  },
  {
    "Brand_Product_Size": "Coles Butter Chicken Simmer Sauce 485g",
    "COL Price": 2.4,
    "COL ppu": "$0.49 per 100G",
    "COL Size": "485g"
  },
  {
    "Brand_Product_Size": "Bean Supreme Masala Burgers 4 Pack 340g",
    "COL Price": 8,
    "COL ppu": "$2.35 per 100G",
    "COL Size": "340g"
  },
  {
    "Brand_Product_Size": "Coles Bakery Wholemeal Baguette each",
    "COL Price": 1.5,
    "COL ppu": "$1.50 per 1Ea",
    "COL Size": "each"
  },
  {
    "Brand_Product_Size": "Uncle Toby's Roll Ups Lemonade 94g",
    "COL Price": 2,
    "COL ppu": "$2.13 per 100G",
    "COL Size": "94g"
  },
  {
    "Brand_Product_Size": "Fantastic Delites Rice Snack Honey Baked Ham 100g",
    "COL Price": 2,
    "COL ppu": "$2.00 per 100G",
    "COL Size": "100g"
  },
  {
    "Brand_Product_Size": "Coles Creamy Chipotle Topping Medium 240g",
    "COL Price": 3.6,
    "COL ppu": "$1.50 per 100G",
    "COL Size": "240g"
  },
  {
    "Brand_Product_Size": "Just Juice Orange Juice Multipack 200mL 6 pack",
    "COL Price": 5.3,
    "COL ppu": "$0.88 per 1Ea",
    "COL Size": "6 pack"
  },
  {
    "Brand_Product_Size": "Coles Kitchen Chicken & Corn Soup 300g",
    "COL Price": 3,
    "COL ppu": "$1.00 per 100G",
    "COL Size": "300g"
  },
  {
    "Brand_Product_Size": "Starbucks Pike Place Beans 200g",
    "COL Price": 9,
    "COL ppu": "$4.50 per 100G",
    "COL Size": "200g"
  },
  {
    "Brand_Product_Size": "Siena Fine Polenta 1kg",
    "COL Price": 4.15,
    "COL ppu": "$0.42 per 100G",
    "COL Size": "1kg"
  },
  {
    "Brand_Product_Size": "CSR Jam Setting Sugar 500g",
    "COL Price": 2.6,
    "COL ppu": "$0.52 per 100G",
    "COL Size": "500g"
  },
  {
    "Brand_Product_Size": "Wellness Road Organic Hulled Tahini 375g",
    "COL Price": 5,
    "COL ppu": "$1.33 per 100G",
    "COL Size": "375g"
  },
  {
    "Brand_Product_Size": "Chobani Fit Banana Yoghurt Pouch 140g",
    "COL Price": 1.5,
    "COL ppu": "$1.07 per 100G",
    "COL Size": "140g"
  },
  {
    "Brand_Product_Size": "Greens Reduced Sugar Brownie Mix 400g",
    "COL Price": 3.2,
    "COL ppu": "$0.80 per 100G",
    "COL Size": "400g"
  },
  {
    "Brand_Product_Size": "Sensodyne Sensitive Teeth Pain Repair & Protect Fluoride Toothpaste 100g",
    "COL Price": 11,
    "COL ppu": "$11.00 per 100G",
    "COL Size": "100g"
  },
  {
    "Brand_Product_Size": "Le Tan Uber Dark Ash Base For Fair Skin Tones 200mL",
    "COL Price": 25,
    "COL ppu": "$12.50 per 100mL",
    "COL Size": "200mL"
  },
  {
    "Brand_Product_Size": "Majans Bhuja Gluten Free Ancient Grain Twists With Chia And Quinoa 140g",
    "COL Price": 2.5,
    "COL ppu": "$17.86 per 1Kg",
    "COL Size": "140g"
  },
  {
    "Brand_Product_Size": "Air Wick Pure Soft Cotton Fragrance Infused With Essential Oil Refill 19mL 2 pack",
    "COL Price": 10,
    "COL ppu": "$2.63 per 10mL",
    "COL Size": "2 pack"
  },
  {
    "Brand_Product_Size": "Skittles Fruits Lollies Medium Bag 200g",
    "COL Price": 3,
    "COL ppu": "$1.50 per 100G",
    "COL Size": "200g"
  },
  {
    "Brand_Product_Size": "Coles Soft & Creamy Mascarpone 250g",
    "COL Price": 4,
    "COL ppu": "$16.00 per 1Kg",
    "COL Size": "250g"
  },
  {
    "Brand_Product_Size": "Kellogg's Crunchy Nut Clusters Breakfast Cereal 450g",
    "COL Price": 6.4,
    "COL ppu": "$1.42 per 100G",
    "COL Size": "450g"
  },
  {
    "Brand_Product_Size": "Coles Vanilla Ice Cream Cones 4 Pack 475mL",
    "COL Price": 3.5,
    "COL ppu": "$0.74 per 100mL",
    "COL Size": "475mL"
  },
  {
    "Brand_Product_Size": "Applaws Chicken Breast Canned Cat Food 70g",
    "COL Price": 2,
    "COL ppu": "$2.86 per 100G",
    "COL Size": "70g"
  },
  {
    "Brand_Product_Size": "Hershey's Caramel Flavour Syrup 623g",
    "COL Price": 4,
    "COL ppu": "$0.64 per 100G",
    "COL Size": "623g"
  },
  {
    "Brand_Product_Size": "Coles Danish Style Fetta Cheese 200g",
    "COL Price": 3,
    "COL ppu": "$15.00 per 1Kg",
    "COL Size": "200g"
  },
  {
    "Brand_Product_Size": "Coles Finest Anchovy Fillets Olive Oil 100g",
    "COL Price": 6,
    "COL ppu": "$60.00 per 1Kg",
    "COL Size": "100g"
  },
  {
    "Brand_Product_Size": "Coles Finest Quince Paste 100g",
    "COL Price": 4.5,
    "COL ppu": "$4.50 per 100G",
    "COL Size": "100g"
  },
  {
    "Brand_Product_Size": "Tasti Smooshed Wholefood Balls Berry Cashew & Cacao 207g",
    "COL Price": 6.5,
    "COL ppu": "$3.14 per 100G",
    "COL Size": "207g"
  },
  {
    "Brand_Product_Size": "Golden Circle Australian Pineapple Pieces In Syrup 450g",
    "COL Price": 3.75,
    "COL ppu": "$8.33 per 1Kg",
    "COL Size": "450g"
  },
  {
    "Brand_Product_Size": "Coles Nature'S Kitchen Minestrone Soup 300g",
    "COL Price": 3,
    "COL ppu": "$1.00 per 100G",
    "COL Size": "300g"
  },
  {
    "Brand_Product_Size": "Madame Flavour Green Jasmine & Pear Tea Bags18 pack 36g",
    "COL Price": 6.15,
    "COL ppu": "$17.08 per 100G",
    "COL Size": "36g"
  },
  {
    "Brand_Product_Size": "Edgell Chick Peas 4 pack",
    "COL Price": 3,
    "COL ppu": "$6.00 per 1Kg",
    "COL Size": "4 pack"
  },
  {
    "Brand_Product_Size": "Fibre One Lemon Drizzle 5 Bars 120g",
    "COL Price": 5.5,
    "COL ppu": "$4.58 per 100G",
    "COL Size": "120g"
  },
  {
    "Brand_Product_Size": "Balfours Frozen Cornish Pasties 2 pack 400g",
    "COL Price": 7,
    "COL ppu": "$1.75 per 100G",
    "COL Size": "400g"
  },
  {
    "Brand_Product_Size": "Off The Eaten Path Pea & Pinto Bean Sticks Garlic & Herb 100g",
    "COL Price": 4,
    "COL ppu": "$4.00 per 100G",
    "COL Size": "100g"
  },
  {
    "Brand_Product_Size": "Coles Kitchen Slow Cooked Chicken Marylands 650g",
    "COL Price": 10,
    "COL ppu": "$1.54 per 100G",
    "COL Size": "650g"
  },
  {
    "Brand_Product_Size": "Fanta Orange 2L",
    "COL Price": 2.35,
    "COL ppu": "$1.18 per 1L",
    "COL Size": "2L"
  },
  {
    "Brand_Product_Size": "Earth Choice Concentrate Red Apple Dishwashing Liquid 500mL",
    "COL Price": 3,
    "COL ppu": "$0.60 per 100mL",
    "COL Size": "500mL"
  },
  {
    "Brand_Product_Size": "Huggies Dry Nites Pyjama Pants For Girls 4-7 Years 10 pack",
    "COL Price": 12,
    "COL ppu": "$1.20 per 1Ea",
    "COL Size": "10 pack"
  },
  {
    "Brand_Product_Size": "Coles Free Range RSPCA Approved Chicken Breast Fillet Small approx. 600g",
    "COL Price": 9.6,
    "COL ppu": "$16.00 per 1Kg",
    "COL Size": "approx. 600g"
  },
  {
    "Brand_Product_Size": "Burgen Wholegrain & Oats Bread 700g",
    "COL Price": 5,
    "COL ppu": "$0.71 per 100G",
    "COL Size": "700g"
  },
  {
    "Brand_Product_Size": "Coles Smart Buy Spaghetti In Tomato Sauce 420g",
    "COL Price": 0.65,
    "COL ppu": "$0.15 per 100G",
    "COL Size": "420g"
  },
  {
    "Brand_Product_Size": "Coles Free Range RSPCA Approved Chicken Wing Nibbles approx. 600g",
    "COL Price": 5.1,
    "COL ppu": "$8.50 per 1Kg",
    "COL Size": "approx. 600g"
  },
  {
    "Brand_Product_Size": "Simple Soothing Facial Toner 200mL",
    "COL Price": 10,
    "COL ppu": "$5.00 per 100mL",
    "COL Size": "200mL"
  },
  {
    "Brand_Product_Size": "Danone The Ultimate Golden Honey Yoghurt 4x115g 4 pack",
    "COL Price": 4.5,
    "COL ppu": "$0.98 per 100G",
    "COL Size": "4 pack"
  },
  {
    "Brand_Product_Size": "Calbee Harvest Snaps Sour Cream & Chives Black Bean Baked Crisps 85g",
    "COL Price": 2.5,
    "COL ppu": "$2.94 per 100G",
    "COL Size": "85g"
  },
  {
    "Brand_Product_Size": "Command Hooks Medium Value Pack 6 pack",
    "COL Price": 13.5,
    "COL ppu": "$13.50 per 1ea",
    "COL Size": "6 pack"
  },
  {
    "Brand_Product_Size": "Coles Next Plant Based Chicken Chunks Original 250g",
    "COL Price": 11,
    "COL ppu": "$44.00 per 1Kg",
    "COL Size": "250g"
  },
  {
    "Brand_Product_Size": "Skin Republic Collagen Infusion Face Mask Sheet 25mL",
    "COL Price": 8,
    "COL ppu": "$32.00 per 100mL",
    "COL Size": "25mL"
  },
  {
    "Brand_Product_Size": "Continental Sour Cream & Chives Pasta & Sauce Serves 5 145g",
    "COL Price": 3,
    "COL ppu": "$2.07 per 100G",
    "COL Size": "145g"
  },
  {
    "Brand_Product_Size": "Amy's Kitchen Frozen Gluten Free Rice Mac & Cheese Pasta 255g",
    "COL Price": 6.8,
    "COL ppu": "$2.67 per 100G",
    "COL Size": "255g"
  },
  {
    "Brand_Product_Size": "Olay Regenerist Retinol 24 Night Serum 30mL",
    "COL Price": 59,
    "COL ppu": "$19.67 per 10G",
    "COL Size": "30mL"
  },
  {
    "Brand_Product_Size": "Pedigree Homestyle Chicken With Rice & Vegies Adult Wet Dog Food Can 1.2kg",
    "COL Price": 3.5,
    "COL ppu": "$0.29 per 100G",
    "COL Size": "1.2kg"
  },
  {
    "Brand_Product_Size": "La Casa Del Formaggio Cheese Bocconcini Bambini 220g",
    "COL Price": 5.5,
    "COL ppu": "$25.00 per 1Kg",
    "COL Size": "220g"
  },
  {
    "Brand_Product_Size": "Dilmah Ginger & Peppermint Tea Bags 20 Pack 40g",
    "COL Price": 2,
    "COL ppu": "$0.10 per 1Ea",
    "COL Size": "40g"
  },
  {
    "Brand_Product_Size": "Coles Kitchen Green Goddess Salad Kit 350g",
    "COL Price": 5,
    "COL ppu": "$1.43 per 100G",
    "COL Size": "350g"
  },
  {
    "Brand_Product_Size": "Maybelline Fit Me Liquid Foundation 230 Natural Buff 30mL",
    "COL Price": 15.4,
    "COL ppu": "$5.13 per 10mL",
    "COL Size": "30mL"
  },
  {
    "Brand_Product_Size": "Coles Tonic Water 1.25L",
    "COL Price": 1,
    "COL ppu": "$0.80 per 1L",
    "COL Size": "1.25L"
  },
  {
    "Brand_Product_Size": "Mcclure's Garlic Dill Whole Pickles 720g",
    "COL Price": 8,
    "COL ppu": "$11.11 per 1Kg",
    "COL Size": "720g"
  },
  {
    "Brand_Product_Size": "T2 Peppermint Tea Bags 25 pack",
    "COL Price": 12,
    "COL ppu": "$0.48 per 1Ea",
    "COL Size": "25 pack"
  },
  {
    "Brand_Product_Size": "VS Sassoon Ceramic Curler 1 pack",
    "COL Price": 26,
    "COL ppu": "$26.00 per 1Ea",
    "COL Size": "1 pack"
  },
  {
    "Brand_Product_Size": "Ajitas Sour Cream & Chives Vege Rice Crackers 75g",
    "COL Price": 3.8,
    "COL ppu": "$5.07 per 100G",
    "COL Size": "75g"
  },
  {
    "Brand_Product_Size": "Coles Deli Salads Tub Small Classic Pasta smaLL",
    "COL Price": 4,
    "COL ppu": "$4.00 per 1Ea",
    "COL Size": "smaLL"
  },
  {
    "Brand_Product_Size": "Colgate Blue Minty Gel Toothpaste 160g",
    "COL Price": 3,
    "COL ppu": "$1.88 per 100G",
    "COL Size": "160g"
  },
  {
    "Brand_Product_Size": "Erawan Rice Sticks Pad Thai Noodles 200g",
    "COL Price": 1.15,
    "COL ppu": "$0.58 per 100G",
    "COL Size": "200g"
  },
  {
    "Brand_Product_Size": "Rexona Men Antiperspirant Aerosol Advanced Turbo Deodorant 220mL",
    "COL Price": 7.5,
    "COL ppu": "$3.41 per 100mL",
    "COL Size": "220mL"
  },
  {
    "Brand_Product_Size": "Pyrex Irresistible Roasting Dish 1.4 each",
    "COL Price": 9.8,
    "COL ppu": "$9.80 per 1Ea",
    "COL Size": "each"
  },
  {
    "Brand_Product_Size": "Hatchimals Colleggtibles each",
    "COL Price": 6,
    "COL ppu": "$6.00 per 1Ea",
    "COL Size": "each"
  },
  {
    "Brand_Product_Size": "Raid One Shot Odourless Surface Spray 375g",
    "COL Price": 7,
    "COL ppu": "$1.87 per 100G",
    "COL Size": "375g"
  },
  {
    "Brand_Product_Size": "Obela Classic Hommus Dip 1kg",
    "COL Price": 7.5,
    "COL ppu": "$0.75 per 100G",
    "COL Size": "1kg"
  },
  {
    "Brand_Product_Size": "Coles Finest Angus Beef Lasagne 700g",
    "COL Price": 14,
    "COL ppu": "$2.00 per 100G",
    "COL Size": "700g"
  },
  {
    "Brand_Product_Size": "Belvita Minis Chocolate Biscuits 6 Packs 210g",
    "COL Price": 3,
    "COL ppu": "$1.43 per 100G",
    "COL Size": "210g"
  },
  {
    "Brand_Product_Size": "Oral B Sensitivity & Gum Extra Fresh Breath Toothpaste 90g",
    "COL Price": 10,
    "COL ppu": "$11.11 per 100G",
    "COL Size": "90g"
  },
  {
    "Brand_Product_Size": "1000 Hour Natural Black Vogue Lashes each",
    "COL Price": 9.5,
    "COL ppu": "$9.50 per 1Ea",
    "COL Size": "each"
  },
  {
    "Brand_Product_Size": "Cadbury White Chocolate Baking Chips 200g",
    "COL Price": 3,
    "COL ppu": "$1.50 per 100G",
    "COL Size": "200g"
  },
  {
    "Brand_Product_Size": "Glen 20 Pure Air Freshener Morning Breeze 283g",
    "COL Price": 7,
    "COL ppu": "$2.47 per 100G",
    "COL Size": "283g"
  },
  {
    "Brand_Product_Size": "Super Nature Frozen Super Green Chickpea Curry with Quinoa  and Brown Rice Wellness Bowl 350g",
    "COL Price": 6.3,
    "COL ppu": "$1.80 per 100G",
    "COL Size": "350g"
  },
  {
    "Brand_Product_Size": "Vegie Delights Meatless Meatballs 300g",
    "COL Price": 6,
    "COL ppu": "$2.00 per 100G",
    "COL Size": "300g"
  },
  {
    "Brand_Product_Size": "Colgate Optic White Express White Whitening Toothpaste 125g",
    "COL Price": 8.4,
    "COL ppu": "$6.72 per 100G",
    "COL Size": "125g"
  },
  {
    "Brand_Product_Size": "I Love Cookies Cookie Coconut Choc Single Big 50g",
    "COL Price": 2,
    "COL ppu": "$4.00 per 100G",
    "COL Size": "50g"
  },
  {
    "Brand_Product_Size": "Uncle Tobys Lemon Yogurt Muesli 175g",
    "COL Price": 5,
    "COL ppu": "$2.86 per 100G",
    "COL Size": "175g"
  },
  {
    "Brand_Product_Size": "Streets Magnum Almond Mini Ice Cream Sticks 6 Pack 360mL",
    "COL Price": 4.5,
    "COL ppu": "$1.25 per 100mL",
    "COL Size": "360mL"
  },
  {
    "Brand_Product_Size": "Cadbury Cherry Ripe Double Dip Chocolate Bar 47g",
    "COL Price": 1,
    "COL ppu": "$2.13 per 100G",
    "COL Size": "47g"
  },
  {
    "Brand_Product_Size": "Nood Cage Free Chicken Recipe In Gravy Cat Food 80g 12 pack",
    "COL Price": 13,
    "COL ppu": "$1.35 per 100G",
    "COL Size": "12 pack"
  },
  {
    "Brand_Product_Size": "Coles Frozen Salt & Pepper Squid 360g",
    "COL Price": 5.5,
    "COL ppu": "$15.28 per 1Kg",
    "COL Size": "360g"
  },
  {
    "Brand_Product_Size": "Messina Dulce De Leche Gelato Bar 400mL",
    "COL Price": 10,
    "COL ppu": "$2.50 per 100mL",
    "COL Size": "400mL"
  },
  {
    "Brand_Product_Size": "Sukin Sensitive Facial Moisturiser 125mL",
    "COL Price": 13,
    "COL ppu": "$10.40 per 100mL",
    "COL Size": "125mL"
  },
  {
    "Brand_Product_Size": "Fairy Cooking Margarine 250g",
    "COL Price": 1.95,
    "COL ppu": "$0.78 per 100G",
    "COL Size": "250g"
  },
  {
    "Brand_Product_Size": "Hakubaku Organic Ramen Noodles 270g",
    "COL Price": 2.95,
    "COL ppu": "$1.09 per 100G",
    "COL Size": "270g"
  },
  {
    "Brand_Product_Size": "L'Oreal Pure Clay Detoxifying Mask 50mL",
    "COL Price": 14,
    "COL ppu": "$28.00 per 100mL",
    "COL Size": "50mL"
  },
  {
    "Brand_Product_Size": "Maille Traditional Dijon Mustard 215g",
    "COL Price": 4.2,
    "COL ppu": "$1.95 per 100G",
    "COL Size": "215g"
  },
  {
    "Brand_Product_Size": "Steggles Frozen Tempura Chicken Breast Pops 1kg",
    "COL Price": 11,
    "COL ppu": "$11.00 per 1Kg",
    "COL Size": "1kg"
  },
  {
    "Brand_Product_Size": "Shippam's Crab Spread 75g",
    "COL Price": 3,
    "COL ppu": "$4.00 per 100G",
    "COL Size": "75g"
  },
  {
    "Brand_Product_Size": "L'OR Espresso Lungo Profondo Intensity 8 Coffee Capsules 10 Pack 52g",
    "COL Price": 4.5,
    "COL ppu": "$0.09 per 1G",
    "COL Size": "52g"
  },
  {
    "Brand_Product_Size": "Oxfam Fair World Blend Organic Ground Coffee 250g",
    "COL Price": 9,
    "COL ppu": "$3.60 per 100G",
    "COL Size": "250g"
  },
  {
    "Brand_Product_Size": "Kras Napolitanke Chocolate Cream Wafers 100g",
    "COL Price": 1,
    "COL ppu": "$1.00 per 100G",
    "COL Size": "100g"
  },
  {
    "Brand_Product_Size": "Coles Graze Lamb Leg Roast Half approx. 1.8kg",
    "COL Price": 28.8,
    "COL ppu": "$16.00 per 1Kg",
    "COL Size": "approx. 1.8kg"
  },
  {
    "Brand_Product_Size": "Nature's Way Vita Gummies Multi-Vitamins 60 Pastilles 1 pack",
    "COL Price": 14.5,
    "COL ppu": "$14.50 per 1Ea",
    "COL Size": "1 pack"
  },
  {
    "Brand_Product_Size": "Coles Organic Red Capsicum 500g",
    "COL Price": 9.5,
    "COL ppu": "$19.00 per 1Kg",
    "COL Size": "500g"
  },
  {
    "Brand_Product_Size": "Coles Honey Sliced Ham 400g",
    "COL Price": 5.5,
    "COL ppu": "$13.75 per 1Kg",
    "COL Size": "400g"
  },
  {
    "Brand_Product_Size": "Green's Chocolate Mud Cake Mix 530g",
    "COL Price": 3.2,
    "COL ppu": "$0.60 per 100G",
    "COL Size": "530g"
  },
  {
    "Brand_Product_Size": "Revlon Youth Fx Concealer Fill & Blur Cn Light Medium 3.2mL",
    "COL Price": 30,
    "COL ppu": "$93.75 per 10mL",
    "COL Size": "3.2mL"
  },
  {
    "Brand_Product_Size": "Sharwood's Butter Chicken Simmer Sauce 420g",
    "COL Price": 3,
    "COL ppu": "$0.71 per 100G",
    "COL Size": "420g"
  },
  {
    "Brand_Product_Size": "Hamper Lite Corned Beef 340g",
    "COL Price": 6.5,
    "COL ppu": "$19.12 per 1Kg",
    "COL Size": "340g"
  },
  {
    "Brand_Product_Size": "Coles Plastic Push Pins In Pouch 90 pack",
    "COL Price": 3.5,
    "COL ppu": "$0.04 per 1Ea",
    "COL Size": "90 pack"
  },
  {
    "Brand_Product_Size": "Coles Thinly Sliced Smoked Salmon 250g",
    "COL Price": 10.5,
    "COL ppu": "$42.00 per 1Kg",
    "COL Size": "250g"
  },
  {
    "Brand_Product_Size": "Coles Lamb Hearts approx. 530g",
    "COL Price": 4.77,
    "COL ppu": "$9.00 per 1Kg",
    "COL Size": "approx. 530g"
  },
  {
    "Brand_Product_Size": "Coles Pro Zero Mouthwash 500 mL",
    "COL Price": 8,
    "COL ppu": "",
    "COL Size": "500 mL"
  },
  {
    "Brand_Product_Size": "Schick Xtreme 3 Hawaiian Tropic Disposable Razors 8 pack",
    "COL Price": 4.5,
    "COL ppu": "$0.56 per 1Ea",
    "COL Size": "8 pack"
  },
  {
    "Brand_Product_Size": "Nexba Apple Pear Ginger Kombucha Drink 330mL 4 pack",
    "COL Price": 8.55,
    "COL ppu": "$6.48 per 1L",
    "COL Size": "4 pack"
  },
  {
    "Brand_Product_Size": "Lego Classic Yellow Box each",
    "COL Price": 16,
    "COL ppu": "$16.00 per 1Ea",
    "COL Size": "each"
  },
  {
    "Brand_Product_Size": "A2 Platinum Premium Stage 4 Junior Milk 900g",
    "COL Price": 33.6,
    "COL ppu": "$3.73 per 100G",
    "COL Size": "900g"
  },
  {
    "Brand_Product_Size": "Darrell Lea Milk Chocolate Block  Rocklea Road Dark 160g",
    "COL Price": 5,
    "COL ppu": "$3.13 per 100G",
    "COL Size": "160g"
  },
  {
    "Brand_Product_Size": "Maybelline Matte Maker Natural Beige 30 Powder 16g",
    "COL Price": 8.4,
    "COL ppu": "$5.25 per 10G",
    "COL Size": "16g"
  },
  {
    "Brand_Product_Size": "Impulse Wanderlust Deodorant 75mL",
    "COL Price": 4,
    "COL ppu": "$5.33 per 100mL",
    "COL Size": "75mL"
  },
  {
    "Brand_Product_Size": "Starbucks By Nespresso Dark Espresso Roast Capsules 10 pack",
    "COL Price": 6.9,
    "COL ppu": "$0.69 per 1Ea",
    "COL Size": "10 pack"
  },
  {
    "Brand_Product_Size": "Campbell's Country Ladle Pea & Ham Soup Can 500g",
    "COL Price": 3.5,
    "COL ppu": "$0.70 per 100G",
    "COL Size": "500g"
  },
  {
    "Brand_Product_Size": "Streets Splice Pine Lime 8 pack 544mL",
    "COL Price": 7,
    "COL ppu": "$1.29 per 100mL",
    "COL Size": "544mL"
  },
  {
    "Brand_Product_Size": "Don Melosi Premium Leg Ham approx.125g",
    "COL Price": 2.875,
    "COL ppu": "$23.00 per 1Kg",
    "COL Size": "approx.125g"
  },
  {
    "Brand_Product_Size": "Coles Margherita Pizza Bites 200g",
    "COL Price": 5,
    "COL ppu": "$2.50 per 100G",
    "COL Size": "200g"
  },
  {
    "Brand_Product_Size": "MasterFoods Promite Spread 290g",
    "COL Price": 4.45,
    "COL ppu": "$1.53 per 100G",
    "COL Size": "290g"
  },
  {
    "Brand_Product_Size": "Lee Kum Kee Panda Brand Oyster Sauce 255g",
    "COL Price": 3.3,
    "COL ppu": "$1.29 per 100G",
    "COL Size": "255g"
  },
  {
    "Brand_Product_Size": "Claratyne Children's Hayfever Antihistamine Grape Flavoured Chewable Tablets 10 pack",
    "COL Price": 13,
    "COL ppu": "$13.00 per 1Ea",
    "COL Size": "10 pack"
  },
  {
    "Brand_Product_Size": "Pedigree Dentastix Small Dog Treats Daily Oral Care Dental Chews 28 pack",
    "COL Price": 17.5,
    "COL ppu": "$0.63 per 1Ea",
    "COL Size": "28 pack"
  },
  {
    "Brand_Product_Size": "Nippy's Chocolate Flavoured Multipack Long Life Milk 375mL 4 pack",
    "COL Price": 8.05,
    "COL ppu": "$5.37 per 1L",
    "COL Size": "4 pack"
  },
  {
    "Brand_Product_Size": "Mckenzie's Pepper & Chilli Grinder 200g",
    "COL Price": 7.5,
    "COL ppu": "$0.38 per 10G",
    "COL Size": "200g"
  },
  {
    "Brand_Product_Size": "Arnott's Tic Toc Biscuits 250g",
    "COL Price": 3.05,
    "COL ppu": "$1.22 per 100G",
    "COL Size": "250g"
  },
  {
    "Brand_Product_Size": "Castello Havarti Creamy Cheese 200g",
    "COL Price": 6,
    "COL ppu": "$3.00 per 100G",
    "COL Size": "200g"
  },
  {
    "Brand_Product_Size": "Coles 100's & 1000's 350g",
    "COL Price": 4.5,
    "COL ppu": "$1.29 per 100G",
    "COL Size": "350g"
  },
  {
    "Brand_Product_Size": "Coles Strawberry Yoghurt Topped Muesli Bars 8 Pack 248g",
    "COL Price": 1.9,
    "COL ppu": "$0.77 per 100G",
    "COL Size": "248g"
  },
  {
    "Brand_Product_Size": "Evian Natural Mineral Water 750mL",
    "COL Price": 2.1,
    "COL ppu": "$2.80 per 1L",
    "COL Size": "750mL"
  },
  {
    "Brand_Product_Size": "Coles LED Globes ES 9W 840L Warm White 2 pack",
    "COL Price": 10,
    "COL ppu": "$5.00 per 1Ea",
    "COL Size": "2 pack"
  },
  {
    "Brand_Product_Size": "Uncle Tobys Cheerios Multigrains Cereal 580g",
    "COL Price": 5,
    "COL ppu": "$0.86 per 100G",
    "COL Size": "580g"
  },
  {
    "Brand_Product_Size": "Sabco Swish Spray Mop each",
    "COL Price": 30,
    "COL ppu": "$30.00 per 1Ea",
    "COL Size": "each"
  },
  {
    "Brand_Product_Size": "Nerada Organic Lemon & Ginger Tea Bags 40 pack 60g",
    "COL Price": 4,
    "COL ppu": "$0.07 per 1G",
    "COL Size": "60g"
  },
  {
    "Brand_Product_Size": "Sunkist Zero Sugar Soft Drink Orange Crush",
    "COL Price": 2.15,
    "COL ppu": "",
    "COL Size": ""
  },
  {
    "Brand_Product_Size": "Coles Zesty Chicken With Barley White Beans & Kale Soup Pouch 430g",
    "COL Price": 2.7,
    "COL ppu": "$0.63 per 100G",
    "COL Size": "430g"
  },
  {
    "Brand_Product_Size": "Rimmel Scandaleyes Volume Mascara Black Brown 12mL",
    "COL Price": 11.4,
    "COL ppu": "$9.50 per 10mL",
    "COL Size": "12mL"
  },
  {
    "Brand_Product_Size": "John West Wild Scottish Mackerel Fillets In Brine 125g",
    "COL Price": 3.3,
    "COL ppu": "$26.40 per 1Kg",
    "COL Size": "125g"
  },
  {
    "Brand_Product_Size": "My Dog Naturally Crafted Australian Turkey Carrots & Green Beans Wet Dog Food Tray 85g",
    "COL Price": 1.5,
    "COL ppu": "$1.76 per 100G",
    "COL Size": "85g"
  },
  {
    "Brand_Product_Size": "Crave Adult Dog Food With Beef Pate 100g",
    "COL Price": 1.9,
    "COL ppu": "$1.90 per 100G",
    "COL Size": "100g"
  },
  {
    "Brand_Product_Size": "MasterFoods Family Italian Herbs 30g",
    "COL Price": 5.4,
    "COL ppu": "$1.80 per 10G",
    "COL Size": "30g"
  },
  {
    "Brand_Product_Size": "Arnott's Monte Carlo Biscuit Black Forest 250g",
    "COL Price": 3,
    "COL ppu": "$1.20 per 100G",
    "COL Size": "250g"
  },
  {
    "Brand_Product_Size": "Coles Beechwood Smoked Leg Ham Portion approx. 2.5kg each",
    "COL Price": 27.5,
    "COL ppu": "$11.00 per 1Kg",
    "COL Size": "approx. 2.5kg each"
  },
  {
    "Brand_Product_Size": "Kiwi Yellow & Brown Laces each",
    "COL Price": 3,
    "COL ppu": "$1.50 per 1Ea",
    "COL Size": "each"
  },
  {
    "Brand_Product_Size": "Luv A Duck Whole Duck approx. 2.1kg",
    "COL Price": 22.05,
    "COL ppu": "$10.50 per 1Kg",
    "COL Size": "approx. 2.1kg"
  },
  {
    "Brand_Product_Size": "Banana Boat Pure Aloe Vera Gel 250g",
    "COL Price": 8,
    "COL ppu": "$3.20 per 100G",
    "COL Size": "250g"
  },
  {
    "Brand_Product_Size": "Coles Classic Pork Sausage 550g",
    "COL Price": 5.5,
    "COL ppu": "$10.00 per 1Kg",
    "COL Size": "550g"
  },
  {
    "Brand_Product_Size": "Coles Microgreens Red Radish each",
    "COL Price": 3,
    "COL ppu": "$3.00 per 1Ea",
    "COL Size": "each"
  },
  {
    "Brand_Product_Size": "Coles Pouch Fish Variety Cat Food 12 pack",
    "COL Price": 5.4,
    "COL ppu": "$0.53 per 100G",
    "COL Size": "12 pack"
  },
  {
    "Brand_Product_Size": "Nivea Men Deep Face & Beard Wash + Black Carbon 100mL",
    "COL Price": 9,
    "COL ppu": "$9.00 per 100mL",
    "COL Size": "100mL"
  },
  {
    "Brand_Product_Size": "Nivea Cellular Anti Age Night Cream Face Moisturiser + Hyaluronic Acid & Collagen 50mL",
    "COL Price": 33,
    "COL ppu": "$66.00 per 100mL",
    "COL Size": "50mL"
  },
  {
    "Brand_Product_Size": "The Natural Confectionery Co. Fruity Chews Lollies Large Bag 420g",
    "COL Price": 5,
    "COL ppu": "$1.19 per 100G",
    "COL Size": "420g"
  },
  {
    "Brand_Product_Size": "Halo Top Strawberry Cheesecake Ice Cream 473mL",
    "COL Price": 9,
    "COL ppu": "$1.90 per 100mL",
    "COL Size": "473mL"
  },
  {
    "Brand_Product_Size": "Connoisseur Cookies & Cream Gourmet Ice Cream Sticks 4 pack 455mL",
    "COL Price": 8.6,
    "COL ppu": "$1.89 per 100mL",
    "COL Size": "455mL"
  },
  {
    "Brand_Product_Size": "Cook & Dine Stainless Steel Peeler each",
    "COL Price": 4.5,
    "COL ppu": "$4.50 per 1Ea",
    "COL Size": "each"
  },
  {
    "Brand_Product_Size": "Coles Blueberries In Syrup 415g",
    "COL Price": 3.8,
    "COL ppu": "$9.16 per 1Kg",
    "COL Size": "415g"
  },
  {
    "Brand_Product_Size": "Raw C Pure Natural Coconut Water 1L",
    "COL Price": 5,
    "COL ppu": "$5.00 per 1L",
    "COL Size": "1L"
  },
  {
    "Brand_Product_Size": "Pelmeni Foods Frozen Cheese & Spinach Kreplach Dumplings 600g",
    "COL Price": 13.5,
    "COL ppu": "$2.25 per 100G",
    "COL Size": "600g"
  },
  {
    "Brand_Product_Size": "Coles Kitchen Lamb & Potato Casserole 600g",
    "COL Price": 12,
    "COL ppu": "$2.00 per 100G",
    "COL Size": "600g"
  },
  {
    "Brand_Product_Size": "Coles Kitchen Bolognese Bake 350g",
    "COL Price": 7.5,
    "COL ppu": "$2.14 per 100G",
    "COL Size": "350g"
  },
  {
    "Brand_Product_Size": "I&J The Finest Frozen Salmon Portions With Lemon Pepper 500g",
    "COL Price": 18,
    "COL ppu": "$36.00 per 1Kg",
    "COL Size": "500g"
  },
  {
    "Brand_Product_Size": "Coles Fresh Beetroot approx. 170g each",
    "COL Price": 0.85,
    "COL ppu": "$5.00 per 1Kg",
    "COL Size": "approx. 170g each"
  },
  {
    "Brand_Product_Size": "Bega Light & Tasty Natural Cheese Slices 30 pack 500g",
    "COL Price": 9,
    "COL ppu": "$18.00 per 1Kg",
    "COL Size": "500g"
  },
  {
    "Brand_Product_Size": "Coles Standard Double Adaptor 1 pack",
    "COL Price": 2.25,
    "COL ppu": "$2.25 per 1Ea",
    "COL Size": "1 pack"
  },
  {
    "Brand_Product_Size": "Coles Plastic Pegs 34 pack",
    "COL Price": 1.85,
    "COL ppu": "$0.05 per 1Ea",
    "COL Size": "34 pack"
  },
  {
    "Brand_Product_Size": "Schwarzkopf Taft Super Hold Styling Girl Gel 250g",
    "COL Price": 4,
    "COL ppu": "$1.60 per 100G",
    "COL Size": "250g"
  },
  {
    "Brand_Product_Size": "Coles Deli Mortadella approx. 125g",
    "COL Price": 1.25,
    "COL ppu": "$10.00 per 1Kg",
    "COL Size": "approx. 125g"
  },
  {
    "Brand_Product_Size": "Rascal & Friends Nappies Bulk Toddler 36 pack",
    "COL Price": 14,
    "COL ppu": "$0.39 per 1Ea",
    "COL Size": "36 pack"
  },
  {
    "Brand_Product_Size": "Harpic Eco Fresh Toilet Gel Eucalyptus 500mL",
    "COL Price": 5,
    "COL ppu": "$1.00 per 100mL",
    "COL Size": "500mL"
  },
  {
    "Brand_Product_Size": "Dare Double Espresso Iced Coffee Flavoured Milk 500mL",
    "COL Price": 2.6,
    "COL ppu": "$5.20 per 1L",
    "COL Size": "500mL"
  },
  {
    "Brand_Product_Size": "Pine O Cleen Pine Disinfectant 1.25L",
    "COL Price": 4,
    "COL ppu": "$0.32 per 100mL",
    "COL Size": "1.25L"
  },
  {
    "Brand_Product_Size": "Gourmet Garden Lightly Dried Chives 4g",
    "COL Price": 3.5,
    "COL ppu": "$8.75 per 10G",
    "COL Size": "4g"
  },
  {
    "Brand_Product_Size": "Panadol Rapid Caplets for Pain Relief Paracetamol 500mg 20 pack",
    "COL Price": 4.95,
    "COL ppu": "$0.25 per 1Ea",
    "COL Size": "20 pack"
  },
  {
    "Brand_Product_Size": "Advil Children Pain & Fever Relief Ibuprofen 20 pack",
    "COL Price": 9,
    "COL ppu": "$0.45 per 1Ea",
    "COL Size": "20 pack"
  },
  {
    "Brand_Product_Size": "Bulla Splits Spiders Multiflavour Ice Cream Sticks 10 Pack 750mL",
    "COL Price": 7,
    "COL ppu": "$0.93 per 100mL",
    "COL Size": "750mL"
  },
  {
    "Brand_Product_Size": "Coles Meat Servery Sliced Rump Steak approx. 800g",
    "COL Price": 19.2,
    "COL ppu": "$24.00 per 1Kg",
    "COL Size": "approx. 800g"
  },
  {
    "Brand_Product_Size": "Vittoria Italian Blend Coffee Bags 20 pack",
    "COL Price": 9.65,
    "COL ppu": "$0.48 per 1Ea",
    "COL Size": "20 pack"
  },
  {
    "Brand_Product_Size": "Fanta Orange Flavour Multipack Cans 375mL 10 pack",
    "COL Price": 13.02,
    "COL ppu": "$3.47 per 1L",
    "COL Size": "10 pack"
  },
  {
    "Brand_Product_Size": "Bulla Splits Multi Flavoured Ice Cream Sticks 10 pack 750mL",
    "COL Price": 7,
    "COL ppu": "$0.93 per 100mL",
    "COL Size": "750mL"
  },
  {
    "Brand_Product_Size": "The Dutch Company Syrup Wafers 4 Pack 125g",
    "COL Price": 2.25,
    "COL ppu": "$1.80 per 100G",
    "COL Size": "125g"
  },
  {
    "Brand_Product_Size": "Coles Deli Express Salami Platters 200g",
    "COL Price": 13,
    "COL ppu": "$6.50 per 100G",
    "COL Size": "200g"
  },
  {
    "Brand_Product_Size": "Headgear Cruel Clay Styler 100g",
    "COL Price": 9,
    "COL ppu": "$9.00 per 100G",
    "COL Size": "100g"
  },
  {
    "Brand_Product_Size": "Schweppes Zero Sugar Raspberry 1.1L",
    "COL Price": 2.15,
    "COL ppu": "$1.95 per 1L",
    "COL Size": "1.1L"
  },
  {
    "Brand_Product_Size": "Patak's Madras Simmer Sauce Hot 450g",
    "COL Price": 3.5,
    "COL ppu": "$0.78 per 100G",
    "COL Size": "450g"
  },
  {
    "Brand_Product_Size": "Mirabella Reflector R50 ES Globe Warm White Led 6W 470 Lumens each",
    "COL Price": 10.5,
    "COL ppu": "$10.50 per 1Ea",
    "COL Size": "each"
  },
  {
    "Brand_Product_Size": "Coles Bacon Shortcut Rindless 200g",
    "COL Price": 5,
    "COL ppu": "$25.00 per 1Kg",
    "COL Size": "200g"
  },
  {
    "Brand_Product_Size": "I&J Beer Batter Wild Caught Fish Fillets 550g",
    "COL Price": 6,
    "COL ppu": "$1.09 per 100G",
    "COL Size": "550g"
  },
  {
    "Brand_Product_Size": "St Remio Coffee Expressi/Caffitaly Compatible Classic Capsules 10 pack",
    "COL Price": 3.75,
    "COL ppu": "$0.38 per 1Ea",
    "COL Size": "10 pack"
  },
  {
    "Brand_Product_Size": "Paper Mate Profile Pen Blue 2 pack",
    "COL Price": 5.2,
    "COL ppu": "",
    "COL Size": "2 pack"
  },
  {
    "Brand_Product_Size": "Total Care Brush And Shine Dog 1 pack",
    "COL Price": 14,
    "COL ppu": "$14.00 per 1Ea",
    "COL Size": "1 pack"
  },
  {
    "Brand_Product_Size": "Poise Thin & Discreet Pants Large 5 pack",
    "COL Price": 7.5,
    "COL ppu": "",
    "COL Size": "5 pack"
  },
  {
    "Brand_Product_Size": "Nexba Kombucha Elderflower & Lemon Live Sparkling Probiotic Multipack Bottles 330mL 4 pack",
    "COL Price": 8.55,
    "COL ppu": "$6.48 per 1L",
    "COL Size": "4 pack"
  },
  {
    "Brand_Product_Size": "Mainland Tasty Cheese Block 500g",
    "COL Price": 9,
    "COL ppu": "$18.00 per 1Kg",
    "COL Size": "500g"
  },
  {
    "Brand_Product_Size": "Barilla Pasta Sauce with Basil 400g",
    "COL Price": 3.75,
    "COL ppu": "$0.94 per 100G",
    "COL Size": "400g"
  },
  {
    "Brand_Product_Size": "Clearasil Daily Blackhead Clearing Scrub 150mL",
    "COL Price": 10.5,
    "COL ppu": "$7.00 per 100mL",
    "COL Size": "150mL"
  },
  {
    "Brand_Product_Size": "Caltrate Bone & Muscle Health Tablets 100 pack",
    "COL Price": 17,
    "COL ppu": "$17.00 per 100Ea",
    "COL Size": "100 pack"
  },
  {
    "Brand_Product_Size": "Coles Pacific Tuna In Spring Water 185g",
    "COL Price": 2,
    "COL ppu": "$1.08 per 100G",
    "COL Size": "185g"
  },
  {
    "Brand_Product_Size": "Ong's Oyster Sauce 255g",
    "COL Price": 2.3,
    "COL ppu": "$0.90 per 100G",
    "COL Size": "255g"
  },
  {
    "Brand_Product_Size": "Dettol Rose & Cherry In Bloom Foam Hand Wash Refill 900mL",
    "COL Price": 7,
    "COL ppu": "$0.78 per 100mL",
    "COL Size": "900mL"
  },
  {
    "Brand_Product_Size": "Carman's Strawberries & Cream Aussie Oat Bar 180g",
    "COL Price": 5,
    "COL ppu": "$2.78 per 100G",
    "COL Size": "180g"
  },
  {
    "Brand_Product_Size": "Coles Deli Tarago Shadows Of Blue Cheese approx. 100g",
    "COL Price": 7.1,
    "COL ppu": "$71.00 per 1Kg",
    "COL Size": "approx. 100g"
  },
  {
    "Brand_Product_Size": "The Wholesome Food Company Sea Salt Lentil Chips 120g",
    "COL Price": 4,
    "COL ppu": "$3.33 per 100G",
    "COL Size": "120g"
  },
  {
    "Brand_Product_Size": "Korbond Lint Roller 1 each",
    "COL Price": 7.35,
    "COL ppu": "$7.35 per 1ea",
    "COL Size": "1 each"
  },
  {
    "Brand_Product_Size": "Freedom Foods Xo Crunch Berry Flavour 245g",
    "COL Price": 4,
    "COL ppu": "$1.63 per 100G",
    "COL Size": "245g"
  },
  {
    "Brand_Product_Size": "Mother's Day Make Your Own Plaster Handprint Kit each",
    "COL Price": 5,
    "COL ppu": "$5.00 per 1Ea",
    "COL Size": "each"
  },
  {
    "Brand_Product_Size": "Twinings Watermelon, Strawberry & Mint Cold Water Infusion 12 pack 30g",
    "COL Price": 6,
    "COL ppu": "$0.50 per 1Ea",
    "COL Size": "30g"
  },
  {
    "Brand_Product_Size": "Odor Eaters Regular Foot Powder 100g",
    "COL Price": 7.5,
    "COL ppu": "$7.50 per 100G",
    "COL Size": "100g"
  },
  {
    "Brand_Product_Size": "Campbell's Chunky Beef Stroganoff Soup 505g",
    "COL Price": 3.5,
    "COL ppu": "$0.69 per 100G",
    "COL Size": "505g"
  },
  {
    "Brand_Product_Size": "Garnier Nutrisse Naturals Hair 1 pack",
    "COL Price": 7.5,
    "COL ppu": "$7.50 per 1Ea",
    "COL Size": "1 pack"
  },
  {
    "Brand_Product_Size": "Kleenex Everyday 2 Ply Facial Tissue 200 pack",
    "COL Price": 2,
    "COL ppu": "$1.00 per 100Ea",
    "COL Size": "200 pack"
  },
  {
    "Brand_Product_Size": "Coles Coffee Decaffeinated 100g",
    "COL Price": 4,
    "COL ppu": "$4.00 per 100G",
    "COL Size": "100g"
  },
  {
    "Brand_Product_Size": "Tassal Hot Smoked Tassie Salmon With Cracked Peppercorn 150g",
    "COL Price": 8,
    "COL ppu": "$53.34 per 1Kg",
    "COL Size": "150g"
  },
  {
    "Brand_Product_Size": "L'Oreal Men Expert Carbon Protect Deodorant 250mL",
    "COL Price": 4.86,
    "COL ppu": "$1.94 per 100mL",
    "COL Size": "250mL"
  },
  {
    "Brand_Product_Size": "Gaviscon Double Strength Aniseed 500mL",
    "COL Price": 13.6,
    "COL ppu": "$2.72 per 100mL",
    "COL Size": "500mL"
  },
  {
    "Brand_Product_Size": "Coles Red Sweet Potatoes 1kg",
    "COL Price": 5.5,
    "COL ppu": "$5.50 per 1Kg",
    "COL Size": "1kg"
  },
  {
    "Brand_Product_Size": "MasterFoods Middle Eastern Harissa Blend 37g",
    "COL Price": 3.4,
    "COL ppu": "$0.92 per 10G",
    "COL Size": "37g"
  },
  {
    "Brand_Product_Size": "Twinings Coconut Cacao Latte 200g",
    "COL Price": 9.65,
    "COL ppu": "$4.83 per 100G",
    "COL Size": "200g"
  },
  {
    "Brand_Product_Size": "Smiths Baked Sour Cream & Chives 5 pack 130g",
    "COL Price": 4.65,
    "COL ppu": "$3.58 per 100G",
    "COL Size": "130g"
  },
  {
    "Brand_Product_Size": "L'Oreal True Match Vanilla Concealer 6.8mL",
    "COL Price": 14,
    "COL ppu": "$20.59 per 10mL",
    "COL Size": "6.8mL"
  },
  {
    "Brand_Product_Size": "Eastcoast Beverages Pineapple Juice Chilled 500mL",
    "COL Price": 2.25,
    "COL ppu": "$4.50 per 1L",
    "COL Size": "500mL"
  },
  {
    "Brand_Product_Size": "Siena Coarse Polenta 1kg",
    "COL Price": 4.15,
    "COL ppu": "$0.42 per 100G",
    "COL Size": "1kg"
  },
  {
    "Brand_Product_Size": "Coles Dairy Free Coconut Yoghurt 500g",
    "COL Price": 5.4,
    "COL ppu": "$1.08 per 100G",
    "COL Size": "500g"
  },
  {
    "Brand_Product_Size": "Ocean Blue Smoked Salmon 350g",
    "COL Price": 13.5,
    "COL ppu": "$38.57 per 1Kg",
    "COL Size": "350g"
  },
  {
    "Brand_Product_Size": "Coles Cream Cheese Spread Original 250g",
    "COL Price": 2.75,
    "COL ppu": "$11.00 per 1Kg",
    "COL Size": "250g"
  },
  {
    "Brand_Product_Size": "Coles Mum's Sause Garden Veg 500g",
    "COL Price": 3,
    "COL ppu": "$0.60 per 100G",
    "COL Size": "500g"
  },
  {
    "Brand_Product_Size": "Podravka Proljetna Spring Vegetable Soup 60g",
    "COL Price": 2.35,
    "COL ppu": "$3.92 per 100G",
    "COL Size": "60g"
  },
  {
    "Brand_Product_Size": "Coles Potatoes Little Tractor 2kg",
    "COL Price": 5,
    "COL ppu": "$2.50 per 1Kg",
    "COL Size": "2kg"
  },
  {
    "Brand_Product_Size": "Coles Raspberry Flavoured Jelly Crystals 85g",
    "COL Price": 0.9,
    "COL ppu": "$1.06 per 100G",
    "COL Size": "85g"
  },
  {
    "Brand_Product_Size": "KOi Mandarin Lemon & Grapefruit Bath Salts 500g",
    "COL Price": 10,
    "COL ppu": "$2.00 per 100G",
    "COL Size": "500g"
  },
  {
    "Brand_Product_Size": "Dairy Farmers Shape No Fat High Calcium Milk 1L",
    "COL Price": 2.95,
    "COL ppu": "$2.95 per 1L",
    "COL Size": "1L"
  },
  {
    "Brand_Product_Size": "Danone Ultimate Limited Edition Creamy Salted Caramel Yoghurt 4 pack",
    "COL Price": 4.5,
    "COL ppu": "$0.98 per 100G",
    "COL Size": "4 pack"
  },
  {
    "Brand_Product_Size": "Coles Bra Washing Bag 1 pack",
    "COL Price": 3.5,
    "COL ppu": "$3.50 per 1Ea",
    "COL Size": "1 pack"
  },
  {
    "Brand_Product_Size": "Daley Street Medium Coffee Ground 200g",
    "COL Price": 4.5,
    "COL ppu": "$2.25 per 100G",
    "COL Size": "200g"
  },
  {
    "Brand_Product_Size": "MasterFoods Mexican Chilli Powder 30g",
    "COL Price": 3,
    "COL ppu": "$1.00 per 10G",
    "COL Size": "30g"
  },
  {
    "Brand_Product_Size": "Coles Bolognese Bake 1.8kg",
    "COL Price": 10,
    "COL ppu": "$5.56 per 1KG",
    "COL Size": "1.8kg"
  },
  {
    "Brand_Product_Size": "Vittoria Espresso Ground Coffee 500g",
    "COL Price": 15,
    "COL ppu": "$3.00 per 100G",
    "COL Size": "500g"
  },
  {
    "Brand_Product_Size": "McCain Delish Potato Gratin 400g",
    "COL Price": 5.5,
    "COL ppu": "$13.75 per 1Kg",
    "COL Size": "400g"
  },
  {
    "Brand_Product_Size": "Coles Lemon Flavoured Drink 1.25L",
    "COL Price": 1,
    "COL ppu": "$0.80 per 1L",
    "COL Size": "1.25L"
  },
  {
    "Brand_Product_Size": "Jalna Lactose Free Whole Milk Natural Yoghurt 1kg",
    "COL Price": 7.95,
    "COL ppu": "$7.95 per 1KG",
    "COL Size": "1kg"
  },
  {
    "Brand_Product_Size": "L'Oreal Men Barber Club Beard Oil 30mL",
    "COL Price": 14.25,
    "COL ppu": "$47.50 per 100mL",
    "COL Size": "30mL"
  },
  {
    "Brand_Product_Size": "S & B Assorted Chilli Pepper 15g",
    "COL Price": 3,
    "COL ppu": "$20.00 per 100G",
    "COL Size": "15g"
  },
  {
    "Brand_Product_Size": "Duru Bulgur Brown Fine 1kg",
    "COL Price": 2.4,
    "COL ppu": "$2.40 per 1Kg",
    "COL Size": "1kg"
  },
  {
    "Brand_Product_Size": "Pureharvest Organic Long Life Oat Milk 1L",
    "COL Price": 2.8,
    "COL ppu": "$2.80 per 1L",
    "COL Size": "1L"
  },
  {
    "Brand_Product_Size": "Sukin The Lavender 1 pack",
    "COL Price": 14,
    "COL ppu": "$14.00 per 1Ea",
    "COL Size": "1 pack"
  },
  {
    "Brand_Product_Size": "Nivea Sun 4 Hour Water Resistant Sunscreen Moisturiser Lotion + Vitamin E & SPF50+ 100mL",
    "COL Price": 11,
    "COL ppu": "$11.00 per 100mL",
    "COL Size": "100mL"
  },
  {
    "Brand_Product_Size": "Allen's Frogs Alive 190g",
    "COL Price": 3,
    "COL ppu": "$1.58 per 100G",
    "COL Size": "190g"
  },
  {
    "Brand_Product_Size": "TOM Organic Ultra Thin Liners 26 pack",
    "COL Price": 4.9,
    "COL ppu": "$0.19 per 1Ea",
    "COL Size": "26 pack"
  },
  {
    "Brand_Product_Size": "Odlums Farmhouse Quick Bread Mix 450g",
    "COL Price": 4,
    "COL ppu": "$0.89 per 100G",
    "COL Size": "450g"
  },
  {
    "Brand_Product_Size": "Birds Eye Frozen Atlantic Salmon Fillets 260g",
    "COL Price": 12.5,
    "COL ppu": "$48.08 per 1Kg",
    "COL Size": "260g"
  },
  {
    "Brand_Product_Size": "Botanica By Air Wick Le Fragrance Refills French Lavender Honey Blossom 38mL",
    "COL Price": 12.5,
    "COL ppu": "$3.29 per 10mL",
    "COL Size": "38mL"
  },
  {
    "Brand_Product_Size": "Huggies Lightly Fragranced 80 Coconut Oil Baby Wipes 1 pack",
    "COL Price": 3.5,
    "COL ppu": "$4.38 per 100Ea",
    "COL Size": "1 pack"
  },
  {
    "Brand_Product_Size": "Hoyts Whole Cloves 15g",
    "COL Price": 1.8,
    "COL ppu": "$1.20 per 10G",
    "COL Size": "15g"
  },
  {
    "Brand_Product_Size": "Lavazza Espresso Barista Intenso Beans 1kg",
    "COL Price": 22,
    "COL ppu": "$2.20 per 100G",
    "COL Size": "1kg"
  },
  {
    "Brand_Product_Size": "Belvita Raspberry Vanilla Bean Coconut Bites 90 gram",
    "COL Price": 3.7,
    "COL ppu": "",
    "COL Size": "90 gram"
  },
  {
    "Brand_Product_Size": "Coles Ocean Fish Flavour Dry Adult Cat Food 1kg",
    "COL Price": 2.8,
    "COL ppu": "$0.28 per 100G",
    "COL Size": "1kg"
  },
  {
    "Brand_Product_Size": "Nissin Ramen Kyushu Black Noodle 530g",
    "COL Price": 6.75,
    "COL ppu": "$1.27 per 100G",
    "COL Size": "530g"
  },
  {
    "Brand_Product_Size": "Coles Finest Dark Almond Belgian Block 100g",
    "COL Price": 2.5,
    "COL ppu": "$2.50 per 100G",
    "COL Size": "100g"
  },
  {
    "Brand_Product_Size": "Coles Made Easy Chicken Puff Pastry Parcels With Parmesan & Garlic 350g",
    "COL Price": 8,
    "COL ppu": "$2.29 per 100G",
    "COL Size": "350g"
  },
  {
    "Brand_Product_Size": "Heinz Soup For One Creamy Tomato Can 300g",
    "COL Price": 1.95,
    "COL ppu": "$0.65 per 100G",
    "COL Size": "300g"
  },
  {
    "Brand_Product_Size": "Obento Sushi Kit 540g",
    "COL Price": 11.6,
    "COL ppu": "$2.15 per 100G",
    "COL Size": "540g"
  },
  {
    "Brand_Product_Size": "Windex Glass Cleaner Trigger Spray Crystal Rain 500mL",
    "COL Price": 4.45,
    "COL ppu": "$0.89 per 100mL",
    "COL Size": "500mL"
  },
  {
    "Brand_Product_Size": "Dairy Farmers Thick And Creamy Blueberry Yoghurt 150g",
    "COL Price": 2.2,
    "COL ppu": "$1.47 per 100G",
    "COL Size": "150g"
  },
  {
    "Brand_Product_Size": "Coles Kitchen Potato Salad 250g",
    "COL Price": 3,
    "COL ppu": "$1.20 per 100G",
    "COL Size": "250g"
  },
  {
    "Brand_Product_Size": "Green's Traditional Zesty Orange Cake Mix 470g",
    "COL Price": 2.75,
    "COL ppu": "$0.59 per 100G",
    "COL Size": "470g"
  },
  {
    "Brand_Product_Size": "Coles Thawed Seafood Cooked Peeled Prawn Cutlets 1kg",
    "COL Price": 29,
    "COL ppu": "$29.00 per 1Ea",
    "COL Size": "1kg"
  },
  {
    "Brand_Product_Size": "Double Phoenix Chinese Cooking Wine 640mL",
    "COL Price": 1.5,
    "COL ppu": "$0.23 per 100mL",
    "COL Size": "640mL"
  },
  {
    "Brand_Product_Size": "Coles Fresh Seafood Pacific Oysters 12 pack",
    "COL Price": 18,
    "COL ppu": "$1.50 per 1Ea",
    "COL Size": "12 pack"
  },
  {
    "Brand_Product_Size": "British Pork And Caramelised Onion Bag 450g",
    "COL Price": 7.5,
    "COL ppu": "$1.67 per 100G",
    "COL Size": "450g"
  },
  {
    "Brand_Product_Size": "Gourmet Tomato Canned Soup 420g",
    "COL Price": 1.6,
    "COL ppu": "$0.38 per 100G",
    "COL Size": "420g"
  },
  {
    "Brand_Product_Size": "Coles Panama Passionfruit each",
    "COL Price": 1.2,
    "COL ppu": "$1.20 per 1Ea",
    "COL Size": "each"
  },
  {
    "Brand_Product_Size": "Donna Hay Salted Caramel Chocolate Brownie Mix 500 gram",
    "COL Price": 3.5,
    "COL ppu": "",
    "COL Size": "500 gram"
  },
  {
    "Brand_Product_Size": "Burts Bees Watermelon Lip Balm 4.25g",
    "COL Price": 6.5,
    "COL ppu": "$15.29 per 10G",
    "COL Size": "4.25g"
  },
  {
    "Brand_Product_Size": "V Energy Drink Blue Sugar Free 250mL",
    "COL Price": 2.8,
    "COL ppu": "$1.12 per 100mL",
    "COL Size": "250mL"
  },
  {
    "Brand_Product_Size": "Rexona Men's Antiperspirant Aerosol Deodorant Adventure 250mL",
    "COL Price": 5,
    "COL ppu": "$2.00 per 100mL",
    "COL Size": "250mL"
  },
  {
    "Brand_Product_Size": "Onix Onix Home Starter Air Fryer 3.2L each",
    "COL Price": 90,
    "COL ppu": "$90.00 per 1Ea",
    "COL Size": "each"
  },
  {
    "Brand_Product_Size": "Robert Timms Italian Espresso Style Coffee Bags 28 Pack 160g",
    "COL Price": 9.65,
    "COL ppu": "$60.31 per 1KG",
    "COL Size": "160g"
  },
  {
    "Brand_Product_Size": "Dairy Farmers Thick N Creamy Strawberry Yoghurt 150g",
    "COL Price": 2.2,
    "COL ppu": "$1.47 per 100G",
    "COL Size": "150g"
  },
  {
    "Brand_Product_Size": "Primo Gluten Free Real Diced Bacon 200g",
    "COL Price": 4,
    "COL ppu": "$2.00 per 100G",
    "COL Size": "200g"
  },
  {
    "Brand_Product_Size": "Ogx Coconut Milk Conditioner 384mL",
    "COL Price": 20,
    "COL ppu": "$5.19 per 100mL",
    "COL Size": "384mL"
  },
  {
    "Brand_Product_Size": "Coles Kitchen Potato Gnocchi 500g",
    "COL Price": 4,
    "COL ppu": "$0.80 per 100G",
    "COL Size": "500g"
  },
  {
    "Brand_Product_Size": "Lynx Aerosol Australia Antiperspirant 165mL",
    "COL Price": 7,
    "COL ppu": "$4.24 per 100mL",
    "COL Size": "165mL"
  },
  {
    "Brand_Product_Size": "Coles Made Easy Creamy Chicken Pot Pie With Smoked Ham & Leek 500g",
    "COL Price": 10,
    "COL ppu": "$20.00 per 1Kg",
    "COL Size": "500g"
  },
  {
    "Brand_Product_Size": "San Remo Pasta Curls No 27 500g",
    "COL Price": 1.95,
    "COL ppu": "$0.39 per 100G",
    "COL Size": "500g"
  },
  {
    "Brand_Product_Size": "Golden Days Dark Chocolate Sesame Snaps 120g",
    "COL Price": 3.3,
    "COL ppu": "$2.75 per 100G",
    "COL Size": "120g"
  },
  {
    "Brand_Product_Size": "Beechworth Bee Cause Outback Honey 400g",
    "COL Price": 8.5,
    "COL ppu": "$2.13 per 100G",
    "COL Size": "400g"
  },
  {
    "Brand_Product_Size": "Tassal Premium Tasmanian Roasted Salmon Asian Style Sweet Chilli 95g",
    "COL Price": 2,
    "COL ppu": "$21.05 per 1Kg",
    "COL Size": "95g"
  },
  {
    "Brand_Product_Size": "Celestial Seasonings Tea Bags Sleepytime 40 pack",
    "COL Price": 6,
    "COL ppu": "$0.15 per 1Ea",
    "COL Size": "40 pack"
  },
  {
    "Brand_Product_Size": "Quick-Eze Chewy Peppermint Antacid Tablets 3 pack",
    "COL Price": 6,
    "COL ppu": "$4.96 per 100G",
    "COL Size": "3 pack"
  },
  {
    "Brand_Product_Size": "Nice & Natural Real Milk Chocolate Roasted Nut Bars 6 pack 192g",
    "COL Price": 4,
    "COL ppu": "$2.08 per 100G",
    "COL Size": "192g"
  },
  {
    "Brand_Product_Size": "Pine O Cleen Lavender Disinfectant 1.25L",
    "COL Price": 4,
    "COL ppu": "$0.32 per 100mL",
    "COL Size": "1.25L"
  },
  {
    "Brand_Product_Size": "Marion's Kitchen Thai Basil Lime & Coconut Salad Dressing 240mL",
    "COL Price": 5,
    "COL ppu": "$2.08 per 100mL",
    "COL Size": "240mL"
  },
  {
    "Brand_Product_Size": "Coles Shepard Avocados each",
    "COL Price": 2,
    "COL ppu": "$2.00 per 1Ea",
    "COL Size": "each"
  },
  {
    "Brand_Product_Size": "Pana Organic Fig & Wild Orange Chocolate 45g",
    "COL Price": 6,
    "COL ppu": "$13.33 per 100G",
    "COL Size": "45g"
  },
  {
    "Brand_Product_Size": "Coles Creamy Mushroom Simmer Sauce 475g",
    "COL Price": 2,
    "COL ppu": "$0.42 per 100G",
    "COL Size": "475g"
  },
  {
    "Brand_Product_Size": "Nestle Milo Confectionary Tubs 470mL",
    "COL Price": 7,
    "COL ppu": "$1.49 per 100mL",
    "COL Size": "470mL"
  },
  {
    "Brand_Product_Size": "Perkii Sparkling Probiotic Drink Watermelon Mint Cucumber 330mL",
    "COL Price": 3.45,
    "COL ppu": "$1.05 per 100mL",
    "COL Size": "330mL"
  },
  {
    "Brand_Product_Size": "SPC Tropics Diced & Juicy Mangoes in Juice 120g 4 pack",
    "COL Price": 3,
    "COL ppu": "$6.25 per 1Kg",
    "COL Size": "4 pack"
  },
  {
    "Brand_Product_Size": "Tandaco Yeast 84g",
    "COL Price": 4.7,
    "COL ppu": "$5.60 per 100G",
    "COL Size": "84g"
  },
  {
    "Brand_Product_Size": "Oreo Creme Biscuits Choc Split 133g",
    "COL Price": 1.5,
    "COL ppu": "$1.13 per 100G",
    "COL Size": "133g"
  },
  {
    "Brand_Product_Size": "Garnier Nutrisse 6 Acorn Permanent Hair Colour 1 pack",
    "COL Price": 7.5,
    "COL ppu": "$7.50 per 1Ea",
    "COL Size": "1 pack"
  },
  {
    "Brand_Product_Size": "Sam's Frozen Pelmeni Chicken Dumplings 800g",
    "COL Price": 14,
    "COL ppu": "$1.75 per 100G",
    "COL Size": "800g"
  },
  {
    "Brand_Product_Size": "Coles Firelighters 24 pack",
    "COL Price": 3,
    "COL ppu": "$0.13 per 1Ea",
    "COL Size": "24 pack"
  },
  {
    "Brand_Product_Size": "Elevate Adult Cat Chicken Chunks With Carrot & Pumpkin In Gravy 12X85g 12 pack",
    "COL Price": 21,
    "COL ppu": "$2.06 per 100G",
    "COL Size": "12 pack"
  },
  {
    "Brand_Product_Size": "Elastoplast Frozen Strips 20 pack",
    "COL Price": 3.5,
    "COL ppu": "$0.18 per 1Ea",
    "COL Size": "20 pack"
  },
  {
    "Brand_Product_Size": "Moccona Cafe Classics Strong Cappucino 30 pack",
    "COL Price": 10.5,
    "COL ppu": "$0.35 per 1Ea",
    "COL Size": "30 pack"
  },
  {
    "Brand_Product_Size": "Coles Mint Dental Floss With Fluoride 50m",
    "COL Price": 3,
    "COL ppu": "$3.00 per 1Ea",
    "COL Size": "50m"
  },
  {
    "Brand_Product_Size": "Coles Frozen Sweet Potato Cottage Pie 375g",
    "COL Price": 3,
    "COL ppu": "$0.80 per 100G",
    "COL Size": "375g"
  },
  {
    "Brand_Product_Size": "Nissin Laksa Flavour Instant Cup Noodles 75g",
    "COL Price": 1.95,
    "COL ppu": "$2.60 per 100G",
    "COL Size": "75g"
  },
  {
    "Brand_Product_Size": "Food For Health Cranberry & Coconut Clusters 425g",
    "COL Price": 8,
    "COL ppu": "$1.88 per 100G",
    "COL Size": "425g"
  },
  {
    "Brand_Product_Size": "Toshiba USB 3.0 BE03 32GB each",
    "COL Price": 17.6,
    "COL ppu": "$17.60 per 1Ea",
    "COL Size": "each"
  },
  {
    "Brand_Product_Size": "Raw C Straight Up Coconut Water 2L",
    "COL Price": 6,
    "COL ppu": "$3.00 per 1L",
    "COL Size": "2L"
  },
  {
    "Brand_Product_Size": "Tp Hand Plaited Butter Brioche Loaf 400g",
    "COL Price": 7,
    "COL ppu": "$1.75 per 100G",
    "COL Size": "400g"
  },
  {
    "Brand_Product_Size": "Coles Meringue Nests 8 Pack 80g",
    "COL Price": 4.4,
    "COL ppu": "$5.50 per 100G",
    "COL Size": "80g"
  },
  {
    "Brand_Product_Size": "Vitapet Jerhigh Milky Sticks Puppy Dog Treats 100g",
    "COL Price": 4.9,
    "COL ppu": "$4.90 per 100G",
    "COL Size": "100g"
  },
  {
    "Brand_Product_Size": "Lo Bros Organic Kombucha Raspberry Lemon Drink Chilled 330mL",
    "COL Price": 4,
    "COL ppu": "$12.12 per 1L",
    "COL Size": "330mL"
  },
  {
    "Brand_Product_Size": "Syndian Frozen Adzuki & Kumara Burger 340g",
    "COL Price": 6.5,
    "COL ppu": "$1.91 per 100G",
    "COL Size": "340g"
  },
  {
    "Brand_Product_Size": "Cobram Estate Extra Virgin Olive Oil Light 3L",
    "COL Price": 45,
    "COL ppu": "$1.50 per 100mL",
    "COL Size": "3L"
  },
  {
    "Brand_Product_Size": "Hong Kong Dim Sim Kitchen Frozen Siu Mai 10 Pieces 200g",
    "COL Price": 2.5,
    "COL ppu": "$1.25 per 100G",
    "COL Size": "200g"
  },
  {
    "Brand_Product_Size": "Coles Meat Servery Beef Burger each",
    "COL Price": 2.5,
    "COL ppu": "$2.50 per 1Ea",
    "COL Size": "each"
  },
  {
    "Brand_Product_Size": "Nando's Peri Peri Salt 50g",
    "COL Price": 4,
    "COL ppu": "$80.00 per 1Kg",
    "COL Size": "50g"
  },
  {
    "Brand_Product_Size": "Baby Bellies Organic Strawberry Pick-Up Sticks 16g",
    "COL Price": 3.5,
    "COL ppu": "$21.88 per 100G",
    "COL Size": "16g"
  },
  {
    "Brand_Product_Size": "Scott Cornwall Colour Restore Iced Platinum 100mL",
    "COL Price": 17,
    "COL ppu": "$17.00 per 100mL",
    "COL Size": "100mL"
  },
  {
    "Brand_Product_Size": "Prime Pantry Nibbles Cat Treat Duck 40g",
    "COL Price": 3,
    "COL ppu": "$7.50 per 100G",
    "COL Size": "40g"
  },
  {
    "Brand_Product_Size": "Dettol Classic Antibacterial Disinfectant Liquid Solution 250mL",
    "COL Price": 5.7,
    "COL ppu": "$2.28 per 100mL",
    "COL Size": "250mL"
  },
  {
    "Brand_Product_Size": "No Vac Pure Vanilla Carpet Sanitiser & Deodoriser 290g",
    "COL Price": 4.9,
    "COL ppu": "$1.69 per 100G",
    "COL Size": "290g"
  },
  {
    "Brand_Product_Size": "Coles Mixed Exotic Mushrooms Prepacked 150g",
    "COL Price": 6,
    "COL ppu": "$40.00 per 1Kg",
    "COL Size": "150g"
  },
  {
    "Brand_Product_Size": "Coles Traditional High Top Mixed Grain Bread 850g",
    "COL Price": 2.7,
    "COL ppu": "$0.32 per 100G",
    "COL Size": "850g"
  },
  {
    "Brand_Product_Size": "Arnott's Gingernut Biscuits 250g",
    "COL Price": 2.3,
    "COL ppu": "$0.92 per 100G",
    "COL Size": "250g"
  },
  {
    "Brand_Product_Size": "John West Extra Virgin Olive Oil Blend & Pink Salt Deli Tuna 90g",
    "COL Price": 2.7,
    "COL ppu": "$30.00 per 1Kg",
    "COL Size": "90g"
  },
  {
    "Brand_Product_Size": "Pascall Hard Candy Everton Mints 192g",
    "COL Price": 2,
    "COL ppu": "$1.04 per 100G",
    "COL Size": "192g"
  },
  {
    "Brand_Product_Size": "Ocean Spray Craisins Original 283g",
    "COL Price": 5,
    "COL ppu": "$17.67 per 1Kg",
    "COL Size": "283g"
  },
  {
    "Brand_Product_Size": "Simply Clean Labelled Microfibre Cloths 3 pack",
    "COL Price": 4,
    "COL ppu": "$1.33 per 1Ea",
    "COL Size": "3 pack"
  },
  {
    "Brand_Product_Size": "Mayvers Extra Crunchy Peanut Butter 375g",
    "COL Price": 5,
    "COL ppu": "$1.33 per 100G",
    "COL Size": "375g"
  },
  {
    "Brand_Product_Size": "Lilydale Free Range Chicken Drumsticks Quandong Peach 800g",
    "COL Price": 9,
    "COL ppu": "$1.13 per 100G",
    "COL Size": "800g"
  },
  {
    "Brand_Product_Size": "Zafarelli Fusilli Pasta No 17 500g",
    "COL Price": 1.6,
    "COL ppu": "$0.32 per 100G",
    "COL Size": "500g"
  },
  {
    "Brand_Product_Size": "Ski D'Lite Yoghurt Fav 12 pack 100g",
    "COL Price": 6.5,
    "COL ppu": "$0.54 per 100G",
    "COL Size": "100g"
  },
  {
    "Brand_Product_Size": "Greenleaf Natural Dates 250g",
    "COL Price": 1.6,
    "COL ppu": "$0.64 per 100G",
    "COL Size": "250g"
  },
  {
    "Brand_Product_Size": "Bundaberg Passionfruit Brewed Drink 375mL",
    "COL Price": 2.9,
    "COL ppu": "$7.73 per 1L",
    "COL Size": "375mL"
  },
  {
    "Brand_Product_Size": "Strepsils Sore Throat Sugar Free Antibacterial Lemon 36 Lozenges 1 pack",
    "COL Price": 10.5,
    "COL ppu": "$10.50 per 1Ea",
    "COL Size": "1 pack"
  },
  {
    "Brand_Product_Size": "The Sweetporium Co. Raspberry Drop Lollies 200g",
    "COL Price": 2.5,
    "COL ppu": "$1.25 per 100G",
    "COL Size": "200g"
  },
  {
    "Brand_Product_Size": "Arnott's Light Original Salada 250g",
    "COL Price": 3.2,
    "COL ppu": "$1.28 per 100G",
    "COL Size": "250g"
  },
  {
    "Brand_Product_Size": "Ital Choc Hazelnut Biscotti 170g",
    "COL Price": 2,
    "COL ppu": "$1.18 per 100G",
    "COL Size": "170g"
  },
  {
    "Brand_Product_Size": "Lilydale Free Range Chicken Breast Fillets Bulk Pack approx. 1kg each",
    "COL Price": 13.5,
    "COL ppu": "$13.50 per 1Kg",
    "COL Size": "approx. 1kg each"
  },
  {
    "Brand_Product_Size": "Well Naturally Chocolate Mint Sugar Free Bar 45g",
    "COL Price": 2.85,
    "COL ppu": "$6.33 per 100G",
    "COL Size": "45g"
  },
  {
    "Brand_Product_Size": "Street Kitchen Malaysian Peanut Satay 255g",
    "COL Price": 5.5,
    "COL ppu": "$2.16 per 100G",
    "COL Size": "255g"
  },
  {
    "Brand_Product_Size": "Lemnos Paneer 200g",
    "COL Price": 6.9,
    "COL ppu": "$34.50 per 1Kg",
    "COL Size": "200g"
  },
  {
    "Brand_Product_Size": "Bickford's Pink Grapefruit Cordial 750mL",
    "COL Price": 3.2,
    "COL ppu": "$4.27 per 1L",
    "COL Size": "750mL"
  },
  {
    "Brand_Product_Size": "Fruit Co Juice Plus + Orange 2L",
    "COL Price": 2.75,
    "COL ppu": "$1.38 per 1L",
    "COL Size": "2L"
  },
  {
    "Brand_Product_Size": "Coles Made Easy Slow Cooked Coq Au Vin 550g",
    "COL Price": 12,
    "COL ppu": "$21.82 per 1Kg",
    "COL Size": "550g"
  },
  {
    "Brand_Product_Size": "Bundaberg Passionfruit Flavour Sparkling Drink Multipack Bottles 375mL 4 pack",
    "COL Price": 6.35,
    "COL ppu": "$4.23 per 1L",
    "COL Size": "4 pack"
  },
  {
    "Brand_Product_Size": "Solo Lemon Mini Multipack Cans 200mL 6 pack",
    "COL Price": 6.2,
    "COL ppu": "$5.17 per 1L",
    "COL Size": "6 pack"
  },
  {
    "Brand_Product_Size": "OB Finest Fig & Almond Crackers 150g",
    "COL Price": 6,
    "COL ppu": "$4.00 per 100G",
    "COL Size": "150g"
  },
  {
    "Brand_Product_Size": "Coles Wensleydale With Cranberries 200g",
    "COL Price": 6,
    "COL ppu": "$30.00 per 1Kg",
    "COL Size": "200g"
  },
  {
    "Brand_Product_Size": "Coles Ultra Multi-Purpose Cleaner Trigger Spray Lemon Fresh 750mL",
    "COL Price": 1.8,
    "COL ppu": "$0.24 per 100mL",
    "COL Size": "750mL"
  },
  {
    "Brand_Product_Size": "Reese's Peanut Butter Round Sandwich 3 Pack 441mL",
    "COL Price": 6,
    "COL ppu": "$1.36 per 100mL",
    "COL Size": "441mL"
  },
  {
    "Brand_Product_Size": "Ultimates Indulge Responsibly Fished Tuna & Barramundi Cat Food Canned 85g",
    "COL Price": 1.2,
    "COL ppu": "$1.41 per 100G",
    "COL Size": "85g"
  },
  {
    "Brand_Product_Size": "Arnott's Butternut Snap Biscuits 250g",
    "COL Price": 3,
    "COL ppu": "$1.20 per 100G",
    "COL Size": "250g"
  },
  {
    "Brand_Product_Size": "Wild Tides Fished Tuna Olive Oil Blend 95g",
    "COL Price": 1,
    "COL ppu": "$10.53 per 1Kg",
    "COL Size": "95g"
  },
  {
    "Brand_Product_Size": "Coles Classic Olive Oil 1L",
    "COL Price": 7,
    "COL ppu": "$0.70 per 100mL",
    "COL Size": "1L"
  },
  {
    "Brand_Product_Size": "Arnott's Sao Crackers 250g",
    "COL Price": 3.2,
    "COL ppu": "$1.28 per 100G",
    "COL Size": "250g"
  },
  {
    "Brand_Product_Size": "Pana Organic Mint Chocolate 45g",
    "COL Price": 6,
    "COL ppu": "$13.33 per 100G",
    "COL Size": "45g"
  },
  {
    "Brand_Product_Size": "Woofin Good Beef With Kangaroo Mince Dog Food 4x185g 4 pack",
    "COL Price": 7.5,
    "COL ppu": "$1.88 per 1Ea",
    "COL Size": "4 pack"
  },
  {
    "Brand_Product_Size": "Duracell Coppertop Alkaline AA Batteries 16 pack",
    "COL Price": 13.93,
    "COL ppu": "$0.87 per 1Ea",
    "COL Size": "16 pack"
  },
  {
    "Brand_Product_Size": "Dettol Profresh Shower Gel Body Wash Lemon and Lime 950mL",
    "COL Price": 6.8,
    "COL ppu": "$0.72 per 100mL",
    "COL Size": "950mL"
  },
  {
    "Brand_Product_Size": "Skittles Party Pack 1.1kg",
    "COL Price": 12.5,
    "COL ppu": "$1.14 per 100G",
    "COL Size": "1.1kg"
  },
  {
    "Brand_Product_Size": "Onix Home Starter Kettle 1.7L each",
    "COL Price": 20,
    "COL ppu": "$20.00 per 1Ea",
    "COL Size": "each"
  },
  {
    "Brand_Product_Size": "Nicorette Cooldrops Freshfruit 2mg 80 pack",
    "COL Price": 36,
    "COL ppu": "$0.45 per 1Ea",
    "COL Size": "80 pack"
  },
  {
    "Brand_Product_Size": "Coles Women's 5 Blade Razor Cartridges 4 pack",
    "COL Price": 6,
    "COL ppu": "$1.50 per 1Ea",
    "COL Size": "4 pack"
  },
  {
    "Brand_Product_Size": "Ziploc Snack Bag 60 pack",
    "COL Price": 4,
    "COL ppu": "$0.07 per 1Ea",
    "COL Size": "60 pack"
  },
  {
    "Brand_Product_Size": "Coles Gourmet Wagyu Burgers 300g",
    "COL Price": 7.5,
    "COL ppu": "$25.00 per 1Kg",
    "COL Size": "300g"
  },
  {
    "Brand_Product_Size": "Noshu Unicorn Snackles 110g",
    "COL Price": 6,
    "COL ppu": "$5.45 per 100G",
    "COL Size": "110g"
  },
  {
    "Brand_Product_Size": "Nestle Milo Dipped Snack Bars 10 Pack 270g",
    "COL Price": 7,
    "COL ppu": "$2.59 per 100G",
    "COL Size": "270g"
  },
  {
    "Brand_Product_Size": "Coles Deli Mon Pere Brie approx. 100g",
    "COL Price": 4.8,
    "COL ppu": "$48.00 per 1Kg",
    "COL Size": "approx. 100g"
  },
  {
    "Brand_Product_Size": "Nood Grass Fed Lamb Recipe In Gravy Cat Food 80g",
    "COL Price": 1.5,
    "COL ppu": "$1.88 per 100G",
    "COL Size": "80g"
  },
  {
    "Brand_Product_Size": "McDonnells Curry Sauce 250g",
    "COL Price": 9,
    "COL ppu": "$3.60 per 100G",
    "COL Size": "250g"
  },
  {
    "Brand_Product_Size": "Coles Lamb In Rosemary & Mint Gravy 600g",
    "COL Price": 17,
    "COL ppu": "$2.83 per 100G",
    "COL Size": "600g"
  },
  {
    "Brand_Product_Size": "Birds Eye Deli Hoki Crisp Light Batter 250g",
    "COL Price": 7.5,
    "COL ppu": "$30.00 per 1Kg",
    "COL Size": "250g"
  },
  {
    "Brand_Product_Size": "Purina Felix Doubly Delicious Fish Selection In Jelly Cat Food 12 pack",
    "COL Price": 11.5,
    "COL ppu": "$1.13 per 100G",
    "COL Size": "12 pack"
  },
  {
    "Brand_Product_Size": "Coles So Soft 3 Ply White Toilet Paper 24 Rolls 1 pack",
    "COL Price": 8.5,
    "COL ppu": "$0.19 per 100Ea",
    "COL Size": "1 pack"
  },
  {
    "Brand_Product_Size": "Coles Thick Ponytailers Snagless Blonde 28 pack",
    "COL Price": 6.8,
    "COL ppu": "$0.24 per 1Ea",
    "COL Size": "28 pack"
  },
  {
    "Brand_Product_Size": "Schweppes Mixers Soda Water Multipack Bottles 300mL 4 pack",
    "COL Price": 5.9,
    "COL ppu": "$4.92 per 1L",
    "COL Size": "4 pack"
  },
  {
    "Brand_Product_Size": "Palmolive Naturals 2 in 1 Antidandruff Shampoo & Conditioner 350mL",
    "COL Price": 4.5,
    "COL ppu": "$1.29 per 100mL",
    "COL Size": "350mL"
  },
  {
    "Brand_Product_Size": "Obento Sushi Kit 540g",
    "COL Price": 11.6,
    "COL ppu": "$2.15 per 100G",
    "COL Size": "540g"
  },
  {
    "Brand_Product_Size": "Mission Salt Reduced Wraps 8 pack 567g",
    "COL Price": 5,
    "COL ppu": "$0.88 per 100G",
    "COL Size": "567g"
  },
  {
    "Brand_Product_Size": "Nature's Way Kids Smart Probiotic 50 Milk Chocolate Balls 125g",
    "COL Price": 16,
    "COL ppu": "$12.80 per 100G",
    "COL Size": "125g"
  },
  {
    "Brand_Product_Size": "Artisan Muscatels On Vine 100g",
    "COL Price": 9,
    "COL ppu": "$90.00 per 1Kg",
    "COL Size": "100g"
  },
  {
    "Brand_Product_Size": "Tasti Smooshed Wholefood Balls Cacao Brownie 69g",
    "COL Price": 3.3,
    "COL ppu": "$4.78 per 100G",
    "COL Size": "69g"
  },
  {
    "Brand_Product_Size": "Crest Digital Timer 1 Socket each",
    "COL Price": 19,
    "COL ppu": "$19.00 per 1Ea",
    "COL Size": "each"
  },
  {
    "Brand_Product_Size": "Barkers Of Nz Chocolate Sauce 365g",
    "COL Price": 5,
    "COL ppu": "$1.37 per 100G",
    "COL Size": "365g"
  },
  {
    "Brand_Product_Size": "Coles Chocolate & Salted Caramel Cake 400g",
    "COL Price": 7,
    "COL ppu": "$1.75 per 100G",
    "COL Size": "400g"
  },
  {
    "Brand_Product_Size": "McCain Frozen Healthy Choice Creamy Chicken Carbonara 300g",
    "COL Price": 4,
    "COL ppu": "$1.33 per 100G",
    "COL Size": "300g"
  },
  {
    "Brand_Product_Size": "Hask Keratin Shampoo 355mL",
    "COL Price": 15,
    "COL ppu": "$4.23 per 100mL",
    "COL Size": "355mL"
  },
  {
    "Brand_Product_Size": "Grillman Spatula each",
    "COL Price": 10,
    "COL ppu": "$10.00 per 1Ea",
    "COL Size": "each"
  },
  {
    "Brand_Product_Size": "Crisco Peanut Oil 750mL",
    "COL Price": 6,
    "COL ppu": "$0.80 per 100mL",
    "COL Size": "750mL"
  },
  {
    "Brand_Product_Size": "Coles Canola Oil Cooking Spray 400g",
    "COL Price": 1.85,
    "COL ppu": "$0.46 per 100G",
    "COL Size": "400g"
  },
  {
    "Brand_Product_Size": "Zooper Dooper 8 Cosmic Flavours Water Ice 70mL Tubes 24 pack",
    "COL Price": 5.8,
    "COL ppu": "$0.35 per 100mL",
    "COL Size": "24 pack"
  },
  {
    "Brand_Product_Size": "Zanetti Pecorino Romano 200g",
    "COL Price": 8,
    "COL ppu": "$40.00 per 1Kg",
    "COL Size": "200g"
  },
  {
    "Brand_Product_Size": "Kettle Sea Salt & Vinegar Potato Chips 175g",
    "COL Price": 4.65,
    "COL ppu": "$2.66 per 100G",
    "COL Size": "175g"
  },
  {
    "Brand_Product_Size": "Coles Chinese Broccoli 1 bunch",
    "COL Price": 2.5,
    "COL ppu": "$2.50 per 1Ea",
    "COL Size": "1 bunch"
  },
  {
    "Brand_Product_Size": "Lavazza Espresso Barista Gran Crema Beans 1kg",
    "COL Price": 22,
    "COL ppu": "$2.20 per 100G",
    "COL Size": "1kg"
  },
  {
    "Brand_Product_Size": "Mt Franklin Sparkling Water Mango 10 pack",
    "COL Price": 13.75,
    "COL ppu": "$1.38 per 1Ea",
    "COL Size": "10 pack"
  },
  {
    "Brand_Product_Size": "Coles Nut Delight Bars 210g",
    "COL Price": 2.7,
    "COL ppu": "$1.29 per 100G",
    "COL Size": "210g"
  },
  {
    "Brand_Product_Size": "Neutrogena Oil Free Eye Make Up Remover 112mL",
    "COL Price": 13.6,
    "COL ppu": "$12.14 per 100mL",
    "COL Size": "112mL"
  },
  {
    "Brand_Product_Size": "Birds Eye Frozen Steam Fresh Carrots Peas & Corn Mix 3 pack 450g",
    "COL Price": 2.8,
    "COL ppu": "$6.22 per 1Kg",
    "COL Size": "450g"
  },
  {
    "Brand_Product_Size": "Arnott's Gaiety Chocolate Biscuits 160g",
    "COL Price": 4,
    "COL ppu": "$2.50 per 100G",
    "COL Size": "160g"
  },
  {
    "Brand_Product_Size": "Tom & Luke Snackaballs Dark Choc Orange 132g",
    "COL Price": 4,
    "COL ppu": "$3.03 per 100G",
    "COL Size": "132g"
  },
  {
    "Brand_Product_Size": "Tic Tac Fruit Adventure 24g",
    "COL Price": 1.5,
    "COL ppu": "$6.25 per 100G",
    "COL Size": "24g"
  },
  {
    "Brand_Product_Size": "Gillette Fusion Proglide Power Blades 8 pack",
    "COL Price": 44,
    "COL ppu": "$5.50 per 1Ea",
    "COL Size": "8 pack"
  },
  {
    "Brand_Product_Size": "Grandma Moses Bagel Sesame Seed 440g",
    "COL Price": 4.6,
    "COL ppu": "$1.05 per 100G",
    "COL Size": "440g"
  },
  {
    "Brand_Product_Size": "MasterFoods Salt Reduced Tomato Sauce 475mL",
    "COL Price": 2.95,
    "COL ppu": "$0.62 per 100mL",
    "COL Size": "475mL"
  },
  {
    "Brand_Product_Size": "The Bar Counter No Added Sugar Milk Chocolate & Hazelnut",
    "COL Price": 2.5,
    "COL ppu": "",
    "COL Size": ""
  },
  {
    "Brand_Product_Size": "Patties Corn & Cheese Croquette 300g",
    "COL Price": 6,
    "COL ppu": "$2.00 per 100G",
    "COL Size": "300g"
  },
  {
    "Brand_Product_Size": "Comfort Exotic Oriental Fabric Conditioner 750mL",
    "COL Price": 5,
    "COL ppu": "$6.67 per 1L",
    "COL Size": "750mL"
  },
  {
    "Brand_Product_Size": "Gaia Natural Baby Bath & Body Wash 500mL",
    "COL Price": 17.9,
    "COL ppu": "$3.58 per 100mL",
    "COL Size": "500mL"
  },
  {
    "Brand_Product_Size": "Whittaker's Creamy Milk Chocolate 250g",
    "COL Price": 6,
    "COL ppu": "$2.40 per 100G",
    "COL Size": "250g"
  },
  {
    "Brand_Product_Size": "Coles Frozen Potato French Fries 1kg",
    "COL Price": 1.9,
    "COL ppu": "$1.90 per 1Kg",
    "COL Size": "1kg"
  },
  {
    "Brand_Product_Size": "Beauty Bites Lemon & Coconut 32g",
    "COL Price": 4,
    "COL ppu": "$12.50 per 100G",
    "COL Size": "32g"
  },
  {
    "Brand_Product_Size": "Mission Burrito 8 Tortillas Low Fat 384g",
    "COL Price": 3.8,
    "COL ppu": "$0.99 per 100G",
    "COL Size": "384g"
  },
  {
    "Brand_Product_Size": "Organic Choice Lemongrass & Cedarwood Air Freshener 200mL",
    "COL Price": 5,
    "COL ppu": "$0.25 per 10mL",
    "COL Size": "200mL"
  },
  {
    "Brand_Product_Size": "Kroon Goats Cheese Wedge 250g",
    "COL Price": 6.6,
    "COL ppu": "$26.40 per 1Kg",
    "COL Size": "250g"
  },
  {
    "Brand_Product_Size": "Coles Orange Fruit Drink Multipack 250mL 6 pack",
    "COL Price": 2.65,
    "COL ppu": "$1.77 per 1L",
    "COL Size": "6 pack"
  },
  {
    "Brand_Product_Size": "Continental Creamy Tuna Mornay Recipe Base Serves 4 30g",
    "COL Price": 1.6,
    "COL ppu": "$5.33 per 100G",
    "COL Size": "30g"
  },
  {
    "Brand_Product_Size": "Arnott's Wholemeal Salada 250g",
    "COL Price": 3.2,
    "COL ppu": "$1.28 per 100G",
    "COL Size": "250g"
  },
  {
    "Brand_Product_Size": "Ocean Spray Light Cranberry Fruit Drink 1.5L",
    "COL Price": 4.05,
    "COL ppu": "$2.70 per 1L",
    "COL Size": "1.5L"
  },
  {
    "Brand_Product_Size": "Coles Bakery Portuguese Tart 2 pack",
    "COL Price": 3,
    "COL ppu": "$1.50 per 1Ea",
    "COL Size": "2 pack"
  },
  {
    "Brand_Product_Size": "Sharwood's Green Label Mango Chutney 354g",
    "COL Price": 5.65,
    "COL ppu": "$1.60 per 100G",
    "COL Size": "354g"
  },
  {
    "Brand_Product_Size": "Coles Jam Strawberry 480g",
    "COL Price": 2,
    "COL ppu": "$0.42 per 100G",
    "COL Size": "480g"
  },
  {
    "Brand_Product_Size": "Coles Tuna Chunks In Brine 185g",
    "COL Price": 1.6,
    "COL ppu": "$8.65 per 1Kg",
    "COL Size": "185g"
  },
  {
    "Brand_Product_Size": "Yoplait Yop Peach Mango Yoghurt Drink 290g",
    "COL Price": 2,
    "COL ppu": "$0.69 per 100G",
    "COL Size": "290g"
  },
  {
    "Brand_Product_Size": "Aeroplane Ready To Eat Orange Jelly 120g",
    "COL Price": 1.4,
    "COL ppu": "$1.17 per 100G",
    "COL Size": "120g"
  },
  {
    "Brand_Product_Size": "Duracell Coppertop Alkaline 9V Batteries 2 pack",
    "COL Price": 9.9,
    "COL ppu": "$4.95 per 1Ea",
    "COL Size": "2 pack"
  },
  {
    "Brand_Product_Size": "Sanitarium UP&GO Protein Energize Choc 250mL 3 pack",
    "COL Price": 4.95,
    "COL ppu": "$0.66 per 100mL",
    "COL Size": "3 pack"
  },
  {
    "Brand_Product_Size": "Moccona Classic Dark Roast Instant Coffee 200g",
    "COL Price": 13,
    "COL ppu": "$6.50 per 100G",
    "COL Size": "200g"
  },
  {
    "Brand_Product_Size": "Oates Multifit Sponge Refill 2 pack",
    "COL Price": 14.15,
    "COL ppu": "$7.08 per 1Ea",
    "COL Size": "2 pack"
  },
  {
    "Brand_Product_Size": "Armor All Original Protectant 500mL",
    "COL Price": 17,
    "COL ppu": "$17.00 per 1ea",
    "COL Size": "500mL"
  },
  {
    "Brand_Product_Size": "Gillette Blue II UltraGrip Pivot Disposable Shaving Razor 5 pack",
    "COL Price": 5.5,
    "COL ppu": "$1.10 per 1Ea",
    "COL Size": "5 pack"
  },
  {
    "Brand_Product_Size": "Chris's Plant Based Spring Onion Dip 200g",
    "COL Price": 3,
    "COL ppu": "$1.50 per 100G",
    "COL Size": "200g"
  },
  {
    "Brand_Product_Size": "Colgate Total Mint Waxed Dental Floss 100m",
    "COL Price": 8,
    "COL ppu": "$0.08 per 1M",
    "COL Size": "100m"
  },
  {
    "Brand_Product_Size": "Berri Quelch Apple Berry Fruit Juice Icy Tubes 24 pack 1.68L",
    "COL Price": 7,
    "COL ppu": "$0.42 per 100mL",
    "COL Size": "1.68L"
  },
  {
    "Brand_Product_Size": "Cobs Popcorn Sea Salt 5 Pack 65g",
    "COL Price": 3.15,
    "COL ppu": "$4.85 per 100G",
    "COL Size": "65g"
  },
  {
    "Brand_Product_Size": "Paskesz Good Grain Crackers Multigrain Original 207g",
    "COL Price": 7.5,
    "COL ppu": "$3.62 per 100G",
    "COL Size": "207g"
  },
  {
    "Brand_Product_Size": "Optus X Wave 4G each",
    "COL Price": 99,
    "COL ppu": "$99.00 per 1Ea",
    "COL Size": "each"
  },
  {
    "Brand_Product_Size": "Vitasoy Chocolate Soy Milk 1L",
    "COL Price": 3,
    "COL ppu": "$3.00 per 1L",
    "COL Size": "1L"
  },
  {
    "Brand_Product_Size": "Libra Goodnights Ultra Thin Pads 10 pack",
    "COL Price": 2.94,
    "COL ppu": "$0.29 per 1Ea",
    "COL Size": "10 pack"
  },
  {
    "Brand_Product_Size": "Moccona Classic Medium Roast Instant Coffee 200g",
    "COL Price": 13,
    "COL ppu": "$6.50 per 100G",
    "COL Size": "200g"
  },
  {
    "Brand_Product_Size": "Powerade Blackcurrant Sports Drink 600mL",
    "COL Price": 3.65,
    "COL ppu": "$6.08 per 1L",
    "COL Size": "600mL"
  },
  {
    "Brand_Product_Size": "Pantene Pro-V Charcoal Root Renewal Micellar Conditioner 530mL",
    "COL Price": 18,
    "COL ppu": "$3.40 per 100mL",
    "COL Size": "530mL"
  },
  {
    "Brand_Product_Size": "Maggi Dry Recipe Base Devilled Sausages 37g",
    "COL Price": 1.75,
    "COL ppu": "$4.73 per 100G",
    "COL Size": "37g"
  },
  {
    "Brand_Product_Size": "Musashi Intra Workout Watermelon Flavour 350g",
    "COL Price": 36.8,
    "COL ppu": "$10.51 per 100G",
    "COL Size": "350g"
  },
  {
    "Brand_Product_Size": "Coles Kitchen Chicken Laksa Noodles 350g",
    "COL Price": 7.5,
    "COL ppu": "$2.14 per 100G",
    "COL Size": "350g"
  },
  {
    "Brand_Product_Size": "Cook & Dine Slogan Stacking Cups 4 pack",
    "COL Price": 16,
    "COL ppu": "$4.00 per 1Ea",
    "COL Size": "4 pack"
  },
  {
    "Brand_Product_Size": "Liddells Lactose Free Full Cream Milk 1L",
    "COL Price": 2.25,
    "COL ppu": "$2.25 per 1L",
    "COL Size": "1L"
  },
  {
    "Brand_Product_Size": "Coles Apricot Date & Almond Muesli 750g",
    "COL Price": 3.1,
    "COL ppu": "$0.41 per 100G",
    "COL Size": "750g"
  },
  {
    "Brand_Product_Size": "Pureharvest Dairy Free Almond Long Life Milk 1L",
    "COL Price": 3.4,
    "COL ppu": "$3.40 per 1L",
    "COL Size": "1L"
  },
  {
    "Brand_Product_Size": "Head & Shoulders Conditioner Dry Scalp 400mL",
    "COL Price": 6.75,
    "COL ppu": "$1.69 per 100mL",
    "COL Size": "400mL"
  },
  {
    "Brand_Product_Size": "Nivea Black And White Invisible Silky Smooth Roll On Antiperspirant Deodorant 50mL",
    "COL Price": 3.5,
    "COL ppu": "$7.00 per 100mL",
    "COL Size": "50mL"
  },
  {
    "Brand_Product_Size": "Glad Large Wavetop Kitchen Tidy Bags 72 pack",
    "COL Price": 8.45,
    "COL ppu": "$0.12 per 1Ea",
    "COL Size": "72 pack"
  },
  {
    "Brand_Product_Size": "Air Wick Vanilla & Orchid Decosphere Air Freshener 75mL",
    "COL Price": 5.5,
    "COL ppu": "$0.73 per 10mL",
    "COL Size": "75mL"
  },
  {
    "Brand_Product_Size": "Arnott's Caramel Crowns Chocolate Biscuits 200g",
    "COL Price": 4,
    "COL ppu": "$2.00 per 100G",
    "COL Size": "200g"
  },
  {
    "Brand_Product_Size": "Yumis Vegetable Delights Sweet Potato & Herb 225g",
    "COL Price": 5.5,
    "COL ppu": "$2.44 per 100G",
    "COL Size": "225g"
  },
  {
    "Brand_Product_Size": "Nestle Top N Fill Caramel 395g",
    "COL Price": 5.2,
    "COL ppu": "$1.32 per 100G",
    "COL Size": "395g"
  },
  {
    "Brand_Product_Size": "Cook & Dine Stainless Steel Nylon Head Tongs 23cm each",
    "COL Price": 3.5,
    "COL ppu": "$3.50 per 1Ea",
    "COL Size": "each"
  },
  {
    "Brand_Product_Size": "Neutrogena Rapid Wrinkle Repair Eye Cream 14mL",
    "COL Price": 35,
    "COL ppu": "$250.00 per 100mL",
    "COL Size": "14mL"
  },
  {
    "Brand_Product_Size": "Nice & Natural Probiotic Oat Bars But Medley & Vanilla 175g",
    "COL Price": 6,
    "COL ppu": "$3.43 per 100G",
    "COL Size": "175g"
  },
  {
    "Brand_Product_Size": "Coles Deli Fetta Cheese approx. 100g",
    "COL Price": 1.5,
    "COL ppu": "$15.00 per 1Kg",
    "COL Size": "approx. 100g"
  },
  {
    "Brand_Product_Size": "Buzz Disposable Fly Trap each",
    "COL Price": 9,
    "COL ppu": "$9.00 per 1Ea",
    "COL Size": "each"
  },
  {
    "Brand_Product_Size": "Coles Bakery Decorated Pavlova 410g",
    "COL Price": 12,
    "COL ppu": "$2.93 per 100G",
    "COL Size": "410g"
  },
  {
    "Brand_Product_Size": "Slow Hills RSPCA Approved Chicken Boneless Roast With Prune And Macadamia Stuffing approx. 1.450kg",
    "COL Price": 33.35,
    "COL ppu": "$23.00 per 1Kg",
    "COL Size": "approx. 1.450kg"
  },
  {
    "Brand_Product_Size": "Table Of Plenty Milk Chocolate Mini Rice Cakes 84g",
    "COL Price": 5.5,
    "COL ppu": "$6.55 per 100G",
    "COL Size": "84g"
  },
  {
    "Brand_Product_Size": "Heinz Plant Proteinz Soup Creamy Coconut Pumpkin And Chickpea 330g",
    "COL Price": 3.6,
    "COL ppu": "$1.09 per 100G",
    "COL Size": "330g"
  },
  {
    "Brand_Product_Size": "Duracell Coppertop Alkaline AAA Batteries 8 pack",
    "COL Price": 9.9,
    "COL ppu": "$1.24 per 1Ea",
    "COL Size": "8 pack"
  },
  {
    "Brand_Product_Size": "Palmer's Coconut Oil Lotion 400mL",
    "COL Price": 10.5,
    "COL ppu": "$2.63 per 100mL",
    "COL Size": "400mL"
  },
  {
    "Brand_Product_Size": "L'Oreal Elvive Extraordinary Oil Nourishing Masque Dry Hair Mask 300mL",
    "COL Price": 5,
    "COL ppu": "$1.67 per 100mL",
    "COL Size": "300mL"
  },
  {
    "Brand_Product_Size": "Republica Organic South American Medium Roast Freeze Dried Instant Coffee 100g",
    "COL Price": 8.5,
    "COL ppu": "$8.50 per 100G",
    "COL Size": "100g"
  },
  {
    "Brand_Product_Size": "Coon Tasty Cheese Block 1kg",
    "COL Price": 10.85,
    "COL ppu": "$10.85 per 1Kg",
    "COL Size": "1kg"
  },
  {
    "Brand_Product_Size": "Red Island Extra Virgin Olive Oil 250mL",
    "COL Price": 4,
    "COL ppu": "$1.60 per 100mL",
    "COL Size": "250mL"
  },
  {
    "Brand_Product_Size": "Olay Regenerist UV Whip Active Moisturiser SPF 30 50g",
    "COL Price": 49,
    "COL ppu": "$98.00 per 100G",
    "COL Size": "50g"
  },
  {
    "Brand_Product_Size": "Kewpie Japanese Dressing Roasted Sesame 210mL",
    "COL Price": 4.6,
    "COL ppu": "$2.19 per 100mL",
    "COL Size": "210mL"
  },
  {
    "Brand_Product_Size": "Mckenzies Red Split Lentils 2.5kg",
    "COL Price": 8,
    "COL ppu": "$3.20 per 1Kg",
    "COL Size": "2.5kg"
  },
  {
    "Brand_Product_Size": "Barilla La Collezione Casarecce Pasta 500g",
    "COL Price": 2.75,
    "COL ppu": "$0.55 per 100G",
    "COL Size": "500g"
  },
  {
    "Brand_Product_Size": "Monday Repair Shampoo 350mL",
    "COL Price": 10,
    "COL ppu": "$2.86 per 100mL",
    "COL Size": "350mL"
  },
  {
    "Brand_Product_Size": "Gravox Roast Meat Supreme Gravy Mix 29g",
    "COL Price": 1.1,
    "COL ppu": "$0.38 per 10G",
    "COL Size": "29g"
  },
  {
    "Brand_Product_Size": "Heinz Big N Chunky Steak & Pepper Soup Can 535g",
    "COL Price": 2.5,
    "COL ppu": "$0.47 per 100G",
    "COL Size": "535g"
  },
  {
    "Brand_Product_Size": "Liddells Lactose Free Colby Cheese Slices 250g",
    "COL Price": 6.5,
    "COL ppu": "$26.00 per 1Kg",
    "COL Size": "250g"
  },
  {
    "Brand_Product_Size": "Only Organic Coconut Strawberry & Goji 100g",
    "COL Price": 2.7,
    "COL ppu": "$2.70 per 100G",
    "COL Size": "100g"
  },
  {
    "Brand_Product_Size": "Grinders Medium Roasted Crema Coffee Beans 1kg",
    "COL Price": 20,
    "COL ppu": "$20.00 per 1Kg",
    "COL Size": "1kg"
  },
  {
    "Brand_Product_Size": "Danone Yopro Banana Yoghurt 160g",
    "COL Price": 2.4,
    "COL ppu": "$1.50 per 100G",
    "COL Size": "160g"
  },
  {
    "Brand_Product_Size": "Black Swan Skinny Hommus Dip 200g",
    "COL Price": 3.5,
    "COL ppu": "$1.75 per 100G",
    "COL Size": "200g"
  },
  {
    "Brand_Product_Size": "Sanitarium So Good Long Life Vanilla Bliss Soy Milk 1L",
    "COL Price": 3,
    "COL ppu": "$3.00 per 1L",
    "COL Size": "1L"
  },
  {
    "Brand_Product_Size": "Pitango Organic Soup Pumpkin & Ginger 600g",
    "COL Price": 6.5,
    "COL ppu": "$1.08 per 100G",
    "COL Size": "600g"
  },
  {
    "Brand_Product_Size": "Go Natural Yoghurt Fruit & Nut Delight Bar 50g",
    "COL Price": 1.95,
    "COL ppu": "$3.90 per 100G",
    "COL Size": "50g"
  },
  {
    "Brand_Product_Size": "French Fries Original Potato Chips 45g",
    "COL Price": 1.6,
    "COL ppu": "$3.56 per 100G",
    "COL Size": "45g"
  },
  {
    "Brand_Product_Size": "Haldirams Cocktail Samosa 500g",
    "COL Price": 9,
    "COL ppu": "$1.80 per 100G",
    "COL Size": "500g"
  },
  {
    "Brand_Product_Size": "Coles Pork Sirloin Steak 500g",
    "COL Price": 11,
    "COL ppu": "$2.20 per 100G",
    "COL Size": "500g"
  },
  {
    "Brand_Product_Size": "Garnier Hydrabomb Tissue Mask Anti Aging 28g",
    "COL Price": 3,
    "COL ppu": "$10.71 per 100G",
    "COL Size": "28g"
  },
  {
    "Brand_Product_Size": "Latina Fresh Veal Tortellini 375g",
    "COL Price": 4,
    "COL ppu": "$1.07 per 100G",
    "COL Size": "375g"
  },
  {
    "Brand_Product_Size": "Farmers Union Light Greek Style Natural Yoghurt 1kg",
    "COL Price": 5.5,
    "COL ppu": "$0.55 per 100G",
    "COL Size": "1kg"
  },
  {
    "Brand_Product_Size": "Seeds Of Change Brown & Red Rice With Quinoa & Linseed Pouch 240g",
    "COL Price": 3.5,
    "COL ppu": "$1.46 per 100G",
    "COL Size": "240g"
  },
  {
    "Brand_Product_Size": "Grinders Rich & Bold Espresso Ground Coffee 200g",
    "COL Price": 9.55,
    "COL ppu": "$4.78 per 100G",
    "COL Size": "200g"
  },
  {
    "Brand_Product_Size": "Riverina Dairy Haloumi 900g",
    "COL Price": 18,
    "COL ppu": "$20.00 per 1Kg",
    "COL Size": "900g"
  },
  {
    "Brand_Product_Size": "Obela Savoury Garlic Hommus Dip 220g",
    "COL Price": 3.5,
    "COL ppu": "$1.59 per 100G",
    "COL Size": "220g"
  },
  {
    "Brand_Product_Size": "Coles Kitchen  Beef Vegetable And Barley Soup 300g",
    "COL Price": 3,
    "COL ppu": "$1.00 per 100G",
    "COL Size": "300g"
  },
  {
    "Brand_Product_Size": "L'Oreal Revitalift Night Total Repair 10 50mL",
    "COL Price": 35.95,
    "COL ppu": "$71.90 per 100mL",
    "COL Size": "50mL"
  },
  {
    "Brand_Product_Size": "Keep It Cleaner Bliss Balls Acai Berry 40g",
    "COL Price": 2.5,
    "COL ppu": "$6.25 per 100G",
    "COL Size": "40g"
  },
  {
    "Brand_Product_Size": "Perfect Italiano Shredded Mozzarella 250g",
    "COL Price": 4.25,
    "COL ppu": "$17.00 per 1Kg",
    "COL Size": "250g"
  },
  {
    "Brand_Product_Size": "Kan Tong Thai Green Curry Paste 125g",
    "COL Price": 2.9,
    "COL ppu": "$2.32 per 100G",
    "COL Size": "125g"
  },
  {
    "Brand_Product_Size": "Coles Deli Hot Hungarian Salami approx. 125g each",
    "COL Price": 3.125,
    "COL ppu": "$25.00 per 1Kg",
    "COL Size": "approx. 125g each"
  },
  {
    "Brand_Product_Size": "Mission Whole Wheat Mini Wraps 8 pack 384g",
    "COL Price": 5,
    "COL ppu": "$1.30 per 100G",
    "COL Size": "384g"
  },
  {
    "Brand_Product_Size": "Coles Fresh Galangal - Loose each",
    "COL Price": 1.35,
    "COL ppu": "$45.02 per 1Kg",
    "COL Size": "each"
  },
  {
    "Brand_Product_Size": "Coles Bakery Cheese & Bacon Rolls 4 pack",
    "COL Price": 3.5,
    "COL ppu": "$0.88 per 1Ea",
    "COL Size": "4 pack"
  },
  {
    "Brand_Product_Size": "Arnott's Tim Tam Crafted Salted Double Chocolate Biscuits 175g",
    "COL Price": 4,
    "COL ppu": "$2.29 per 100G",
    "COL Size": "175g"
  },
  {
    "Brand_Product_Size": "Coles Italian Red Wine Vinegar 500mL",
    "COL Price": 2.5,
    "COL ppu": "$0.50 per 100mL",
    "COL Size": "500mL"
  },
  {
    "Brand_Product_Size": "Coles Gold Kiwifruit Prepacked 8 pack",
    "COL Price": 6.9,
    "COL ppu": "$0.86 per 1Ea",
    "COL Size": "8 pack"
  },
  {
    "Brand_Product_Size": "Coles Musk Sticks 160g",
    "COL Price": 1,
    "COL ppu": "$0.63 per 100G",
    "COL Size": "160g"
  },
  {
    "Brand_Product_Size": "Sodastream Pepsi Flavour Mix 440mL",
    "COL Price": 5.6,
    "COL ppu": "$12.73 per 1L",
    "COL Size": "440mL"
  },
  {
    "Brand_Product_Size": "H2 Coco 100% Natural Coconut Water 2L",
    "COL Price": 7,
    "COL ppu": "$3.50 per 1L",
    "COL Size": "2L"
  },
  {
    "Brand_Product_Size": "Coles Tropical Fruit Drink Multipack 250mL 6 pack",
    "COL Price": 2.65,
    "COL ppu": "$1.77 per 1L",
    "COL Size": "6 pack"
  },
  {
    "Brand_Product_Size": "Lotus Biscoff Spread 400g",
    "COL Price": 5.5,
    "COL ppu": "$1.38 per 100G",
    "COL Size": "400g"
  },
  {
    "Brand_Product_Size": "Coles Laksa Soup with Konjac Noodles 430g",
    "COL Price": 2.7,
    "COL ppu": "$0.63 per 100G",
    "COL Size": "430g"
  },
  {
    "Brand_Product_Size": "Sharpie Fluo XL Assorted Highlighters 4 pack",
    "COL Price": 8,
    "COL ppu": "$2.00 per 1Ea",
    "COL Size": "4 pack"
  },
  {
    "Brand_Product_Size": "Coles Bakery Dark Fruit Cake 800g",
    "COL Price": 5.5,
    "COL ppu": "$0.69 per 100G",
    "COL Size": "800g"
  },
  {
    "Brand_Product_Size": "Nicabate CQ Patches Clear 21mg 7 pack",
    "COL Price": 35,
    "COL ppu": "$5.00 per 1Ea",
    "COL Size": "7 pack"
  },
  {
    "Brand_Product_Size": "Caltrate Bone & Muscle Calcium With Vitamin D3 60 Health Tablets 1 pack",
    "COL Price": 9,
    "COL ppu": "$9.00 per 1Ea",
    "COL Size": "1 pack"
  },
  {
    "Brand_Product_Size": "Natures Kitchen Supreme Veggie Pizza 250g",
    "COL Price": 7,
    "COL ppu": "$2.80 per 100G",
    "COL Size": "250g"
  },
  {
    "Brand_Product_Size": "Coles Organic Self Raising Flour 1kg",
    "COL Price": 4.5,
    "COL ppu": "$4.50 per 1Kg",
    "COL Size": "1kg"
  },
  {
    "Brand_Product_Size": "Tassal Tassie Smoked Salmon 100g",
    "COL Price": 6,
    "COL ppu": "$60.00 per 1Kg",
    "COL Size": "100g"
  },
  {
    "Brand_Product_Size": "Bega Cream Cheese Spread Bold 500g",
    "COL Price": 6.5,
    "COL ppu": "$13.00 per 1Kg",
    "COL Size": "500g"
  },
  {
    "Brand_Product_Size": "Nivea Naturally Good Shower Gel Rosewater & Bio Essential Oil 300mL",
    "COL Price": 4.9,
    "COL ppu": "$1.63 per 100mL",
    "COL Size": "300mL"
  },
  {
    "Brand_Product_Size": "Dettol Antibacterial Liquid Hand Wash Pump Refresh 250mL",
    "COL Price": 2,
    "COL ppu": "$0.80 per 100mL",
    "COL Size": "250mL"
  },
  {
    "Brand_Product_Size": "Coles Thin Multi Ponytailers 28 pack",
    "COL Price": 5.6,
    "COL ppu": "$0.20 per 1Ea",
    "COL Size": "28 pack"
  },
  {
    "Brand_Product_Size": "Elanco Comfortis Plus Fleas Heartwormer & Worms Large Dog Treatment 1 pack",
    "COL Price": 33,
    "COL ppu": "$33.00 per 1Ea",
    "COL Size": "1 pack"
  },
  {
    "Brand_Product_Size": "Coles Beef BBQ Burgers 10 pack 1kg",
    "COL Price": 10,
    "COL ppu": "$10.00 per 1Kg",
    "COL Size": "1kg"
  },
  {
    "Brand_Product_Size": "Coles Asian Sum Choy 1 bunch",
    "COL Price": 2.5,
    "COL ppu": "$2.50 per 1Ea",
    "COL Size": "1 bunch"
  },
  {
    "Brand_Product_Size": "Colgate Total Advanced Fresh Toothpaste 115g",
    "COL Price": 5.5,
    "COL ppu": "$4.78 per 100G",
    "COL Size": "115g"
  },
  {
    "Brand_Product_Size": "Ayam Thai Green Curry Paste 195g",
    "COL Price": 2.75,
    "COL ppu": "$1.41 per 100G",
    "COL Size": "195g"
  },
  {
    "Brand_Product_Size": "Coles Ultimate Choc Dipped Chip Cookie 400g",
    "COL Price": 4.5,
    "COL ppu": "$1.13 per 100G",
    "COL Size": "400g"
  },
  {
    "Brand_Product_Size": "Only Organic Free Range Chicken Mango & Coconut Rice 10+ Months 170g",
    "COL Price": 2.9,
    "COL ppu": "$1.71 per 100G",
    "COL Size": "170g"
  },
  {
    "Brand_Product_Size": "Coles Kitchen Special Burger Slaw Kit 350g",
    "COL Price": 5,
    "COL ppu": "$1.43 per 100G",
    "COL Size": "350g"
  },
  {
    "Brand_Product_Size": "Coles Ultra Paper Towel 3 Ply 3 pack",
    "COL Price": 3,
    "COL ppu": "$1.67 per 100Ea",
    "COL Size": "3 pack"
  },
  {
    "Brand_Product_Size": "Tresemme Professional Conditioner Salon Silk 900mL",
    "COL Price": 7,
    "COL ppu": "$0.78 per 100mL",
    "COL Size": "900mL"
  },
  {
    "Brand_Product_Size": "Leiber's Rainbow Sprinkles 310g",
    "COL Price": 8.4,
    "COL ppu": "$2.71 per 100G",
    "COL Size": "310g"
  },
  {
    "Brand_Product_Size": "Cold Power Sensitive Pure Clean Laundry Powder 2kg",
    "COL Price": 8.75,
    "COL ppu": "$4.38 per 1Kg",
    "COL Size": "2kg"
  },
  {
    "Brand_Product_Size": "Uncle Tobys Le Snak Dip & Crackers Cheddar Cheese Value Pack 264g",
    "COL Price": 7.6,
    "COL ppu": "$2.88 per 100G",
    "COL Size": "264g"
  },
  {
    "Brand_Product_Size": "Cook & Dine Embossed Utensil Container each",
    "COL Price": 12,
    "COL ppu": "$12.00 per 1Ea",
    "COL Size": "each"
  },
  {
    "Brand_Product_Size": "Odor Eaters Regular Foot Powder 100g",
    "COL Price": 7.5,
    "COL ppu": "$7.50 per 100G",
    "COL Size": "100g"
  },
  {
    "Brand_Product_Size": "Super Nature Chicken Pad Thai With Rice Noodles 350g",
    "COL Price": 6.3,
    "COL ppu": "$1.80 per 100G",
    "COL Size": "350g"
  },
  {
    "Brand_Product_Size": "Coles Honey Belle Pears 750G each",
    "COL Price": 5.9,
    "COL ppu": "$5.90 per 1Ea",
    "COL Size": "each"
  },
  {
    "Brand_Product_Size": "Abbott's White Sourdough Sandwich Thins 6 Pack 240g",
    "COL Price": 3,
    "COL ppu": "$1.25 per 100G",
    "COL Size": "240g"
  },
  {
    "Brand_Product_Size": "Go Natural Yoghurt Fruit & Nut Delight Bar 50g",
    "COL Price": 1.95,
    "COL ppu": "$3.90 per 100G",
    "COL Size": "50g"
  },
  {
    "Brand_Product_Size": "Cracker Barrel Special Reserve Vintage Cheddar Cheese Block 250g",
    "COL Price": 6.79,
    "COL ppu": "$27.16 per 1Kg",
    "COL Size": "250g"
  },
  {
    "Brand_Product_Size": "Soul Seed Natural Hemp Protein 250g",
    "COL Price": 13,
    "COL ppu": "$5.20 per 100G",
    "COL Size": "250g"
  },
  {
    "Brand_Product_Size": "Golden Circle Apricot Nectar Fruit Drink 1L",
    "COL Price": 2.4,
    "COL ppu": "$2.40 per 1L",
    "COL Size": "1L"
  },
  {
    "Brand_Product_Size": "Wrigley's Extra Soft Chew Sugar Free White Spearmint Chewing Gum  Bottle 30 Piece 67g",
    "COL Price": 4,
    "COL ppu": "$5.97 per 100G",
    "COL Size": "67g"
  },
  {
    "Brand_Product_Size": "Sam's Frozen Pierogi Potato & Onion Pasta 800g",
    "COL Price": 14,
    "COL ppu": "$1.75 per 100G",
    "COL Size": "800g"
  },
  {
    "Brand_Product_Size": "Perfect Italiano Grated Parmesan Cheese 125g",
    "COL Price": 3.25,
    "COL ppu": "$26.00 per 1Kg",
    "COL Size": "125g"
  },
  {
    "Brand_Product_Size": "Mrs Macs Baked Custard & Apple 2 pack 240g",
    "COL Price": 5,
    "COL ppu": "$2.08 per 100G",
    "COL Size": "240g"
  },
  {
    "Brand_Product_Size": "Oral-B Power Vitality Kids Toothbrush Frozen 1 pack",
    "COL Price": 22.5,
    "COL ppu": "$22.50 per 1Ea",
    "COL Size": "1 pack"
  },
  {
    "Brand_Product_Size": "Scunci No Slip Grip Bendable Headband 1 pack",
    "COL Price": 9,
    "COL ppu": "$9.00 per 1Ea",
    "COL Size": "1 pack"
  },
  {
    "Brand_Product_Size": "Coles Australian Style Fetta Cheese 200g",
    "COL Price": 3,
    "COL ppu": "$15.00 per 1Kg",
    "COL Size": "200g"
  },
  {
    "Brand_Product_Size": "Coles Kitchen Broccoslaw Kit 350g",
    "COL Price": 5,
    "COL ppu": "$1.43 per 100G",
    "COL Size": "350g"
  },
  {
    "Brand_Product_Size": "Hanabi Frozen Korean Vegetable Gyoza 675g",
    "COL Price": 10,
    "COL ppu": "$1.48 per 100G",
    "COL Size": "675g"
  },
  {
    "Brand_Product_Size": "Clairol Nice 'N Easy 122 Natural Black Hair Colour 1 pack",
    "COL Price": 9,
    "COL ppu": "$9.00 per 1Ea",
    "COL Size": "1 pack"
  },
  {
    "Brand_Product_Size": "King Oscar Sardines in Tomato Sauce 105g",
    "COL Price": 3.05,
    "COL ppu": "$29.05 per 1Kg",
    "COL Size": "105g"
  },
  {
    "Brand_Product_Size": "HP Original Sauce 390mL",
    "COL Price": 5,
    "COL ppu": "$1.28 per 100mL",
    "COL Size": "390mL"
  },
  {
    "Brand_Product_Size": "Dr. Oetker Frozen Ristorante Funghi Mushroom Pizza 365g",
    "COL Price": 7.9,
    "COL ppu": "$2.16 per 100G",
    "COL Size": "365g"
  },
  {
    "Brand_Product_Size": "Toni & Guy Strength Plex Bond Repair Shampoo 250mL",
    "COL Price": 16,
    "COL ppu": "$6.40 per 100mL",
    "COL Size": "250mL"
  },
  {
    "Brand_Product_Size": "Coles Kitchen Beetslaw Salad Kit 320g",
    "COL Price": 5,
    "COL ppu": "$1.56 per 100G",
    "COL Size": "320g"
  },
  {
    "Brand_Product_Size": "Lindt Hazelnut Spread 200g",
    "COL Price": 9,
    "COL ppu": "$4.50 per 100G",
    "COL Size": "200g"
  },
  {
    "Brand_Product_Size": "Keep It Cleaner Cookie Cruch Protein Bar 40g",
    "COL Price": 3,
    "COL ppu": "$7.50 per 100G",
    "COL Size": "40g"
  },
  {
    "Brand_Product_Size": "Coles Kitchen Chicken Noodle Soup 300g",
    "COL Price": 3,
    "COL ppu": "$1.00 per 100G",
    "COL Size": "300g"
  },
  {
    "Brand_Product_Size": "Nestle Milo Chocolate Malt Powder Drink 700g",
    "COL Price": 10,
    "COL ppu": "$1.43 per 100G",
    "COL Size": "700g"
  },
  {
    "Brand_Product_Size": "Garnier BB Cream Oil Free SPF 15 Light 40mL",
    "COL Price": 7.87,
    "COL ppu": "$19.68 per 100mL",
    "COL Size": "40mL"
  },
  {
    "Brand_Product_Size": "Kraft Original Mac & Cheese Pasta 4 Serves 205g",
    "COL Price": 2.3,
    "COL ppu": "$1.12 per 100G",
    "COL Size": "205g"
  },
  {
    "Brand_Product_Size": "Coles Stone Ground Tortilla Chips 400g",
    "COL Price": 4,
    "COL ppu": "$1.00 per 100G",
    "COL Size": "400g"
  },
  {
    "Brand_Product_Size": "Nood Cage Free Chicken Recipe With Garden Vegetables Puppy Dog Food 100g",
    "COL Price": 1.8,
    "COL ppu": "$1.80 per 100G",
    "COL Size": "100g"
  },
  {
    "Brand_Product_Size": "Rexona Men Sport Clinical Protection Antiperspirant Roll On 50mL",
    "COL Price": 8,
    "COL ppu": "$16.00 per 100mL",
    "COL Size": "50mL"
  },
  {
    "Brand_Product_Size": "Sunrice Chicken Flavour Buckwheat & Brown Rice 250g",
    "COL Price": 3,
    "COL ppu": "$1.20 per 100G",
    "COL Size": "250g"
  },
  {
    "Brand_Product_Size": "Organic Choice Reed Diffuser West Indian Lime & Coconut 50mL",
    "COL Price": 15,
    "COL ppu": "$3.00 per 10mL",
    "COL Size": "50mL"
  },
  {
    "Brand_Product_Size": "Peck's Devilled Ham Spread 125g",
    "COL Price": 2.8,
    "COL ppu": "$2.24 per 100G",
    "COL Size": "125g"
  },
  {
    "Brand_Product_Size": "Herron Nicaway Nicotine Lozenge 2mg 72 pack",
    "COL Price": 20,
    "COL ppu": "$0.28 per 1Ea",
    "COL Size": "72 pack"
  },
  {
    "Brand_Product_Size": "Nivea Naturally Good Milky Cleanser 200mL",
    "COL Price": 11,
    "COL ppu": "$5.50 per 100mL",
    "COL Size": "200mL"
  },
  {
    "Brand_Product_Size": "Cuddly Charcoal & Lime Fabric Conditioner 900mL",
    "COL Price": 6,
    "COL ppu": "$6.67 per 1L",
    "COL Size": "900mL"
  },
  {
    "Brand_Product_Size": "Coles Chicken Caesar Salad Bowl 180g",
    "COL Price": 6,
    "COL ppu": "$3.33 per 100G",
    "COL Size": "180g"
  },
  {
    "Brand_Product_Size": "Coles Platter Mediterranean each",
    "COL Price": 35,
    "COL ppu": "$35.00 per 1Ea",
    "COL Size": "each"
  },
  {
    "Brand_Product_Size": "Gillette Venus Comfortglide White Tea Razor Blades 8 pack",
    "COL Price": 35,
    "COL ppu": "$4.38 per 1Ea",
    "COL Size": "8 pack"
  },
  {
    "Brand_Product_Size": "Metamucil Fibre Caps 300 pack",
    "COL Price": 50,
    "COL ppu": "$0.17 per 1Ea",
    "COL Size": "300 pack"
  },
  {
    "Brand_Product_Size": "Dove Body Wash Restoring 500mL",
    "COL Price": 8,
    "COL ppu": "$1.60 per 100mL",
    "COL Size": "500mL"
  },
  {
    "Brand_Product_Size": "Coles Free Range RSPCA Approved Chicken Lovely Legs approx. 600g",
    "COL Price": 5.7,
    "COL ppu": "$9.50 per 1Kg",
    "COL Size": "approx. 600g"
  },
  {
    "Brand_Product_Size": "Scunci Snap Clips Large 6 pack",
    "COL Price": 6,
    "COL ppu": "$1.00 per 1Ea",
    "COL Size": "6 pack"
  },
  {
    "Brand_Product_Size": "L'Oreal Men Expert Hydra Sensitive All in One Moisturiser 75mL",
    "COL Price": 7.5,
    "COL ppu": "$10.00 per 100mL",
    "COL Size": "75mL"
  },
  {
    "Brand_Product_Size": "Oral B Pro Health Protect Refreshing Clean Toothpaste 200g",
    "COL Price": 8,
    "COL ppu": "$4.00 per 100G",
    "COL Size": "200g"
  },
  {
    "Brand_Product_Size": "Bonds 70D Opaque/ No Dig Tight Black Medium/Large 1 pack",
    "COL Price": 12,
    "COL ppu": "",
    "COL Size": "1 pack"
  },
  {
    "Brand_Product_Size": "Coles Thawed Seafood Cooked Jumbo Black Tiger Prawns 3kg",
    "COL Price": 111,
    "COL ppu": "$37.00 per 1kg",
    "COL Size": "3kg"
  },
  {
    "Brand_Product_Size": "Cleaver's Beef Mince Free Range Organic 500g",
    "COL Price": 11.75,
    "COL ppu": "$23.50 per 1Kg",
    "COL Size": "500g"
  },
  {
    "Brand_Product_Size": "Coles Seashore Snacker Platter each",
    "COL Price": 25,
    "COL ppu": "$25.00 per 1Ea",
    "COL Size": "each"
  },
  {
    "Brand_Product_Size": "Vittoria Espresso Ground Coffee 200g",
    "COL Price": 8,
    "COL ppu": "$4.00 per 100G",
    "COL Size": "200g"
  },
  {
    "Brand_Product_Size": "Surf Quick Wash Coastal Luxury Laundry Liquid 1.8L",
    "COL Price": 8,
    "COL ppu": "$4.44 per 1L",
    "COL Size": "1.8L"
  },
  {
    "Brand_Product_Size": "Coles I'M Free From Beef Pies 340g",
    "COL Price": 8,
    "COL ppu": "$2.35 per 100G",
    "COL Size": "340g"
  },
  {
    "Brand_Product_Size": "Nature's Way Multi Vitamin Tablets 200 pack",
    "COL Price": 15,
    "COL ppu": "$0.08 per 1Ea",
    "COL Size": "200 pack"
  },
  {
    "Brand_Product_Size": "Paskesz Strawberry Flavour Sour Sticks 50g",
    "COL Price": 2.5,
    "COL ppu": "$5.00 per 100G",
    "COL Size": "50g"
  },
  {
    "Brand_Product_Size": "Schweppes Agrum No Sugar Mixers 1.1L",
    "COL Price": 2.15,
    "COL ppu": "$1.95 per 1L",
    "COL Size": "1.1L"
  },
  {
    "Brand_Product_Size": "Mix No Shine Opaque Tights 120 Denier Black Tall/ X-Tall 1 pack",
    "COL Price": 10,
    "COL ppu": "$10.00 per 1Ea",
    "COL Size": "1 pack"
  },
  {
    "Brand_Product_Size": "McCain Frozen Cheese & Bacon Pizza Pockets 400g",
    "COL Price": 7.5,
    "COL ppu": "$1.88 per 100G",
    "COL Size": "400g"
  },
  {
    "Brand_Product_Size": "Dr. Oetker Chocolate Pudding 156g",
    "COL Price": 2,
    "COL ppu": "$1.28 per 100G",
    "COL Size": "156g"
  },
  {
    "Brand_Product_Size": "Continental Cup A Soup Homestyle Pumpkin Soup Serves 2 61g",
    "COL Price": 2.1,
    "COL ppu": "$3.44 per 100G",
    "COL Size": "61g"
  },
  {
    "Brand_Product_Size": "Nivea Q10 Power Mature Night Cream 50mL",
    "COL Price": 22,
    "COL ppu": "$44.00 per 100mL",
    "COL Size": "50mL"
  },
  {
    "Brand_Product_Size": "Nando's Extra Bloody Peri-Peri Hot Sauce 250g",
    "COL Price": 5.75,
    "COL ppu": "$2.30 per 100G",
    "COL Size": "250g"
  },
  {
    "Brand_Product_Size": "V Energy Raspberry Lemonade Drink 500mL",
    "COL Price": 3.15,
    "COL ppu": "$6.30 per 1L",
    "COL Size": "500mL"
  },
  {
    "Brand_Product_Size": "Coles Brown Nashi Pears approx. 180g each",
    "COL Price": 1.17,
    "COL ppu": "$6.50 per 1Kg",
    "COL Size": "approx. 180g each"
  },
  {
    "Brand_Product_Size": "McCain Man Size Chile Con Carne 480g",
    "COL Price": 6,
    "COL ppu": "$1.25 per 100G",
    "COL Size": "480g"
  },
  {
    "Brand_Product_Size": "Mc Ilhenny Co. Tabasco Sauce 60mL",
    "COL Price": 4.6,
    "COL ppu": "$7.67 per 100mL",
    "COL Size": "60mL"
  },
  {
    "Brand_Product_Size": "Sakata Extra Tasty Cheddar Cheese Rice Crackers 100g",
    "COL Price": 2,
    "COL ppu": "$2.00 per 100G",
    "COL Size": "100g"
  },
  {
    "Brand_Product_Size": "Coles Deli Thawed Cooked Jumbo Black Tiger Prawn approx.250g",
    "COL Price": 9.25,
    "COL ppu": "$37.00 per 1Kg",
    "COL Size": "approx.250g"
  },
  {
    "Brand_Product_Size": "Nerada Leaf Tea 250g",
    "COL Price": 3,
    "COL ppu": "$1.20 per 100G",
    "COL Size": "250g"
  },
  {
    "Brand_Product_Size": "Pauls Kids Yoghurt Strawberry Pink 70g",
    "COL Price": 1.4,
    "COL ppu": "$2.00 per 100G",
    "COL Size": "70g"
  },
  {
    "Brand_Product_Size": "Mrs Macs Microwave Beef & Cheese Pie 175g",
    "COL Price": 2.5,
    "COL ppu": "$1.43 per 100G",
    "COL Size": "175g"
  },
  {
    "Brand_Product_Size": "Coles Assure Pants For Women Medium 8pack",
    "COL Price": 9,
    "COL ppu": "$1.13 per 1Ea",
    "COL Size": "8pack"
  },
  {
    "Brand_Product_Size": "Queen Rose Pink Food Colour 50mL",
    "COL Price": 1.1,
    "COL ppu": "$0.22 per 10mL",
    "COL Size": "50mL"
  },
  {
    "Brand_Product_Size": "OB Finest Parmesan Crisps With Black Sesame 85g",
    "COL Price": 10.5,
    "COL ppu": "$12.35 per 100G",
    "COL Size": "85g"
  },
  {
    "Brand_Product_Size": "McCain Sweet Potato Crinkle Cut Fries 539g",
    "COL Price": 5.5,
    "COL ppu": "$10.20 per 1Kg",
    "COL Size": "539g"
  },
  {
    "Brand_Product_Size": "Olay Luminous Whip UV SPF30 Active Moisturiser 50g",
    "COL Price": 49,
    "COL ppu": "$98.00 per 100G",
    "COL Size": "50g"
  },
  {
    "Brand_Product_Size": "Cobs Cheddar Cheese Gluten Free Popcorn 100g",
    "COL Price": 2.85,
    "COL ppu": "$2.85 per 100G",
    "COL Size": "100g"
  },
  {
    "Brand_Product_Size": "Fiji Kava Sleep Capsules",
    "COL Price": 30,
    "COL ppu": "",
    "COL Size": ""
  },
  {
    "Brand_Product_Size": "Coles Sour Cream 500g",
    "COL Price": 3.4,
    "COL ppu": "$0.68 per 100G",
    "COL Size": "500g"
  },
  {
    "Brand_Product_Size": "Tip Top Original English Muffins 6 Pack 400g",
    "COL Price": 2.5,
    "COL ppu": "$0.63 per 100G",
    "COL Size": "400g"
  },
  {
    "Brand_Product_Size": "Coles Lemon Cheesecake Slices 2 pack",
    "COL Price": 5,
    "COL ppu": "$2.27 per 100G",
    "COL Size": "2 pack"
  },
  {
    "Brand_Product_Size": "Kellogg's K-Time Soft Baked Bites Apple 165g",
    "COL Price": 4,
    "COL ppu": "$2.42 per 100G",
    "COL Size": "165g"
  },
  {
    "Brand_Product_Size": "Australian Gold Spaghetti Rich Tomato 140g",
    "COL Price": 1.43,
    "COL ppu": "$10.21 per 1Kg",
    "COL Size": "140g"
  },
  {
    "Brand_Product_Size": "Nestle Baking Cocoa 190g",
    "COL Price": 4,
    "COL ppu": "$2.11 per 100G",
    "COL Size": "190g"
  },
  {
    "Brand_Product_Size": "Tuckers Natural Artisan Cracker Lemon Myrtl Pepper 100g",
    "COL Price": 3.75,
    "COL ppu": "$3.75 per 100G",
    "COL Size": "100g"
  },
  {
    "Brand_Product_Size": "Coles Frozen Baby Peas 1 kg",
    "COL Price": 3.3,
    "COL ppu": "$3.30 per 1Kg",
    "COL Size": "1 kg"
  },
  {
    "Brand_Product_Size": "Table Of Plenty Dukkah Lemon & Herb Spice Mix 45g",
    "COL Price": 3,
    "COL ppu": "$0.67 per 10G",
    "COL Size": "45g"
  },
  {
    "Brand_Product_Size": "Darrell Lea Bullets White Chocolate Raspberry 200g",
    "COL Price": 4.4,
    "COL ppu": "$2.20 per 100G",
    "COL Size": "200g"
  },
  {
    "Brand_Product_Size": "Coles Garden Bowl 180g",
    "COL Price": 5,
    "COL ppu": "$27.78 per 1Kg",
    "COL Size": "180g"
  },
  {
    "Brand_Product_Size": "Mersey Valley Original Cheddar Cheese 235g",
    "COL Price": 5.5,
    "COL ppu": "$23.41 per 1Kg",
    "COL Size": "235g"
  },
  {
    "Brand_Product_Size": "Coles Capocollo approx. 1.5kg",
    "COL Price": 67.5,
    "COL ppu": "$45.00 per 1Kg",
    "COL Size": "approx. 1.5kg"
  },
  {
    "Brand_Product_Size": "Exit Mould Mould & Stain Remover Cleaner Trigger Spray 500mL",
    "COL Price": 7.5,
    "COL ppu": "$1.50 per 100mL",
    "COL Size": "500mL"
  },
  {
    "Brand_Product_Size": "Paradise Cottage Chocolate Chip Cookies 250g",
    "COL Price": 2,
    "COL ppu": "$0.80 per 100G",
    "COL Size": "250g"
  },
  {
    "Brand_Product_Size": "Schwobs Swiss Farmer Rye Cob Dark 800g",
    "COL Price": 5.2,
    "COL ppu": "$0.65 per 100G",
    "COL Size": "800g"
  },
  {
    "Brand_Product_Size": "Maggi Dry Recipe Base Gluten Free Satay Chicken 43g",
    "COL Price": 1.75,
    "COL ppu": "$4.07 per 100G",
    "COL Size": "43g"
  },
  {
    "Brand_Product_Size": "Ease A Cold Kids Cold & Flu Soft Chewable Capsules 24 pack",
    "COL Price": 11.25,
    "COL ppu": "$0.47 per 1Ea",
    "COL Size": "24 pack"
  },
  {
    "Brand_Product_Size": "Elevate Digestive Support Dog Chicken Chunks With Peas & Pumpkin In Gravy 100g",
    "COL Price": 1.5,
    "COL ppu": "$1.50 per 100G",
    "COL Size": "100g"
  },
  {
    "Brand_Product_Size": "Voost Collagen Effervescent 40 pack",
    "COL Price": 10,
    "COL ppu": "$25.00 per 100Ea",
    "COL Size": "40 pack"
  },
  {
    "Brand_Product_Size": "Heritage Mill Spiced Pear & Walnut Clusters 500g",
    "COL Price": 7,
    "COL ppu": "$1.40 per 100G",
    "COL Size": "500g"
  },
  {
    "Brand_Product_Size": "Ritz Original Crackers 300g",
    "COL Price": 3,
    "COL ppu": "$1.00 per 100G",
    "COL Size": "300g"
  },
  {
    "Brand_Product_Size": "Luca Hand Sanitiser 300mL",
    "COL Price": 7,
    "COL ppu": "$2.33 per 100mL",
    "COL Size": "300mL"
  },
  {
    "Brand_Product_Size": "Coles Premium Raspberry Jam 345g",
    "COL Price": 2.35,
    "COL ppu": "$0.68 per 100G",
    "COL Size": "345g"
  },
  {
    "Brand_Product_Size": "Masterfoods Tikka Masala Cooking Sauce 375g",
    "COL Price": 4.5,
    "COL ppu": "$1.20 per 100G",
    "COL Size": "375g"
  },
  {
    "Brand_Product_Size": "Inglewood Farms Organic Whole Chicken approx. 2.4kg each",
    "COL Price": 30,
    "COL ppu": "$12.50 per 1Kg",
    "COL Size": "approx. 2.4kg each"
  },
  {
    "Brand_Product_Size": "Mortein Crawling Insect Killer Fast Knockdown Spray 320g",
    "COL Price": 11,
    "COL ppu": "$3.44 per 100G",
    "COL Size": "320g"
  },
  {
    "Brand_Product_Size": "Tresemme Hairspray Salon Finish Extra Hold 75g",
    "COL Price": 2.8,
    "COL ppu": "$3.73 per 100G",
    "COL Size": "75g"
  },
  {
    "Brand_Product_Size": "Bartons Sliced Beetroot 440g",
    "COL Price": 6,
    "COL ppu": "$1.36 per 100G",
    "COL Size": "440g"
  },
  {
    "Brand_Product_Size": "Patch Kids Adhesive Strip Bandages With Coconut Oil 25 pack",
    "COL Price": 7,
    "COL ppu": "$0.28 per 1Ea",
    "COL Size": "25 pack"
  },
  {
    "Brand_Product_Size": "Icare 3 ply 100% Recycled Facial Tissues Aloe Vera 140 pack",
    "COL Price": 3.2,
    "COL ppu": "$0.02 per 1Ea",
    "COL Size": "140 pack"
  },
  {
    "Brand_Product_Size": "Coles T2 Petite Spiral 23 watt Edison Screw 2700k Warm White Globe 2 pack",
    "COL Price": 10,
    "COL ppu": "$5.00 per 1Ea",
    "COL Size": "2 pack"
  },
  {
    "Brand_Product_Size": "Nature's Gift Just Natural Meal Time Lamb Pasta & Vegetables Canned Dog Food 700g",
    "COL Price": 2,
    "COL ppu": "$0.29 per 100G",
    "COL Size": "700g"
  },
  {
    "Brand_Product_Size": "Coles Soft Ponytailers Black 28 pack",
    "COL Price": 4.5,
    "COL ppu": "$0.16 per 1Ea",
    "COL Size": "28 pack"
  },
  {
    "Brand_Product_Size": "Dairy Farmers Classic Smooth & Creamy Strawberry Flavoured Milk 500mL",
    "COL Price": 3,
    "COL ppu": "$6.00 per 1L",
    "COL Size": "500mL"
  },
  {
    "Brand_Product_Size": "Messy Monkeys Whole Grain Bites Cheese Flavour 160g",
    "COL Price": 7,
    "COL ppu": "$4.38 per 100G",
    "COL Size": "160g"
  },
  {
    "Brand_Product_Size": "Higher Living Organic Ginger Kick Tea Bags 15 pack 37g",
    "COL Price": 2.95,
    "COL ppu": "$0.20 per 1Ea",
    "COL Size": "37g"
  },
  {
    "Brand_Product_Size": "Coles Organic Psyllium Husk 250g",
    "COL Price": 6,
    "COL ppu": "$2.40 per 100G",
    "COL Size": "250g"
  },
  {
    "Brand_Product_Size": "Kewpie Mayonnaise 50% Reduced Fat 300g",
    "COL Price": 4.7,
    "COL ppu": "$1.57 per 100G",
    "COL Size": "300g"
  },
  {
    "Brand_Product_Size": "Madura English Breakfast Leaf Tea 200g",
    "COL Price": 5.6,
    "COL ppu": "$2.80 per 100G",
    "COL Size": "200g"
  },
  {
    "Brand_Product_Size": "Borg's Spinach & Feta Spiral Twister 400g",
    "COL Price": 6,
    "COL ppu": "$1.50 per 100G",
    "COL Size": "400g"
  },
  {
    "Brand_Product_Size": "Korbond Automatic Red Clothes Brush each",
    "COL Price": 6,
    "COL ppu": "$6.00 per 1ea",
    "COL Size": "each"
  },
  {
    "Brand_Product_Size": "Branston Small Chunk Pickle 360g",
    "COL Price": 6.5,
    "COL ppu": "$1.81 per 100G",
    "COL Size": "360g"
  },
  {
    "Brand_Product_Size": "Air Wick Pure Car Air Freshener Great Ocean Road 1 pack",
    "COL Price": 6,
    "COL ppu": "$24.00 per 10mL",
    "COL Size": "1 pack"
  },
  {
    "Brand_Product_Size": "Old El Paso Spice Mix Nachos 35g",
    "COL Price": 2,
    "COL ppu": "$5.71 per 100G",
    "COL Size": "35g"
  },
  {
    "Brand_Product_Size": "Podravka Svatovska Juha Vegetable Soup With Semolina Dumplings 58g",
    "COL Price": 2.25,
    "COL ppu": "$3.88 per 100G",
    "COL Size": "58g"
  },
  {
    "Brand_Product_Size": "Coles Finest Creamy Butter Chicken 400g",
    "COL Price": 8.5,
    "COL ppu": "$2.13 per 100G",
    "COL Size": "400g"
  },
  {
    "Brand_Product_Size": "Omo Triple Caps Doy Sensitive 50 pack",
    "COL Price": 24,
    "COL ppu": "$0.48 per 1Ea",
    "COL Size": "50 pack"
  },
  {
    "Brand_Product_Size": "Tasti Peanut Butter & Salted Caramel Bars 175g",
    "COL Price": 5.5,
    "COL ppu": "$3.14 per 100G",
    "COL Size": "175g"
  },
  {
    "Brand_Product_Size": "Palmolive Ultra Complete Jasmine Splash 500mL",
    "COL Price": 5.5,
    "COL ppu": "$1.10 per 100mL",
    "COL Size": "500mL"
  },
  {
    "Brand_Product_Size": "Coles Deli St Agur Blue approx. 100g",
    "COL Price": 10.6,
    "COL ppu": "$106.00 per 1Kg",
    "COL Size": "approx. 100g"
  },
  {
    "Brand_Product_Size": "Nescafe Blend 43 Smooth & Creamy Instant Coffee 140g",
    "COL Price": 9.4,
    "COL ppu": "$6.71 per 100G",
    "COL Size": "140g"
  },
  {
    "Brand_Product_Size": "Casalingo Finnochiona Salami approx. 500g",
    "COL Price": 17,
    "COL ppu": "$34.00 per 1Kg",
    "COL Size": "approx. 500g"
  },
  {
    "Brand_Product_Size": "Coles Deli Hans Red Wine & Garlic Salami approx. 125g each",
    "COL Price": 4,
    "COL ppu": "$32.00 per 1Kg",
    "COL Size": "approx. 125g each"
  },
  {
    "Brand_Product_Size": "Rimmel Lasting Radiance Concealer 030 Classic Beige 7mL",
    "COL Price": 10.8,
    "COL ppu": "$15.43 per 10mL",
    "COL Size": "7mL"
  },
  {
    "Brand_Product_Size": "John Frieda Violet Crush For Blonde Intensive Toning Shampoo 250mL",
    "COL Price": 18,
    "COL ppu": "$7.20 per 100mL",
    "COL Size": "250mL"
  },
  {
    "Brand_Product_Size": "Health Lab Uh Oh Cookie Dough Dessert Ball 30g",
    "COL Price": 3,
    "COL ppu": "$10.00 per 100G",
    "COL Size": "30g"
  },
  {
    "Brand_Product_Size": "Wicked Sister Vanilla Bean Rice Pudding 2x170g 340g",
    "COL Price": 4.2,
    "COL ppu": "$1.24 per 100G",
    "COL Size": "340g"
  },
  {
    "Brand_Product_Size": "Coles RSPCA Approved Chicken Breasts Fillets Honey Garlic Soy 400g",
    "COL Price": 8,
    "COL ppu": "$20.00 per 1Kg",
    "COL Size": "400g"
  },
  {
    "Brand_Product_Size": "Toolworx Electrical Tape 1 pack",
    "COL Price": 2.75,
    "COL ppu": "$2.75 per 1Ea",
    "COL Size": "1 pack"
  },
  {
    "Brand_Product_Size": "Bundaberg Brewed Drink Ginger Beer Bottle 375mL",
    "COL Price": 2.9,
    "COL ppu": "$7.73 per 1L",
    "COL Size": "375mL"
  },
  {
    "Brand_Product_Size": "Masterfoods Spanish Style Chicken & Chorizo Cooking Sauce 500g",
    "COL Price": 3.7,
    "COL ppu": "$0.74 per 100G",
    "COL Size": "500g"
  },
  {
    "Brand_Product_Size": "Hoyts Poppy Seeds 100g",
    "COL Price": 1.85,
    "COL ppu": "$0.19 per 10G",
    "COL Size": "100g"
  },
  {
    "Brand_Product_Size": "Country Life Gluten Free White Bread 400g",
    "COL Price": 6,
    "COL ppu": "$1.50 per 100G",
    "COL Size": "400g"
  },
  {
    "Brand_Product_Size": "Coca Cola Soft Drink Coke No Sugar Can 250mL",
    "COL Price": 2.25,
    "COL ppu": "$9.00 per 1L",
    "COL Size": "250mL"
  },
  {
    "Brand_Product_Size": "Coles Fresh Seafood Blue Grenadier Fillet approx. 150g",
    "COL Price": 3.45,
    "COL ppu": "$23.00 per 1Kg",
    "COL Size": "approx. 150g"
  },
  {
    "Brand_Product_Size": "Ambi Pur Premium Clip Aqua Car Air Freshener Refill 7.5mL",
    "COL Price": 5,
    "COL ppu": "$6.67 per 10mL",
    "COL Size": "7.5mL"
  },
  {
    "Brand_Product_Size": "Coles Nature's Kitchen Jackfruit Bites 160g",
    "COL Price": 6,
    "COL ppu": "$3.75 per 100G",
    "COL Size": "160g"
  },
  {
    "Brand_Product_Size": "Nivea Daily Essentials Sensitive Micellar Water 400mL",
    "COL Price": 12,
    "COL ppu": "$3.00 per 100mL",
    "COL Size": "400mL"
  },
  {
    "Brand_Product_Size": "Lee Kum Kee Panda Brand Oyster Sauce 907g",
    "COL Price": 6.5,
    "COL ppu": "$0.72 per 1Kg",
    "COL Size": "907g"
  },
  {
    "Brand_Product_Size": "Ikina Silicone Collapsible Cup 350mL",
    "COL Price": 12,
    "COL ppu": "$3.43 per 100mL",
    "COL Size": "350mL"
  },
  {
    "Brand_Product_Size": "Coles Classic Granulated Coffee 200g",
    "COL Price": 3.7,
    "COL ppu": "$1.85 per 100G",
    "COL Size": "200g"
  },
  {
    "Brand_Product_Size": "Go Natural Nut Delight Chopped Bars 175g",
    "COL Price": 5.4,
    "COL ppu": "$3.09 per 100G",
    "COL Size": "175g"
  },
  {
    "Brand_Product_Size": "Coles USB-A Wall Charger 1A White 1 pack",
    "COL Price": 10,
    "COL ppu": "$10.00 per 1Ea",
    "COL Size": "1 pack"
  },
  {
    "Brand_Product_Size": "Mix Curve Silky Sheer Natural Size 2 1 pack",
    "COL Price": 4,
    "COL ppu": "$4.00 per 1Ea",
    "COL Size": "1 pack"
  },
  {
    "Brand_Product_Size": "Ikina Glass Bottle With Silicone Sleeve 600mL each",
    "COL Price": 14,
    "COL ppu": "$14.00 per 1Ea",
    "COL Size": "each"
  },
  {
    "Brand_Product_Size": "Cancer Council Sports Sunscreen Eziclip SPF 50+ 50mL",
    "COL Price": 10,
    "COL ppu": "$20.00 per 100mL",
    "COL Size": "50mL"
  },
  {
    "Brand_Product_Size": "Optus Samsung Galaxy A21s each",
    "COL Price": 229,
    "COL ppu": "$229.00 per 1Ea",
    "COL Size": "each"
  },
  {
    "Brand_Product_Size": "Goulburn Valley Peaches Slices In Natural Juice 700g",
    "COL Price": 3.7,
    "COL ppu": "$5.29 per 1Kg",
    "COL Size": "700g"
  },
  {
    "Brand_Product_Size": "Coles Ground White Pepper 100g",
    "COL Price": 3,
    "COL ppu": "$0.30 per 10G",
    "COL Size": "100g"
  },
  {
    "Brand_Product_Size": "Uncle Ben's Microwave Savoury Chicken Flavour Rice Pouch 250g",
    "COL Price": 2.5,
    "COL ppu": "$1.00 per 100G",
    "COL Size": "250g"
  },
  {
    "Brand_Product_Size": "L'Oreal Paris Excellence 5 Brown Hair Colour 1 pack",
    "COL Price": 20,
    "COL ppu": "$20.00 per 1Ea",
    "COL Size": "1 pack"
  },
  {
    "Brand_Product_Size": "Well & Good Wild About Mushroom Vegan Cheesy Mac 110g",
    "COL Price": 4.75,
    "COL ppu": "$4.32 per 100G",
    "COL Size": "110g"
  },
  {
    "Brand_Product_Size": "Red Rock Deli Gourmet Crackers Caramelised Onion 130g",
    "COL Price": 4,
    "COL ppu": "$3.08 per 100G",
    "COL Size": "130g"
  },
  {
    "Brand_Product_Size": "Maille Mild Wholegrain Mustard 210g",
    "COL Price": 4.2,
    "COL ppu": "$2.00 per 100G",
    "COL Size": "210g"
  },
  {
    "Brand_Product_Size": "Only Organic Banana Biscotti 100g",
    "COL Price": 4.4,
    "COL ppu": "$4.40 per 100G",
    "COL Size": "100g"
  },
  {
    "Brand_Product_Size": "Magazine New Idea each",
    "COL Price": 5.2,
    "COL ppu": "$5.20 per 1Ea",
    "COL Size": "each"
  },
  {
    "Brand_Product_Size": "Australia's Own Whipping Cream 200mL",
    "COL Price": 1.5,
    "COL ppu": "$0.75 per 100mL",
    "COL Size": "200mL"
  },
  {
    "Brand_Product_Size": "Vitasoy Unsweetened Long Life Rice Milk 1L",
    "COL Price": 3,
    "COL ppu": "$3.00 per 1L",
    "COL Size": "1L"
  },
  {
    "Brand_Product_Size": "Bosisto's Ambience Ultrasonic Diffuser 1 pack",
    "COL Price": 40,
    "COL ppu": "$40.00 per 1Ea",
    "COL Size": "1 pack"
  },
  {
    "Brand_Product_Size": "Supreme Wonton Wrappers 250g",
    "COL Price": 3.25,
    "COL ppu": "$1.30 per 100G",
    "COL Size": "250g"
  },
  {
    "Brand_Product_Size": "Coles Half Papaw each",
    "COL Price": 3.5,
    "COL ppu": "$3.50 per 1Ea",
    "COL Size": "each"
  },
  {
    "Brand_Product_Size": "Cadbury Soft Biscuit Choc Centre 156g",
    "COL Price": 2,
    "COL ppu": "$1.28 per 100G",
    "COL Size": "156g"
  },
  {
    "Brand_Product_Size": "Mars Mega Value Funsize Pack 529g",
    "COL Price": 9,
    "COL ppu": "$1.70 per 100G",
    "COL Size": "529g"
  },
  {
    "Brand_Product_Size": "Cortas Pomegranate Molasses Bottle 500mL",
    "COL Price": 8.5,
    "COL ppu": "$1.70 per 100mL",
    "COL Size": "500mL"
  },
  {
    "Brand_Product_Size": "Bega Simply Nuts Crunchy Peanut Butter 325g",
    "COL Price": 4,
    "COL ppu": "$1.23 per 100G",
    "COL Size": "325g"
  },
  {
    "Brand_Product_Size": "Sirena Oil Italian Style iN Tuna Slices 125g",
    "COL Price": 3.5,
    "COL ppu": "$28.00 per 1Kg",
    "COL Size": "125g"
  },
  {
    "Brand_Product_Size": "Coles Kitchen Butternut Pumpkin Soup 300g",
    "COL Price": 3,
    "COL ppu": "$1.00 per 100G",
    "COL Size": "300g"
  },
  {
    "Brand_Product_Size": "Nescafe Cookies & Cream Coffee Sachets 10 pack",
    "COL Price": 6.3,
    "COL ppu": "$0.63 per 1Ea",
    "COL Size": "10 pack"
  },
  {
    "Brand_Product_Size": "Carman's Dark Choc Blueberry Superfood Bars 6 pack 210g",
    "COL Price": 6,
    "COL ppu": "$2.86 per 100G",
    "COL Size": "210g"
  },
  {
    "Brand_Product_Size": "Coles Bakery Custard Scroll 2 pack",
    "COL Price": 3,
    "COL ppu": "$1.50 per 1Ea",
    "COL Size": "2 pack"
  },
  {
    "Brand_Product_Size": "Coles Candle No 2 each",
    "COL Price": 1.5,
    "COL ppu": "$1.50 per 1Ea",
    "COL Size": "each"
  },
  {
    "Brand_Product_Size": "Panadol Optizorb Paracetamol Pain Relief Tablets 12 pack",
    "COL Price": 3.1,
    "COL ppu": "$0.26 per 1Ea",
    "COL Size": "12 pack"
  },
  {
    "Brand_Product_Size": "Coles Tropical Fish Food Flakes 36g",
    "COL Price": 4.95,
    "COL ppu": "$13.75 per 100G",
    "COL Size": "36g"
  },
  {
    "Brand_Product_Size": "Olay Complete UV Protection Sensitive Moisturiser Lotion SPF 15+ 150mL",
    "COL Price": 15,
    "COL ppu": "$10.00 per 100mL",
    "COL Size": "150mL"
  },
  {
    "Brand_Product_Size": "Nom Noms Marshmallows Chocolate 150g",
    "COL Price": 3.5,
    "COL ppu": "$2.33 per 100G",
    "COL Size": "150g"
  },
  {
    "Brand_Product_Size": "Queen Food Colour Gel Black 15g",
    "COL Price": 2.5,
    "COL ppu": "$16.67 per 100G",
    "COL Size": "15g"
  },
  {
    "Brand_Product_Size": "Coles Lime Flavoured Jelly Crystals 85g",
    "COL Price": 0.9,
    "COL ppu": "$1.06 per 100G",
    "COL Size": "85g"
  },
  {
    "Brand_Product_Size": "Coles Organic Steel Cut Oats 500g",
    "COL Price": 3.5,
    "COL ppu": "$0.70 per 100G",
    "COL Size": "500g"
  },
  {
    "Brand_Product_Size": "Valley Seeds Tough Lawn Seed for New Lawns or Oversowing 1kg",
    "COL Price": 12,
    "COL ppu": "$12.00 per 1Kg",
    "COL Size": "1kg"
  },
  {
    "Brand_Product_Size": "Green's Pancake Shake Mix Maple Syrup 325g",
    "COL Price": 2.9,
    "COL ppu": "$0.89 per 100G",
    "COL Size": "325g"
  },
  {
    "Brand_Product_Size": "Nicorette Classic Gum 75 pack",
    "COL Price": 29,
    "COL ppu": "$29.00 per 1ea",
    "COL Size": "75 pack"
  },
  {
    "Brand_Product_Size": "Mutti Sugo Pasta Sauce Parmgiano Reg 400g",
    "COL Price": 4,
    "COL ppu": "$1.00 per 100G",
    "COL Size": "400g"
  },
  {
    "Brand_Product_Size": "Coles Kitchen Carrot & Broccoli Florets 150g",
    "COL Price": 2,
    "COL ppu": "$13.33 per 1Kg",
    "COL Size": "150g"
  },
  {
    "Brand_Product_Size": "Gaviscon Antacid Tablets Peppermint 48 pack",
    "COL Price": 10.5,
    "COL ppu": "$0.22 per 1Ea",
    "COL Size": "48 pack"
  },
  {
    "Brand_Product_Size": "Nurofen For Children 7and Pain and Fever Relief Chewable Tablets 100mg Ibuprofen Orange 24 pack",
    "COL Price": 18,
    "COL ppu": "$0.75 per 1Ea",
    "COL Size": "24 pack"
  },
  {
    "Brand_Product_Size": "Cook & Dine Food Containers 2L 2 pack",
    "COL Price": 5,
    "COL ppu": "$2.50 per 1Ea",
    "COL Size": "2 pack"
  },
  {
    "Brand_Product_Size": "Valley Produce Co. Flatbread Sea Salt & Sesame Artisan Crackers 130g",
    "COL Price": 4.9,
    "COL ppu": "$3.77 per 100G",
    "COL Size": "130g"
  },
  {
    "Brand_Product_Size": "Lindt Lindor Milk Chocolate Balls Gift Box 235g",
    "COL Price": 20,
    "COL ppu": "$8.51 per 100G",
    "COL Size": "235g"
  },
  {
    "Brand_Product_Size": "Herbert Adams Frozen Chicken & Leek Pie 2 pack 420g",
    "COL Price": 7.8,
    "COL ppu": "$1.86 per 100G",
    "COL Size": "420g"
  },
  {
    "Brand_Product_Size": "Cadbury Freddo Delicious Biscuits Dipped In Milk Chocolate 167g",
    "COL Price": 3,
    "COL ppu": "$1.80 per 100G",
    "COL Size": "167g"
  },
  {
    "Brand_Product_Size": "Cadbury Dairy Milk Chocolate Large Block 350g",
    "COL Price": 5,
    "COL ppu": "$1.43 per 100G",
    "COL Size": "350g"
  },
  {
    "Brand_Product_Size": "The Juice Brothers Morning Start Juice Chilled 1.5L",
    "COL Price": 7,
    "COL ppu": "$4.67 per 1L",
    "COL Size": "1.5L"
  },
  {
    "Brand_Product_Size": "Uncle Tobys Plus Omega 3 Cereal 775g",
    "COL Price": 7.5,
    "COL ppu": "$0.97 per 100G",
    "COL Size": "775g"
  },
  {
    "Brand_Product_Size": "Pantene Pro-V Always Smooth & Sleek Conditioner 900mL",
    "COL Price": 17,
    "COL ppu": "$1.89 per 100mL",
    "COL Size": "900mL"
  },
  {
    "Brand_Product_Size": "Pedigree Dentastix Large Giant Dog Treat 56 pack",
    "COL Price": 27.5,
    "COL ppu": "$0.49 per 1Ea",
    "COL Size": "56 pack"
  },
  {
    "Brand_Product_Size": "Coles Thawed Seafood MSC Blue Grenadier Fillet approx. 200g",
    "COL Price": 2.8,
    "COL ppu": "$14.00 per 1Kg",
    "COL Size": "approx. 200g"
  },
  {
    "Brand_Product_Size": "Maggi Dry Recipe Base Gluten Free Chicken Chasseur 35g",
    "COL Price": 1.75,
    "COL ppu": "$5.00 per 100G",
    "COL Size": "35g"
  },
  {
    "Brand_Product_Size": "Aveeno Baby Wash & Shampoo 236mL",
    "COL Price": 10,
    "COL ppu": "$4.24 per 100mL",
    "COL Size": "236mL"
  },
  {
    "Brand_Product_Size": "Mission Lite Wrap 8 pack 567g",
    "COL Price": 5,
    "COL ppu": "$0.88 per 100G",
    "COL Size": "567g"
  },
  {
    "Brand_Product_Size": "Applaws Grainfree Ocean Fish With Salmon Dry Cat Food 450g",
    "COL Price": 5,
    "COL ppu": "$1.11 per 100G",
    "COL Size": "450g"
  },
  {
    "Brand_Product_Size": "Coles Vegan Dark Chocolate Orange 80g",
    "COL Price": 5,
    "COL ppu": "$6.25 per 100G",
    "COL Size": "80g"
  },
  {
    "Brand_Product_Size": "Continental Value Pack Rice Chicken 190g",
    "COL Price": 3,
    "COL ppu": "$1.58 per 100G",
    "COL Size": "190g"
  },
  {
    "Brand_Product_Size": "Coles Pork Scotch Fillet Steak 300g",
    "COL Price": 6,
    "COL ppu": "$20.00 per 1Kg",
    "COL Size": "300g"
  },
  {
    "Brand_Product_Size": "Caprilac Pasteurised Goats Milk 1L",
    "COL Price": 5.25,
    "COL ppu": "$5.25 per 1L",
    "COL Size": "1L"
  },
  {
    "Brand_Product_Size": "Grillman BBQ Aluminium Trays With Lids 4 pack",
    "COL Price": 6.5,
    "COL ppu": "$1.63 per 1Ea",
    "COL Size": "4 pack"
  },
  {
    "Brand_Product_Size": "The Wholesome Food Company Hommus Chips 120g",
    "COL Price": 4,
    "COL ppu": "$3.33 per 100G",
    "COL Size": "120g"
  },
  {
    "Brand_Product_Size": "Twisties Chicken 90g",
    "COL Price": 1.5,
    "COL ppu": "$1.67 per 100G",
    "COL Size": "90g"
  },
  {
    "Brand_Product_Size": "Coles Deli Auricchio Provolone Classico Cheese approx. 250g",
    "COL Price": 10,
    "COL ppu": "$40.00 per 1Kg",
    "COL Size": "approx. 250g"
  },
  {
    "Brand_Product_Size": "Pauls French Vanilla Double Thick Custard 900g",
    "COL Price": 5.3,
    "COL ppu": "$0.59 per 100G",
    "COL Size": "900g"
  },
  {
    "Brand_Product_Size": "Coles Baby Cos Lettuce 2 pack",
    "COL Price": 4,
    "COL ppu": "$2.00 per 1Ea",
    "COL Size": "2 pack"
  },
  {
    "Brand_Product_Size": "The Chia Co Chia Seeds White Pouch 500g",
    "COL Price": 10,
    "COL ppu": "$2.00 per 100G",
    "COL Size": "500g"
  },
  {
    "Brand_Product_Size": "Mt Franklin Raspberry Sparkling 375mL 10 pack",
    "COL Price": 13.75,
    "COL ppu": "$3.67 per 1L",
    "COL Size": "10 pack"
  },
  {
    "Brand_Product_Size": "Quilton 4 Ply White Gold Toilet Paper 6 pack",
    "COL Price": 4.2,
    "COL ppu": "$0.50 per 100Ea",
    "COL Size": "6 pack"
  },
  {
    "Brand_Product_Size": "Little Bellies Organic Sweet Corn Round-A-Bouts 12g",
    "COL Price": 1.7,
    "COL ppu": "$1.42 per 10G",
    "COL Size": "12g"
  },
  {
    "Brand_Product_Size": "Coles Deli RSPCA Approved Chicken Breast Satay Style Kebab each",
    "COL Price": 1,
    "COL ppu": "$1.00 per 1Ea",
    "COL Size": "each"
  },
  {
    "Brand_Product_Size": "Always Fresh Sundried Tomatoes Strips 220g",
    "COL Price": 4.5,
    "COL ppu": "$20.45 per 1Kg",
    "COL Size": "220g"
  },
  {
    "Brand_Product_Size": "Coles Deli Thawed Cooked Extra Large Black Tiger Prawns approx. 250g",
    "COL Price": 7.25,
    "COL ppu": "$29.00 per 1Kg",
    "COL Size": "approx. 250g"
  },
  {
    "Brand_Product_Size": "Sistema Klip It Klip It Plus Juice Jug 2L each",
    "COL Price": 5.5,
    "COL ppu": "$5.50 per 1Ea",
    "COL Size": "each"
  },
  {
    "Brand_Product_Size": "Coles Dry Ginger Ale 1.25L",
    "COL Price": 1,
    "COL ppu": "$0.80 per 1L",
    "COL Size": "1.25L"
  },
  {
    "Brand_Product_Size": "Naturopathica Dual Action Gastro Health Antacid Hard Capsules 20 pack",
    "COL Price": 17,
    "COL ppu": "$0.85 per 1Ea",
    "COL Size": "20 pack"
  },
  {
    "Brand_Product_Size": "Valley Produce Co. Vegetable Flatbread  Beetroot Artisan Crackers 130g",
    "COL Price": 4.9,
    "COL ppu": "$3.77 per 100G",
    "COL Size": "130g"
  },
  {
    "Brand_Product_Size": "Always Discreet Pads Long Plus For Bladder Leaks 8 pack",
    "COL Price": 8,
    "COL ppu": "$1.00 per 1Ea",
    "COL Size": "8 pack"
  },
  {
    "Brand_Product_Size": "Lego Super Mario Character Packs each",
    "COL Price": 7.5,
    "COL ppu": "$7.50 per 1Ea",
    "COL Size": "each"
  },
  {
    "Brand_Product_Size": "Keep It Cleaner Green Goddess Dressing 250mL",
    "COL Price": 6.5,
    "COL ppu": "$2.60 per 100mL",
    "COL Size": "250mL"
  },
  {
    "Brand_Product_Size": "Nongshim Seafood & Mild Neoguri Ramyun Noodle 120g",
    "COL Price": 1.8,
    "COL ppu": "$1.50 per 100G",
    "COL Size": "120g"
  },
  {
    "Brand_Product_Size": "Hengshun Chinkiang Vinegar 180mL",
    "COL Price": 4.4,
    "COL ppu": "$2.44 per 100mL",
    "COL Size": "180mL"
  },
  {
    "Brand_Product_Size": "Rimmel Lash Accelerator Mascara Black each",
    "COL Price": 10.8,
    "COL ppu": "$10.80 per 1Ea",
    "COL Size": "each"
  },
  {
    "Brand_Product_Size": "Nature Valley Sweet N Sal Nut Peanut 4x30g 120g",
    "COL Price": 4,
    "COL ppu": "$3.33 per 100G",
    "COL Size": "120g"
  },
  {
    "Brand_Product_Size": "Grillman BBQ Reusable Hot Plate Liners 500mm X 400mm each",
    "COL Price": 10,
    "COL ppu": "$10.00 per 1Ea",
    "COL Size": "each"
  },
  {
    "Brand_Product_Size": "Heinz Mustard Mayonnaise Shredded Chicken 85g",
    "COL Price": 1.5,
    "COL ppu": "$17.65 per 1Kg",
    "COL Size": "85g"
  },
  {
    "Brand_Product_Size": "Red Rock Deli Sweet Chilli & Sour Cream Chips 50g",
    "COL Price": 1.5,
    "COL ppu": "$3.00 per 100G",
    "COL Size": "50g"
  },
  {
    "Brand_Product_Size": "Coles Chicken Crinkle Cut Chips 175g",
    "COL Price": 1.8,
    "COL ppu": "$1.03 per 100G",
    "COL Size": "175g"
  },
  {
    "Brand_Product_Size": "Head & Shoulders Shampoo Cool Menthol 660mL",
    "COL Price": 17,
    "COL ppu": "$2.58 per 100mL",
    "COL Size": "660mL"
  },
  {
    "Brand_Product_Size": "Weis Pineapple Coconut Ice Cream Bar 8 pack 280mL",
    "COL Price": 7.5,
    "COL ppu": "$2.68 per 100mL",
    "COL Size": "280mL"
  },
  {
    "Brand_Product_Size": "180 Degrees Walnut Oat Crackers 150g",
    "COL Price": 5.5,
    "COL ppu": "$3.67 per 100G",
    "COL Size": "150g"
  },
  {
    "Brand_Product_Size": "Beckham Intimately Deodorant Body Spray 150mL",
    "COL Price": 8,
    "COL ppu": "$5.33 per 100mL",
    "COL Size": "150mL"
  },
  {
    "Brand_Product_Size": "Coles Crispbread 125g",
    "COL Price": 2,
    "COL ppu": "$1.60 per 100G",
    "COL Size": "125g"
  },
  {
    "Brand_Product_Size": "Rosella Fruit Chutney 525g",
    "COL Price": 4.2,
    "COL ppu": "$0.80 per 100G",
    "COL Size": "525g"
  },
  {
    "Brand_Product_Size": "Coles Thin BBQ Beef Sausages 1.8kg",
    "COL Price": 11,
    "COL ppu": "$6.11 per 1Kg",
    "COL Size": "1.8kg"
  },
  {
    "Brand_Product_Size": "Treasure X Alien Hunters Alien Ooze Eggs each",
    "COL Price": 8,
    "COL ppu": "$8.00 per 1Ea",
    "COL Size": "each"
  },
  {
    "Brand_Product_Size": "Colgate Zig Zag Flex Soft Toothbrush 1 pack",
    "COL Price": 2.4,
    "COL ppu": "$2.40 per 1Ea",
    "COL Size": "1 pack"
  },
  {
    "Brand_Product_Size": "Golden Circle Pineapple Juice 2L",
    "COL Price": 3.8,
    "COL ppu": "$1.90 per 1L",
    "COL Size": "2L"
  },
  {
    "Brand_Product_Size": "Slendier Soy Bean Organic Fettuccine 200g",
    "COL Price": 4.15,
    "COL ppu": "$2.08 per 100G",
    "COL Size": "200g"
  },
  {
    "Brand_Product_Size": "Mojo Activated Kombucha Passionfruit Tea 1L",
    "COL Price": 7.15,
    "COL ppu": "$7.15 per 1L",
    "COL Size": "1L"
  },
  {
    "Brand_Product_Size": "Coca-Cola Vanilla Flavour No Sugar Coke 1.25L",
    "COL Price": 3.15,
    "COL ppu": "$2.52 per 1L",
    "COL Size": "1.25L"
  },
  {
    "Brand_Product_Size": "Connoisseur Vanilla Caramel Brownie Gourmet Ice Cream Tub 1L",
    "COL Price": 7.5,
    "COL ppu": "$0.75 per 100mL",
    "COL Size": "1L"
  },
  {
    "Brand_Product_Size": "KB Raw Squid Strips 360g",
    "COL Price": 9.5,
    "COL ppu": "$26.39 per 1Kg",
    "COL Size": "360g"
  },
  {
    "Brand_Product_Size": "Coles Unrefined Organic Extra Virgin Coconut Oil 900g",
    "COL Price": 9.9,
    "COL ppu": "$1.10 per 100G",
    "COL Size": "900g"
  },
  {
    "Brand_Product_Size": "Valcom Laksa Curry Paste 230g",
    "COL Price": 3.2,
    "COL ppu": "$1.39 per 100G",
    "COL Size": "230g"
  },
  {
    "Brand_Product_Size": "Coles White Sandwich Bread 650g",
    "COL Price": 1.3,
    "COL ppu": "$0.20 per 100G",
    "COL Size": "650g"
  },
  {
    "Brand_Product_Size": "MasterFoods Whole Cloves 20g",
    "COL Price": 4.3,
    "COL ppu": "$2.15 per 10G",
    "COL Size": "20g"
  },
  {
    "Brand_Product_Size": "Dodoni Feta Cheese 200g",
    "COL Price": 6,
    "COL ppu": "$30.00 per 1Kg",
    "COL Size": "200g"
  },
  {
    "Brand_Product_Size": "Beauty Bites Lemon & Coconut 32g",
    "COL Price": 4,
    "COL ppu": "$12.50 per 100G",
    "COL Size": "32g"
  },
  {
    "Brand_Product_Size": "Angas Park Super Blend Energy Boost 200g",
    "COL Price": 4.95,
    "COL ppu": "$2.48 per 100G",
    "COL Size": "200g"
  },
  {
    "Brand_Product_Size": "Streets Gaytime Cocopops Ice Cream 4pack 400mL",
    "COL Price": 4.25,
    "COL ppu": "$1.06 per 100mL",
    "COL Size": "400mL"
  },
  {
    "Brand_Product_Size": "Coles Lime Leaves Prepacked 10g",
    "COL Price": 2.98,
    "COL ppu": "$2.98 per 10G",
    "COL Size": "10g"
  },
  {
    "Brand_Product_Size": "Happy Snack Company Chocolat Saledt Caramel Chickpeas 150g",
    "COL Price": 5.2,
    "COL ppu": "$3.47 per 100G",
    "COL Size": "150g"
  },
  {
    "Brand_Product_Size": "Always Fresh Kalamata Olives Pitted 220g",
    "COL Price": 5.4,
    "COL ppu": "$24.55 per 1Kg",
    "COL Size": "220g"
  },
  {
    "Brand_Product_Size": "Nescafe Caramel Sachets 10 pack",
    "COL Price": 6.3,
    "COL ppu": "$0.63 per 1Ea",
    "COL Size": "10 pack"
  },
  {
    "Brand_Product_Size": "Coca-Cola Diet Coke Multipack Cans 375mL 30 pack",
    "COL Price": 38.9,
    "COL ppu": "$3.46 per 1L",
    "COL Size": "30 pack"
  },
  {
    "Brand_Product_Size": "Garlos Beef Pie Kosher 200g",
    "COL Price": 4.95,
    "COL ppu": "$2.48 per 100G",
    "COL Size": "200g"
  },
  {
    "Brand_Product_Size": "Rufus & Coco Elasticised Large  Litter Tray Liner 8 pack",
    "COL Price": 6,
    "COL ppu": "$0.75 per 1Ea",
    "COL Size": "8 pack"
  },
  {
    "Brand_Product_Size": "Royal Fields Semolina Coarse 1kg",
    "COL Price": 2.8,
    "COL ppu": "$2.80 per 1KG",
    "COL Size": "1kg"
  },
  {
    "Brand_Product_Size": "Garnier Fructis Miraculous Oil 150mL",
    "COL Price": 6,
    "COL ppu": "$4.00 per 100mL",
    "COL Size": "150mL"
  },
  {
    "Brand_Product_Size": "Bega Tasty Cheese Block 250g",
    "COL Price": 4.5,
    "COL ppu": "$1.80 per 100G",
    "COL Size": "250g"
  },
  {
    "Brand_Product_Size": "Coles Pancake Shake Mix Original 350g",
    "COL Price": 1.5,
    "COL ppu": "$0.43 per 100G",
    "COL Size": "350g"
  },
  {
    "Brand_Product_Size": "Bonds Kids Logo Quarter Crew RYB33G Size 2 3 pack",
    "COL Price": 13,
    "COL ppu": "$4.33 per 1Ea",
    "COL Size": "3 pack"
  },
  {
    "Brand_Product_Size": "Osem North African Plain Couscous 340g",
    "COL Price": 3.25,
    "COL ppu": "$0.96 per 100G",
    "COL Size": "340g"
  },
  {
    "Brand_Product_Size": "Decor Cook Oil Sprayer 300mL each",
    "COL Price": 11,
    "COL ppu": "$11.00 per 1Ea",
    "COL Size": "each"
  },
  {
    "Brand_Product_Size": "Coles RSPCA Approved Medium Whole Chicken approx. 1.65kg",
    "COL Price": 6.435,
    "COL ppu": "$3.90 per 1Kg",
    "COL Size": "approx. 1.65kg"
  },
  {
    "Brand_Product_Size": "Darrell Lea Milk Chocolate Raspberry Rocklea Road Block 180g",
    "COL Price": 3,
    "COL ppu": "$1.67 per 100G",
    "COL Size": "180g"
  },
  {
    "Brand_Product_Size": "Coles Deli Salads Tub Small Classic Pasta smaLL",
    "COL Price": 4,
    "COL ppu": "$4.00 per 1Ea",
    "COL Size": "smaLL"
  },
  {
    "Brand_Product_Size": "Only Organic Cauliflower Broccoli & Cheddar 120g",
    "COL Price": 2,
    "COL ppu": "$1.67 per 100G",
    "COL Size": "120g"
  },
  {
    "Brand_Product_Size": "Blue Dinosaur Paleo Bars Lamington 45g",
    "COL Price": 2.85,
    "COL ppu": "$6.33 per 100G",
    "COL Size": "45g"
  },
  {
    "Brand_Product_Size": "Heat Beads Original BBQ Briquettes 4kg",
    "COL Price": 9.95,
    "COL ppu": "$2.49 per 1Kg",
    "COL Size": "4kg"
  },
  {
    "Brand_Product_Size": "Tarago Triple Cream approx. 100g",
    "COL Price": 6.4,
    "COL ppu": "$64.00 per 1Kg",
    "COL Size": "approx. 100g"
  },
  {
    "Brand_Product_Size": "Rowntrees Jelly Tots 150g",
    "COL Price": 2.65,
    "COL ppu": "$1.77 per 100G",
    "COL Size": "150g"
  },
  {
    "Brand_Product_Size": "Blackmores Glucosamine Sulfate 1500mg One A Day 150 pack",
    "COL Price": 45,
    "COL ppu": "$0.30 per 1Ea",
    "COL Size": "150 pack"
  },
  {
    "Brand_Product_Size": "Steggles Frozen Creamy Garlic Chicken Kiev 600g",
    "COL Price": 14.5,
    "COL ppu": "$24.17 per 1Kg",
    "COL Size": "600g"
  },
  {
    "Brand_Product_Size": "Oates Anti Bacterial Large Cotton Mop 1each",
    "COL Price": 15,
    "COL ppu": "$15.00 per 1Ea",
    "COL Size": "1each"
  },
  {
    "Brand_Product_Size": "Frantelle Raspberry &  Blackcurrant Essence Sparkling Water Cans 375mL 10 pack",
    "COL Price": 8,
    "COL ppu": "$2.13 per 1L",
    "COL Size": "10 pack"
  },
  {
    "Brand_Product_Size": "Vitasoy Natural Creamy Long Life Soy Milk 1L 1L",
    "COL Price": 3,
    "COL ppu": "$3.00 per 1L",
    "COL Size": "1L"
  },
  {
    "Brand_Product_Size": "Valley Produce Co. Vegetable Flatbread  Kale Artisan Crackers 130g",
    "COL Price": 4.9,
    "COL ppu": "$3.77 per 100G",
    "COL Size": "130g"
  },
  {
    "Brand_Product_Size": "Twinings Lemon & Ginger Herbal Infusions Tea Bags 10 pack 15g",
    "COL Price": 2.9,
    "COL ppu": "$0.29 per 1Ea",
    "COL Size": "15g"
  },
  {
    "Brand_Product_Size": "Coles Finest Angus Beef Rump Steak approx. 450g each",
    "COL Price": 15.995,
    "COL ppu": "$35.54 per 1kg",
    "COL Size": "approx. 450g each"
  },
  {
    "Brand_Product_Size": "Dr. Oetker Ristorante Barbacoa Pizza 330g",
    "COL Price": 7.9,
    "COL ppu": "$2.39 per 100G",
    "COL Size": "330g"
  },
  {
    "Brand_Product_Size": "Fab Frangipani Top & Front Loader Laundry Powder 1kg",
    "COL Price": 4.5,
    "COL ppu": "$4.50 per 1Kg",
    "COL Size": "1kg"
  },
  {
    "Brand_Product_Size": "Coles Organic Leek each",
    "COL Price": 3.5,
    "COL ppu": "$3.50 per 1Ea",
    "COL Size": "each"
  },
  {
    "Brand_Product_Size": "Solomon Kosher Butchen Frozen Bubby's Golden Chick Soup 510g",
    "COL Price": 8.3,
    "COL ppu": "$1.63 per 100G",
    "COL Size": "510g"
  },
  {
    "Brand_Product_Size": "Dynamo Profession Oxi Plus Laundry Liquid 1.8L",
    "COL Price": 20,
    "COL ppu": "$11.11 per 1L",
    "COL Size": "1.8L"
  },
  {
    "Brand_Product_Size": "Glad Large Wavetop Kitchen Tidy Bags 30 pack",
    "COL Price": 3.8,
    "COL ppu": "$0.13 per 1Ea",
    "COL Size": "30 pack"
  },
  {
    "Brand_Product_Size": "Tamar Valley Greek Style Vanilla Bean Yoghurt 700g",
    "COL Price": 6.4,
    "COL ppu": "$0.91 per 100G",
    "COL Size": "700g"
  },
  {
    "Brand_Product_Size": "Sunbites Cheddar & Chives Snack Crackers 110g",
    "COL Price": 3,
    "COL ppu": "$2.73 per 100G",
    "COL Size": "110g"
  },
  {
    "Brand_Product_Size": "Coles Ultra Liquid Dish Brush With Refill each",
    "COL Price": 4,
    "COL ppu": "$4.00 per 1Ea",
    "COL Size": "each"
  },
  {
    "Brand_Product_Size": "Achdut Tahini With Sesame Seeds 500g",
    "COL Price": 8,
    "COL ppu": "$1.60 per 100G",
    "COL Size": "500g"
  },
  {
    "Brand_Product_Size": "Cook & Dine Muffin Tray 12 Cup each",
    "COL Price": 8,
    "COL ppu": "$8.00 per 1Ea",
    "COL Size": "each"
  },
  {
    "Brand_Product_Size": "Arnott's Chocolate Ripple Biscuits 250g",
    "COL Price": 3,
    "COL ppu": "$1.20 per 100G",
    "COL Size": "250g"
  },
  {
    "Brand_Product_Size": "Jif Power & Shine Kitchen Eco Refill 70mL",
    "COL Price": 3.5,
    "COL ppu": "$5.00 per 100mL",
    "COL Size": "70mL"
  },
  {
    "Brand_Product_Size": "Chobani Limited Edition Flip Yogurt 140g",
    "COL Price": 2,
    "COL ppu": "$1.43 per 100G",
    "COL Size": "140g"
  },
  {
    "Brand_Product_Size": "Air Wick Touch of Luxury Reed Diffuser Midnight Blackberry & Vanilla Silk 50mL",
    "COL Price": 11,
    "COL ppu": "$22.00 per 100mL",
    "COL Size": "50mL"
  },
  {
    "Brand_Product_Size": "Tasti Smooshed Wholefood Balls Cacao Brownie 207g",
    "COL Price": 6.5,
    "COL ppu": "$3.14 per 100G",
    "COL Size": "207g"
  },
  {
    "Brand_Product_Size": "Arnott's Cracker Chips Sour Cream Chives 150g",
    "COL Price": 3,
    "COL ppu": "$2.00 per 100G",
    "COL Size": "150g"
  },
  {
    "Brand_Product_Size": "Coles Roma Tomatoes Loose approx. 100g each",
    "COL Price": 0.69,
    "COL ppu": "$6.90 per 1Kg",
    "COL Size": "approx. 100g each"
  },
  {
    "Brand_Product_Size": "Coles Wrapped Camembert Cheese 125g",
    "COL Price": 3,
    "COL ppu": "$2.40 per 100G",
    "COL Size": "125g"
  },
  {
    "Brand_Product_Size": "Equal Sweetener Sachets 100 pack",
    "COL Price": 6.1,
    "COL ppu": "$0.06 per 1Ea",
    "COL Size": "100 pack"
  },
  {
    "Brand_Product_Size": "Herbert Adams Chicken & Leek In Creamy Mustard Sauce Pie 180g",
    "COL Price": 5.5,
    "COL ppu": "$3.06 per 100G",
    "COL Size": "180g"
  },
  {
    "Brand_Product_Size": "Coles Kitchen Tomato & Basil Soup 300g",
    "COL Price": 3,
    "COL ppu": "$1.00 per 100G",
    "COL Size": "300g"
  },
  {
    "Brand_Product_Size": "Duracell 3V Lithium Batteries 2032 4 pack",
    "COL Price": 9.9,
    "COL ppu": "$2.48 per 1Ea",
    "COL Size": "4 pack"
  },
  {
    "Brand_Product_Size": "Coles Anti-fungal Cream 50g",
    "COL Price": 5.61,
    "COL ppu": "$11.22 per 100G",
    "COL Size": "50g"
  },
  {
    "Brand_Product_Size": "M&M's Caramel Cone Ice Cream 4 Pack 308mL",
    "COL Price": 8,
    "COL ppu": "$2.60 per 100mL",
    "COL Size": "308mL"
  },
  {
    "Brand_Product_Size": "Coles Kitchen Braised Beef & Mash 350g",
    "COL Price": 7.5,
    "COL ppu": "$2.14 per 100G",
    "COL Size": "350g"
  },
  {
    "Brand_Product_Size": "Gastro Stop 2MG 8 pack",
    "COL Price": 9,
    "COL ppu": "$1.13 per 1Ea",
    "COL Size": "8 pack"
  },
  {
    "Brand_Product_Size": "Coles Finest Australian Organic Washed Rind approx. 500g",
    "COL Price": 34,
    "COL ppu": "$68.00 per 1Kg",
    "COL Size": "approx. 500g"
  },
  {
    "Brand_Product_Size": "Abundant Earth Puffed Rice Cereal 170g",
    "COL Price": 3.5,
    "COL ppu": "$2.06 per 100G",
    "COL Size": "170g"
  },
  {
    "Brand_Product_Size": "Monday Smooth Shampoo 800mL",
    "COL Price": 14,
    "COL ppu": "$1.75 per 100mL",
    "COL Size": "800mL"
  },
  {
    "Brand_Product_Size": "Three Threes Old Style Pickled Onions 500g",
    "COL Price": 4.1,
    "COL ppu": "$8.20 per 1Kg",
    "COL Size": "500g"
  },
  {
    "Brand_Product_Size": "The Bar Counter No Added Sugar Milk Chocolate & Hazelnut",
    "COL Price": 2.5,
    "COL ppu": "",
    "COL Size": ""
  },
  {
    "Brand_Product_Size": "Coles Vegan Dark Chocolate Toffee 80g",
    "COL Price": 5,
    "COL ppu": "$6.25 per 100G",
    "COL Size": "80g"
  },
  {
    "Brand_Product_Size": "Maggi Veg Sensations Three Cheese Potato Bake 21g",
    "COL Price": 1.75,
    "COL ppu": "$8.33 per 100G",
    "COL Size": "21g"
  },
  {
    "Brand_Product_Size": "Carman's Gold Oat Coconut 70g",
    "COL Price": 3.5,
    "COL ppu": "$5.00 per 100G",
    "COL Size": "70g"
  },
  {
    "Brand_Product_Size": "Maggi So Crispy Dry Recipe Base Classic Chicken Schnitzel 85g",
    "COL Price": 2,
    "COL ppu": "$0.24 per 10G",
    "COL Size": "85g"
  },
  {
    "Brand_Product_Size": "Ballymaloe Original Country Tomato Relish 350g",
    "COL Price": 6.95,
    "COL ppu": "$1.99 per 100G",
    "COL Size": "350g"
  },
  {
    "Brand_Product_Size": "Grinders Rich Espresso Ground Coffee 200g",
    "COL Price": 9.55,
    "COL ppu": "$4.78 per 100G",
    "COL Size": "200g"
  },
  {
    "Brand_Product_Size": "Marco Polo Polenta 750g",
    "COL Price": 2.8,
    "COL ppu": "$0.37 per 100G",
    "COL Size": "750g"
  },
  {
    "Brand_Product_Size": "Mission Soft & Fluffy Wrap 12 pack 450g",
    "COL Price": 4,
    "COL ppu": "$0.89 per 100G",
    "COL Size": "450g"
  },
  {
    "Brand_Product_Size": "Life-Space Probiotic 60+ Years Tablets 40 pack",
    "COL Price": 27,
    "COL ppu": "$0.68 per 1Ea",
    "COL Size": "40 pack"
  },
  {
    "Brand_Product_Size": "Lewis & Son Pickled Red Onions 200g",
    "COL Price": 7.25,
    "COL ppu": "$3.63 per 100G",
    "COL Size": "200g"
  },
  {
    "Brand_Product_Size": "Restaurant Collection Japanese Slow Cooked Brisket 540g",
    "COL Price": 18,
    "COL ppu": "$3.33 per 100G",
    "COL Size": "540g"
  },
  {
    "Brand_Product_Size": "L & P Lemon & Paeroa Soft Drink 1.5L",
    "COL Price": 4.3,
    "COL ppu": "$2.87 per 1L",
    "COL Size": "1.5L"
  },
  {
    "Brand_Product_Size": "Clearblue Ovulation Test Advanced 10 pack",
    "COL Price": 35,
    "COL ppu": "$3.50 per 1Ea",
    "COL Size": "10 pack"
  },
  {
    "Brand_Product_Size": "Bega Cashew Spread Smooth 325g",
    "COL Price": 5,
    "COL ppu": "$1.54 per 100G",
    "COL Size": "325g"
  },
  {
    "Brand_Product_Size": "Gourmet Garden Lightly Dried Garlic 10g",
    "COL Price": 3.5,
    "COL ppu": "$3.50 per 10G",
    "COL Size": "10g"
  },
  {
    "Brand_Product_Size": "Coles Blended Vegetable Oil 2L",
    "COL Price": 4.75,
    "COL ppu": "$2.38 per 1L",
    "COL Size": "2L"
  },
  {
    "Brand_Product_Size": "Coles Bakery Mini Pastry Selection 5 pack",
    "COL Price": 3,
    "COL ppu": "$0.60 per 1Ea",
    "COL Size": "5 pack"
  },
  {
    "Brand_Product_Size": "Gaganis Original Sesame Halva with Vanilla 250g",
    "COL Price": 5,
    "COL ppu": "$2.00 per 100G",
    "COL Size": "250g"
  },
  {
    "Brand_Product_Size": "Arnott's Jatz Original Biscuits 225g",
    "COL Price": 3.2,
    "COL ppu": "$1.42 per 100G",
    "COL Size": "225g"
  },
  {
    "Brand_Product_Size": "Coles Frozen Chocolate Lava Cake 2 pack 180g",
    "COL Price": 4,
    "COL ppu": "$2.22 per 100G",
    "COL Size": "180g"
  },
  {
    "Brand_Product_Size": "Helga's Mixed Grain Wraps 8 pack 560g",
    "COL Price": 4,
    "COL ppu": "$0.71 per 100G",
    "COL Size": "560g"
  },
  {
    "Brand_Product_Size": "Coles Kitchen Kaleslaw Dressing 250mL",
    "COL Price": 4,
    "COL ppu": "$1.60 per 100mL",
    "COL Size": "250mL"
  },
  {
    "Brand_Product_Size": "Coles Tortoiseshell Claw Grips Small 2 pack",
    "COL Price": 4.5,
    "COL ppu": "$2.25 per 1Ea",
    "COL Size": "2 pack"
  },
  {
    "Brand_Product_Size": "Nudie Nothing But 100% Fresh Orange Pulp Free Juice 1L",
    "COL Price": 5.5,
    "COL ppu": "$5.50 per 1L",
    "COL Size": "1L"
  },
  {
    "Brand_Product_Size": "Sabco Ceiling Fan & Cobweb Broom each",
    "COL Price": 20,
    "COL ppu": "$20.00 per 1Ea",
    "COL Size": "each"
  },
  {
    "Brand_Product_Size": "Coles Swiss Style Cheese Slices 200g",
    "COL Price": 3.7,
    "COL ppu": "$1.85 per 100G",
    "COL Size": "200g"
  },
  {
    "Brand_Product_Size": "Coles Urban Coffee Culture Organic Coffee Beans 1 kg",
    "COL Price": 20,
    "COL ppu": "$2.00 per 100G",
    "COL Size": "1 kg"
  },
  {
    "Brand_Product_Size": "Arnott's Chocolate Coated Scotch Finger Biscuits 250g",
    "COL Price": 4,
    "COL ppu": "$1.60 per 100G",
    "COL Size": "250g"
  },
  {
    "Brand_Product_Size": "MasterFoods Smoked Paprika 35g",
    "COL Price": 3.3,
    "COL ppu": "$0.94 per 10G",
    "COL Size": "35g"
  },
  {
    "Brand_Product_Size": "Gross Fourre Chocolate Cream Biscuit 300g",
    "COL Price": 3.1,
    "COL ppu": "$1.03 per 100G",
    "COL Size": "300g"
  },
  {
    "Brand_Product_Size": "Revlon Voulmazing Waterproof Blackest Black Mascara 9mL",
    "COL Price": 20,
    "COL ppu": "$22.22 per 10mL",
    "COL Size": "9mL"
  },
  {
    "Brand_Product_Size": "Only Organic Kumara Carrot & Coconut Rice Baby Food 8+ Months 170g",
    "COL Price": 2.9,
    "COL ppu": "$1.71 per 100G",
    "COL Size": "170g"
  },
  {
    "Brand_Product_Size": "Bonne Maman Cherry Jam 370g",
    "COL Price": 5.2,
    "COL ppu": "$1.41 per 100G",
    "COL Size": "370g"
  },
  {
    "Brand_Product_Size": "Mainland Butter Soft Reduced Salt 250g",
    "COL Price": 5.2,
    "COL ppu": "$2.08 per 100G",
    "COL Size": "250g"
  },
  {
    "Brand_Product_Size": "Remedy Kombucha Raspberry Lemonade 750mL",
    "COL Price": 7.5,
    "COL ppu": "$10.00 per 1L",
    "COL Size": "750mL"
  },
  {
    "Brand_Product_Size": "Mix Opaque Anklets 40 Denier Black Size 1 4 pack",
    "COL Price": 5,
    "COL ppu": "$1.25 per 1Ea",
    "COL Size": "4 pack"
  },
  {
    "Brand_Product_Size": "Gefen Chunk Light Tuna In Oil 170g",
    "COL Price": 2.6,
    "COL ppu": "$15.29 per 1Kg",
    "COL Size": "170g"
  },
  {
    "Brand_Product_Size": "Alpha Cooking Chocolate 375g",
    "COL Price": 6.8,
    "COL ppu": "$1.81 per 100G",
    "COL Size": "375g"
  },
  {
    "Brand_Product_Size": "Orchy Apple & Blackcurrant Juice Chilled 375mL",
    "COL Price": 1.95,
    "COL ppu": "$5.20 per 1L",
    "COL Size": "375mL"
  },
  {
    "Brand_Product_Size": "Coles Deli Thawed Cooked Prawn Plate Small 200g 1 each",
    "COL Price": 8,
    "COL ppu": "$8.00 per 1Ea",
    "COL Size": "1 each"
  },
  {
    "Brand_Product_Size": "Morning Fresh Ultra Concentrate Botanicals Lemon Myrtle & Mandarin Dishwashing Liquid 350mL",
    "COL Price": 4.3,
    "COL ppu": "$1.23 per 100mL",
    "COL Size": "350mL"
  },
  {
    "Brand_Product_Size": "Coles Imperial Mandarins approx. 180g",
    "COL Price": 0.576,
    "COL ppu": "$3.20 per 1Kg",
    "COL Size": "approx. 180g"
  },
  {
    "Brand_Product_Size": "Ready For School Big Workbook Ages 5-6 each",
    "COL Price": 5,
    "COL ppu": "$5.00 per 1ea",
    "COL Size": "each"
  },
  {
    "Brand_Product_Size": "Paper Mate Profile Gel Pen Assortment 4 pack",
    "COL Price": 11,
    "COL ppu": "$2.75 per 1Ea",
    "COL Size": "4 pack"
  },
  {
    "Brand_Product_Size": "Yeo's Malaysian Curry Sauce Canned Mild 400mL",
    "COL Price": 4.15,
    "COL ppu": "$4.15 per 1Ea",
    "COL Size": "400mL"
  },
  {
    "Brand_Product_Size": "Coles Kids Size Mandarins Prepacked 700g",
    "COL Price": 4.9,
    "COL ppu": "$7.00 per 1Kg",
    "COL Size": "700g"
  },
  {
    "Brand_Product_Size": "Edgell Red Kidney Beans Pouch 100g",
    "COL Price": 1,
    "COL ppu": "$10.00 per 1Kg",
    "COL Size": "100g"
  },
  {
    "Brand_Product_Size": "Palmolive Foam Liquid Soap Limited Edition Pump 250mL",
    "COL Price": 2.8,
    "COL ppu": "$1.12 per 100mL",
    "COL Size": "250mL"
  },
  {
    "Brand_Product_Size": "Hercules Clickzip Sandwich Bags 18cm x 16.5cm 40 pack",
    "COL Price": 2,
    "COL ppu": "$0.05 per 1Ea",
    "COL Size": "40 pack"
  },
  {
    "Brand_Product_Size": "Bega Simply Nuts Smooth Peanut Butter 650g",
    "COL Price": 9,
    "COL ppu": "$1.38 per 100G",
    "COL Size": "650g"
  },
  {
    "Brand_Product_Size": "Obento Mirin Seasoning 250mL",
    "COL Price": 3,
    "COL ppu": "$1.20 per 100mL",
    "COL Size": "250mL"
  },
  {
    "Brand_Product_Size": "Lilydale Chicken Breast Sea Salt & Cracked Pepper 400g",
    "COL Price": 9.5,
    "COL ppu": "$23.75 per 1Kg",
    "COL Size": "400g"
  },
  {
    "Brand_Product_Size": "MasterFoods Tuscan Seasoning 40g",
    "COL Price": 3.75,
    "COL ppu": "$0.94 per 10G",
    "COL Size": "40g"
  },
  {
    "Brand_Product_Size": "Lee Kum Kee Lemon Chicken Sauce Pouch 145g",
    "COL Price": 2.2,
    "COL ppu": "$1.52 per 100G",
    "COL Size": "145g"
  },
  {
    "Brand_Product_Size": "Cook & Dine Paper Bowls 20 pack",
    "COL Price": 1.5,
    "COL ppu": "$0.08 per 1Ea",
    "COL Size": "20 pack"
  },
  {
    "Brand_Product_Size": "Gaganis Premium Sesame Seeds 1kg",
    "COL Price": 8.95,
    "COL ppu": "$8.95 per 1Kg",
    "COL Size": "1kg"
  },
  {
    "Brand_Product_Size": "Coles Pork Pancetta 100g",
    "COL Price": 7,
    "COL ppu": "$70.00 per 1Kg",
    "COL Size": "100g"
  },
  {
    "Brand_Product_Size": "Coles Hoki Bites 300g",
    "COL Price": 10,
    "COL ppu": "$33.33 per 1Kg",
    "COL Size": "300g"
  },
  {
    "Brand_Product_Size": "Cook & Dine Essentials Mug each",
    "COL Price": 2.5,
    "COL ppu": "$2.50 per 1Ea",
    "COL Size": "each"
  },
  {
    "Brand_Product_Size": "Fresh Up Big Fizz Feijoa Burst 500mL",
    "COL Price": 3.1,
    "COL ppu": "$0.62 per 100mL",
    "COL Size": "500mL"
  },
  {
    "Brand_Product_Size": "Cocobella Passionfruit Coconut Yoghurt 150g",
    "COL Price": 3.5,
    "COL ppu": "$2.33 per 100G",
    "COL Size": "150g"
  },
  {
    "Brand_Product_Size": "Kleenex Eco Toilet Tissue 9 pack",
    "COL Price": 7.5,
    "COL ppu": "$0.83 per 1Ea",
    "COL Size": "9 pack"
  },
  {
    "Brand_Product_Size": "Grillman BBQ Basic Tongs 35cm each",
    "COL Price": 5,
    "COL ppu": "$5.00 per 1Ea",
    "COL Size": "each"
  },
  {
    "Brand_Product_Size": "Heinz Little Kids Banana Mango Muesli With Greek Style Yoghurt 150g",
    "COL Price": 1.5,
    "COL ppu": "$1.00 per 100G",
    "COL Size": "150g"
  },
  {
    "Brand_Product_Size": "Coles Pineapple in Syrup Fruit Cups 4 Pack 480g",
    "COL Price": 2,
    "COL ppu": "$0.42 per 100G",
    "COL Size": "480g"
  },
  {
    "Brand_Product_Size": "Doritos Nacho Cheese Salsa 300g",
    "COL Price": 2.5,
    "COL ppu": "$0.83 per 100G",
    "COL Size": "300g"
  },
  {
    "Brand_Product_Size": "Coles Thawed Seafood Garlic Prawns Skewer each",
    "COL Price": 1.5,
    "COL ppu": "$1.50 per 1Ea",
    "COL Size": "each"
  },
  {
    "Brand_Product_Size": "Golden Wholemeal Crumpets 6 Pack 300g",
    "COL Price": 3.1,
    "COL ppu": "$1.03 per 100G",
    "COL Size": "300g"
  },
  {
    "Brand_Product_Size": "Continental Sour Cream & Chives Pasta & Sauce Serves 3 85g",
    "COL Price": 2.2,
    "COL ppu": "$2.59 per 100G",
    "COL Size": "85g"
  },
  {
    "Brand_Product_Size": "Primo Thin Sliced Roast Beef 80g",
    "COL Price": 3.25,
    "COL ppu": "$40.63 per 1Kg",
    "COL Size": "80g"
  },
  {
    "Brand_Product_Size": "Disney Travel Bib Mickey Mouse each",
    "COL Price": 13,
    "COL ppu": "$13.00 per 1Ea",
    "COL Size": "each"
  },
  {
    "Brand_Product_Size": "Coles Asia Soy Sauce 1.9L",
    "COL Price": 6,
    "COL ppu": "$0.32 per 100mL",
    "COL Size": "1.9L"
  },
  {
    "Brand_Product_Size": "Continental Kosher Butchers Beef Scotch Fillet approx. 1kg",
    "COL Price": 62.5,
    "COL ppu": "$62.50 per 1Kg",
    "COL Size": "approx. 1kg"
  },
  {
    "Brand_Product_Size": "Duracell Specialty 3V 2032  Lithium Batteries 2 pack",
    "COL Price": 7,
    "COL ppu": "$3.50 per 1Ea",
    "COL Size": "2 pack"
  },
  {
    "Brand_Product_Size": "Natural Chip Co. Corn Chips Farmhouse Cheddar 225g",
    "COL Price": 4.5,
    "COL ppu": "$2.00 per 100G",
    "COL Size": "225g"
  },
  {
    "Brand_Product_Size": "Coles Kitchen Zucchini Slice 700g",
    "COL Price": 12.5,
    "COL ppu": "$1.79 per 100G",
    "COL Size": "700g"
  },
  {
    "Brand_Product_Size": "Libra Ultra Thin Super With Wings Pads 12 pack",
    "COL Price": 2.94,
    "COL ppu": "$0.25 per 1Ea",
    "COL Size": "12 pack"
  },
  {
    "Brand_Product_Size": "Eat Street Beef & Pork Cheese Kransky 450g",
    "COL Price": 8,
    "COL ppu": "$1.78 per 100G",
    "COL Size": "450g"
  },
  {
    "Brand_Product_Size": "KIND Peanut Butter Dark Chocolate 40g",
    "COL Price": 3,
    "COL ppu": "$7.50 per 100G",
    "COL Size": "40g"
  },
  {
    "Brand_Product_Size": "Mix Luxury Body Shaper Tights 70 Denier Black X-Tall 1 pack",
    "COL Price": 8,
    "COL ppu": "$8.00 per 1Ea",
    "COL Size": "1 pack"
  },
  {
    "Brand_Product_Size": "Little Bellies Mini Gingerbread Men 130g",
    "COL Price": 4.5,
    "COL ppu": "$3.46 per 100G",
    "COL Size": "130g"
  },
  {
    "Brand_Product_Size": "Coles Himalayan Pink Fine Salt Shaker 125g",
    "COL Price": 2.7,
    "COL ppu": "$0.22 per 10G",
    "COL Size": "125g"
  },
  {
    "Brand_Product_Size": "U By Kotex Cotton Liners 26 pack",
    "COL Price": 3.5,
    "COL ppu": "$0.13 per 1Ea",
    "COL Size": "26 pack"
  },
  {
    "Brand_Product_Size": "Continental Vegetable Stock Pot 112g",
    "COL Price": 3.5,
    "COL ppu": "$3.13 per 100G",
    "COL Size": "112g"
  },
  {
    "Brand_Product_Size": "Coles Ultra Furniture Polish 250g",
    "COL Price": 3.6,
    "COL ppu": "$1.44 per 100G",
    "COL Size": "250g"
  },
  {
    "Brand_Product_Size": "Sun Valley Plum & Apple Bars True Fruit Bars 120g",
    "COL Price": 4.5,
    "COL ppu": "$3.75 per 100G",
    "COL Size": "120g"
  },
  {
    "Brand_Product_Size": "Coles Beef Rump Steak Wagyu approx. 450g",
    "COL Price": 20.25,
    "COL ppu": "$45.00 per 1Kg",
    "COL Size": "approx. 450g"
  },
  {
    "Brand_Product_Size": "Green's Double Chocolate Pudding 260g",
    "COL Price": 4,
    "COL ppu": "$1.54 per 100G",
    "COL Size": "260g"
  },
  {
    "Brand_Product_Size": "Annalisa Cannellini Beans 400g",
    "COL Price": 1.5,
    "COL ppu": "$3.75 per 1Kg",
    "COL Size": "400g"
  },
  {
    "Brand_Product_Size": "Huggies Ultra Dry Nappy For Girls 10-15 Kg Size 4 36 pack",
    "COL Price": 13,
    "COL ppu": "$0.36 per 1Ea",
    "COL Size": "36 pack"
  },
  {
    "Brand_Product_Size": "Modo Straw Cleaners 4pack",
    "COL Price": 3,
    "COL ppu": "$0.75 per 1Ea",
    "COL Size": "4pack"
  },
  {
    "Brand_Product_Size": "Wattie's Spaghetti In Tomato Sauce 420g",
    "COL Price": 1.2,
    "COL ppu": "$0.29 per 100G",
    "COL Size": "420g"
  },
  {
    "Brand_Product_Size": "Wrigley's Extra White Sugar Free Lemon Lime Chewing Gum 4 x 10 Piece Pack 56g",
    "COL Price": 2.8,
    "COL ppu": "$5.00 per 100G",
    "COL Size": "56g"
  },
  {
    "Brand_Product_Size": "Coles Tropical Smoothie Chilled 1L",
    "COL Price": 4.4,
    "COL ppu": "$4.40 per 1L",
    "COL Size": "1L"
  },
  {
    "Brand_Product_Size": "Coles Milk Compound Choc Buttons 375g",
    "COL Price": 2.5,
    "COL ppu": "$0.67 per 100G",
    "COL Size": "375g"
  },
  {
    "Brand_Product_Size": "Mortein DIY Insect Control Bomb 375g",
    "COL Price": 12,
    "COL ppu": "$3.20 per 100G",
    "COL Size": "375g"
  },
  {
    "Brand_Product_Size": "Royal Fields Egg Noodles 1kg",
    "COL Price": 4,
    "COL ppu": "$4.00 per 1Kg",
    "COL Size": "1kg"
  },
  {
    "Brand_Product_Size": "Coles Natural Spring Water 1.5L",
    "COL Price": 0.8,
    "COL ppu": "$0.53 per 1L",
    "COL Size": "1.5L"
  },
  {
    "Brand_Product_Size": "MasterFoods All Purpose Seasoning 200g",
    "COL Price": 5.7,
    "COL ppu": "$0.29 per 10G",
    "COL Size": "200g"
  },
  {
    "Brand_Product_Size": "Sharwood's Korma Simmer Sauce 420g",
    "COL Price": 3,
    "COL ppu": "$0.71 per 100G",
    "COL Size": "420g"
  },
  {
    "Brand_Product_Size": "Mix Regular Pantyhose 15 Denier Black Ave/Tall 4 pack",
    "COL Price": 5,
    "COL ppu": "$1.25 per 1Ea",
    "COL Size": "4 pack"
  },
  {
    "Brand_Product_Size": "Ajishima Instant Miso Soup Spinach & Mushroom 12g",
    "COL Price": 2.6,
    "COL ppu": "$2.17 per 10G",
    "COL Size": "12g"
  },
  {
    "Brand_Product_Size": "Chux Non Scratch Scourer Sponge 3 pack",
    "COL Price": 3.15,
    "COL ppu": "$1.05 per 1Ea",
    "COL Size": "3 pack"
  },
  {
    "Brand_Product_Size": "Coles Street Tortilla Tacos 10 pack 280g",
    "COL Price": 3,
    "COL ppu": "$1.07 per 100G",
    "COL Size": "280g"
  },
  {
    "Brand_Product_Size": "Great Ocean Road Colby Cheese Block 500g",
    "COL Price": 7,
    "COL ppu": "$14.00 per 1Kg",
    "COL Size": "500g"
  },
  {
    "Brand_Product_Size": "Lavazza Tierra Planet Coffee Beans 1kg",
    "COL Price": 38,
    "COL ppu": "$3.80 per 100G",
    "COL Size": "1kg"
  },
  {
    "Brand_Product_Size": "Coles Finest Australian Organic Washed Rind approx. 500g",
    "COL Price": 34,
    "COL ppu": "$68.00 per 1Kg",
    "COL Size": "approx. 500g"
  },
  {
    "Brand_Product_Size": "Coles RSPCA Approved Chicken Breast Fillets Small Pack approx. 500g each",
    "COL Price": 6,
    "COL ppu": "$12.00 per 1Kg",
    "COL Size": "approx. 500g each"
  },
  {
    "Brand_Product_Size": "Golden Circle Passion Pulp Apple & Passion Fruit Squeezy Pouch 120g",
    "COL Price": 1.5,
    "COL ppu": "$12.50 per 1Kg",
    "COL Size": "120g"
  },
  {
    "Brand_Product_Size": "Freedom Foods Berry Coconut Clusters 360g",
    "COL Price": 6,
    "COL ppu": "$1.67 per 100G",
    "COL Size": "360g"
  },
  {
    "Brand_Product_Size": "Coles Ultimate 40% Chocolate Chip Cookies 400g",
    "COL Price": 3.5,
    "COL ppu": "$0.88 per 100G",
    "COL Size": "400g"
  },
  {
    "Brand_Product_Size": "Tigi Bed Head Level 3 Resurrection Shampoo 250mL",
    "COL Price": 20,
    "COL ppu": "$8.00 per 100mL",
    "COL Size": "250mL"
  },
  {
    "Brand_Product_Size": "Raid One Shot Multi Insect Kill Double Nozzle 320g",
    "COL Price": 6,
    "COL ppu": "$1.88 per 100G",
    "COL Size": "320g"
  },
  {
    "Brand_Product_Size": "Coles Kitchen Coleslaw Salad 800g",
    "COL Price": 5.9,
    "COL ppu": "$7.38 per 1Kg",
    "COL Size": "800g"
  },
  {
    "Brand_Product_Size": "Gourmet Garden Basil Cold Blended Paste 80g",
    "COL Price": 3.5,
    "COL ppu": "$0.44 per 10G",
    "COL Size": "80g"
  },
  {
    "Brand_Product_Size": "Leiber's Blueberry Pie Filling 595g",
    "COL Price": 10.5,
    "COL ppu": "$1.76 per 100G",
    "COL Size": "595g"
  },
  {
    "Brand_Product_Size": "Gippsland Dairy Passionfruit Twist Yoghurt 160g",
    "COL Price": 2.5,
    "COL ppu": "$1.56 per 100G",
    "COL Size": "160g"
  },
  {
    "Brand_Product_Size": "Applaws Cat Food Multipack Tuna Fillets 70g 8 pack",
    "COL Price": 14,
    "COL ppu": "$2.50 per 100G",
    "COL Size": "8 pack"
  },
  {
    "Brand_Product_Size": "Coles Kitchen Black Bean Chicken & Egg Fried Rice 350g",
    "COL Price": 6.5,
    "COL ppu": "$1.86 per 100G",
    "COL Size": "350g"
  },
  {
    "Brand_Product_Size": "Nando's Lemon & Herb Extra Mild Peri-Peri Marinade 270g",
    "COL Price": 3,
    "COL ppu": "$1.11 per 100G",
    "COL Size": "270g"
  },
  {
    "Brand_Product_Size": "Norco Mighty Cool Strawberry Flavoured Milk 250mL",
    "COL Price": 2,
    "COL ppu": "$8.00 per 1L",
    "COL Size": "250mL"
  },
  {
    "Brand_Product_Size": "Helga's Gluten Free Traditional Wholemeal Bread 500g",
    "COL Price": 7,
    "COL ppu": "$1.40 per 100G",
    "COL Size": "500g"
  },
  {
    "Brand_Product_Size": "Coles Finest Sausages Italian Pork 500g",
    "COL Price": 7.5,
    "COL ppu": "$1.50 per 100G",
    "COL Size": "500g"
  },
  {
    "Brand_Product_Size": "Eno Lemon Fruit Salts 200g",
    "COL Price": 10,
    "COL ppu": "$5.00 per 100G",
    "COL Size": "200g"
  },
  {
    "Brand_Product_Size": "Schick Hydro 5 Razor Kit 1 pack",
    "COL Price": 6.5,
    "COL ppu": "$6.50 per 1Ea",
    "COL Size": "1 pack"
  },
  {
    "Brand_Product_Size": "Cook & Dine Acacia Chopping Board each",
    "COL Price": 25,
    "COL ppu": "$25.00 per 1Ea",
    "COL Size": "each"
  },
  {
    "Brand_Product_Size": "MasterFoods Thyme Leaves 10g",
    "COL Price": 2.6,
    "COL ppu": "$2.60 per 10G",
    "COL Size": "10g"
  },
  {
    "Brand_Product_Size": "Nivea Moisturising Day Face Cream Fluid Spf15 50mL",
    "COL Price": 7.65,
    "COL ppu": "$15.30 per 100mL",
    "COL Size": "50mL"
  },
  {
    "Brand_Product_Size": "Monday Smooth Conditioner 350mL",
    "COL Price": 7,
    "COL ppu": "$2.00 per 100mL",
    "COL Size": "350mL"
  },
  {
    "Brand_Product_Size": "Coles Tasty Cheddar Cheese Block 250g",
    "COL Price": 4,
    "COL ppu": "$1.60 per 100G",
    "COL Size": "250g"
  },
  {
    "Brand_Product_Size": "Coles Bakery Damper Inspired Rolls 6 pack",
    "COL Price": 2,
    "COL ppu": "$0.33 per 1Ea",
    "COL Size": "6 pack"
  },
  {
    "Brand_Product_Size": "Coles Tom Yum With Noodles Soup Serves 2 60g",
    "COL Price": 1,
    "COL ppu": "$1.67 per 100G",
    "COL Size": "60g"
  },
  {
    "Brand_Product_Size": "Coles Bakery Ultimate White Chocolate Chip Cookie 6 pack",
    "COL Price": 3,
    "COL ppu": "$0.50 per 1Ea",
    "COL Size": "6 pack"
  },
  {
    "Brand_Product_Size": "Hellmann's Real Mayonnaise 400g",
    "COL Price": 6.2,
    "COL ppu": "$1.55 per 100G",
    "COL Size": "400g"
  },
  {
    "Brand_Product_Size": "Coles Heavy Duty Scourer Foam Sponge 3 pack",
    "COL Price": 2,
    "COL ppu": "$0.67 per 1Ea",
    "COL Size": "3 pack"
  },
  {
    "Brand_Product_Size": "Glade Hang It Fresh Jasmine each",
    "COL Price": 2.5,
    "COL ppu": "$2.50 per 1Ea",
    "COL Size": "each"
  },
  {
    "Brand_Product_Size": "Coles Bakery Chocolate Drip Cake 1200g",
    "COL Price": 25,
    "COL ppu": "$2.08 per 100G",
    "COL Size": "1200g"
  },
  {
    "Brand_Product_Size": "Maybelline Master Crayon Black Eyeliner 3.5g",
    "COL Price": 9.1,
    "COL ppu": "$260.00 per 10G",
    "COL Size": "3.5g"
  },
  {
    "Brand_Product_Size": "Coles Crunchy Peanut Butter 500g",
    "COL Price": 3.5,
    "COL ppu": "$0.70 per 100G",
    "COL Size": "500g"
  },
  {
    "Brand_Product_Size": "Birds Eye Snap Frozen Country Harvest Carrot Cauliflower Beans & Broccoli 500g",
    "COL Price": 2.6,
    "COL ppu": "$5.20 per 1Kg",
    "COL Size": "500g"
  },
  {
    "Brand_Product_Size": "Colgate Smile For Good Dental Ribbon Mint 50m each",
    "COL Price": 8,
    "COL ppu": "$8.00 per 1Ea",
    "COL Size": "each"
  },
  {
    "Brand_Product_Size": "Oral-B Sensitive Electric Toothbrush Head 2 pack",
    "COL Price": 13.75,
    "COL ppu": "$6.88 per 1Ea",
    "COL Size": "2 pack"
  },
  {
    "Brand_Product_Size": "Regal Kangaroo Mince Lean Cat Food 2X100g 200g",
    "COL Price": 2.5,
    "COL ppu": "$1.25 per 100G",
    "COL Size": "200g"
  },
  {
    "Brand_Product_Size": "Taco Manana Gluten Free White Corn Tortilla 6 Pack 165g",
    "COL Price": 5,
    "COL ppu": "$3.03 per 100G",
    "COL Size": "165g"
  },
  {
    "Brand_Product_Size": "Coles Organic Chopped Kale Prepacked 140g",
    "COL Price": 4.5,
    "COL ppu": "$32.14 per 1Kg",
    "COL Size": "140g"
  },
  {
    "Brand_Product_Size": "Nissin Coconut Butter Biscuits 200g",
    "COL Price": 2.2,
    "COL ppu": "$1.10 per 100G",
    "COL Size": "200g"
  },
  {
    "Brand_Product_Size": "COYO Organic Probiotic Coconut Milk Yoghurt Natural 500g",
    "COL Price": 8,
    "COL ppu": "$1.60 per 100G",
    "COL Size": "500g"
  },
  {
    "Brand_Product_Size": "Hillmark Stone Kleen & Protect Cleaner 375mL",
    "COL Price": 7.2,
    "COL ppu": "$1.92 per 100mL",
    "COL Size": "375mL"
  },
  {
    "Brand_Product_Size": "King C Gillette Beardtrimmer each",
    "COL Price": 60,
    "COL ppu": "$60.00 per 1Ea",
    "COL Size": "each"
  },
  {
    "Brand_Product_Size": "Steggles Frozen Southern Style Chicken Breast Tenders 400g",
    "COL Price": 9,
    "COL ppu": "$22.50 per 1Kg",
    "COL Size": "400g"
  },
  {
    "Brand_Product_Size": "Pyrex Irresistible Roasting Dish 3.8L each",
    "COL Price": 15.4,
    "COL ppu": "$15.40 per 1Ea",
    "COL Size": "each"
  },
  {
    "Brand_Product_Size": "Lindt Caramel Square Dark Sea Salt Bag 124g",
    "COL Price": 6,
    "COL ppu": "$4.84 per 100G",
    "COL Size": "124g"
  },
  {
    "Brand_Product_Size": "Maggi Hot Mealz Tom Yam Kaw Tom Yum Instant Noodles 87g",
    "COL Price": 2.5,
    "COL ppu": "$0.29 per 10G",
    "COL Size": "87g"
  },
  {
    "Brand_Product_Size": "Coles Jumbo Salad Tub Curried Pumpkin Cous Cous Salad each",
    "COL Price": 11,
    "COL ppu": "$11.00 per 1Ea",
    "COL Size": "each"
  },
  {
    "Brand_Product_Size": "Rockstar Watermelon 500mL",
    "COL Price": 2.15,
    "COL ppu": "$4.30 per 1L",
    "COL Size": "500mL"
  },
  {
    "Brand_Product_Size": "Chobani Fit Blueberry Yoghurt Pouch 140g",
    "COL Price": 1.5,
    "COL ppu": "$1.07 per 100G",
    "COL Size": "140g"
  },
  {
    "Brand_Product_Size": "Yamato Fried Bean Curd 250g",
    "COL Price": 8.8,
    "COL ppu": "$3.52 per 100G",
    "COL Size": "250g"
  },
  {
    "Brand_Product_Size": "Casio Sl300 Calculator each",
    "COL Price": 11,
    "COL ppu": "$11.00 per 1ea",
    "COL Size": "each"
  },
  {
    "Brand_Product_Size": "V8 Healthy Greens Power Blend Juice 300mL",
    "COL Price": 1.65,
    "COL ppu": "$5.50 per 1L",
    "COL Size": "300mL"
  },
  {
    "Brand_Product_Size": "Coles White Lily & Midnight Spice Fabric Softener 1L",
    "COL Price": 4,
    "COL ppu": "$4.00 per 1L",
    "COL Size": "1L"
  },
  {
    "Brand_Product_Size": "Coles Organic Broccoli Prepacked 500g",
    "COL Price": 8,
    "COL ppu": "$16.00 per 1Kg",
    "COL Size": "500g"
  },
  {
    "Brand_Product_Size": "Tassal Premium Tasmanian Roasted Salmon Springwater 95g",
    "COL Price": 2,
    "COL ppu": "$21.05 per 1Kg",
    "COL Size": "95g"
  },
  {
    "Brand_Product_Size": "Carman's Original Fruit Free Muesli Bars 6 pack 270g",
    "COL Price": 6,
    "COL ppu": "$2.22 per 100G",
    "COL Size": "270g"
  },
  {
    "Brand_Product_Size": "Arnott's Shapes Chicken Crimpy Crackers Party Pack 400g",
    "COL Price": 4.5,
    "COL ppu": "$1.13 per 100G",
    "COL Size": "400g"
  },
  {
    "Brand_Product_Size": "Paper Mate Kilometrico Assorted Pens 10 pack",
    "COL Price": 4.5,
    "COL ppu": "$0.45 per 1Ea",
    "COL Size": "10 pack"
  },
  {
    "Brand_Product_Size": "Elite Mini Mix Chocolate Bars Multipack 400g",
    "COL Price": 11.45,
    "COL ppu": "$2.86 per 100G",
    "COL Size": "400g"
  },
  {
    "Brand_Product_Size": "Cadbury Dairy Milk Caramello Chocolate Block 180g",
    "COL Price": 5,
    "COL ppu": "$2.78 per 100G",
    "COL Size": "180g"
  },
  {
    "Brand_Product_Size": "Naturopathica Collagenix Beauty Sleep 60s 60 pack",
    "COL Price": 30,
    "COL ppu": "$50.00 per 100Ea",
    "COL Size": "60 pack"
  },
  {
    "Brand_Product_Size": "Bic Maxi Lighters 2 pack",
    "COL Price": 3.5,
    "COL ppu": "$1.75 per 1Ea",
    "COL Size": "2 pack"
  },
  {
    "Brand_Product_Size": "Hask Keratin Sachet Conditioner 50g",
    "COL Price": 5,
    "COL ppu": "$10.00 per 100G",
    "COL Size": "50g"
  },
  {
    "Brand_Product_Size": "Extra White Spearmint Bottle 64g",
    "COL Price": 4,
    "COL ppu": "$6.25 per 100G",
    "COL Size": "64g"
  },
  {
    "Brand_Product_Size": "Maybelline Tattoo Studio Soft Brown Brow Gel 6.8mL",
    "COL Price": 19.6,
    "COL ppu": "$28.82 per 10mL",
    "COL Size": "6.8mL"
  },
  {
    "Brand_Product_Size": "The Spice Tailor Thai Green Curry 275g",
    "COL Price": 4.5,
    "COL ppu": "$1.64 per 100G",
    "COL Size": "275g"
  },
  {
    "Brand_Product_Size": "Depend Real Fit Large Fitted Briefs for Women 8 pack",
    "COL Price": 12,
    "COL ppu": "$1.50 per 1Ea",
    "COL Size": "8 pack"
  },
  {
    "Brand_Product_Size": "The Dutch Company Apple Sauce 710g",
    "COL Price": 2.6,
    "COL ppu": "$0.37 per 100G",
    "COL Size": "710g"
  },
  {
    "Brand_Product_Size": "Nongshim Yaki Udon Garlic Teriyaki Noodles 251g",
    "COL Price": 5,
    "COL ppu": "$1.99 per 100G",
    "COL Size": "251g"
  },
  {
    "Brand_Product_Size": "Gravox Our Best Ever Chip Gravy 165g",
    "COL Price": 2,
    "COL ppu": "$0.12 per 10G",
    "COL Size": "165g"
  },
  {
    "Brand_Product_Size": "Coca-Cola No Sugar Coke 2L",
    "COL Price": 2.85,
    "COL ppu": "$1.43 per 1L",
    "COL Size": "2L"
  },
  {
    "Brand_Product_Size": "Perfect Italiano Mexican Blend Grated Cheese 250g",
    "COL Price": 4.25,
    "COL ppu": "$17.00 per 1Kg",
    "COL Size": "250g"
  },
  {
    "Brand_Product_Size": "Quick Eze Chewy Fast Acting Heartburn And Indigestion Tablets 3 pack",
    "COL Price": 6,
    "COL ppu": "$2.00 per 1Ea",
    "COL Size": "3 pack"
  },
  {
    "Brand_Product_Size": "Arnott's Mint Slice Chocolate Biscuits 200g",
    "COL Price": 4,
    "COL ppu": "$2.00 per 100G",
    "COL Size": "200g"
  },
  {
    "Brand_Product_Size": "MasterFoods Rosemary Leaves 16g",
    "COL Price": 2,
    "COL ppu": "$1.25 per 10G",
    "COL Size": "16g"
  },
  {
    "Brand_Product_Size": "Sugarless Stevia Organic Natural Sweetener 350g",
    "COL Price": 8.5,
    "COL ppu": "$2.43 per 100G",
    "COL Size": "350g"
  },
  {
    "Brand_Product_Size": "Deeko Recyclable Paper Straws 40 pack",
    "COL Price": 4,
    "COL ppu": "$0.10 per 1Ea",
    "COL Size": "40 pack"
  },
  {
    "Brand_Product_Size": "Paramount Red Salmon Wild Alaskan 210g",
    "COL Price": 6.3,
    "COL ppu": "$30.00 per 1Kg",
    "COL Size": "210g"
  },
  {
    "Brand_Product_Size": "Nivea Q10 Power Mature Day Cream SPF15 50mL",
    "COL Price": 22,
    "COL ppu": "$44.00 per 100mL",
    "COL Size": "50mL"
  },
  {
    "Brand_Product_Size": "Total Care Dog Collar Reflective Large 1 pack",
    "COL Price": 19,
    "COL ppu": "$19.00 per 1Ea",
    "COL Size": "1 pack"
  },
  {
    "Brand_Product_Size": "Sara Lee Joy Vegan Creamy Coconut Key Lime Pie 450g",
    "COL Price": 7,
    "COL ppu": "$1.56 per 100G",
    "COL Size": "450g"
  },
  {
    "Brand_Product_Size": "Coles Kitchen Rich Beef Pie 700g",
    "COL Price": 13.5,
    "COL ppu": "$1.93 per 100G",
    "COL Size": "700g"
  },
  {
    "Brand_Product_Size": "Downy Fabric Softener Garden Bloom 900mL",
    "COL Price": 11,
    "COL ppu": "$12.22 per 1L",
    "COL Size": "900mL"
  },
  {
    "Brand_Product_Size": "Bega Tasty Natural Cheese Slices 30 pack 500g",
    "COL Price": 9,
    "COL ppu": "$18.00 per 1Kg",
    "COL Size": "500g"
  },
  {
    "Brand_Product_Size": "Coles Finest Angus Beef Ragu Ravioli 350g",
    "COL Price": 5,
    "COL ppu": "$1.43 per 100G",
    "COL Size": "350g"
  },
  {
    "Brand_Product_Size": "Dare Double Espresso Flavoured Milk 500mL",
    "COL Price": 2.6,
    "COL ppu": "$5.20 per 1L",
    "COL Size": "500mL"
  },
  {
    "Brand_Product_Size": "Pana Organic Dairy Free Mint Chocolate Chip Ice Cream Tub 475mL",
    "COL Price": 11,
    "COL ppu": "$2.32 per 100mL",
    "COL Size": "475mL"
  },
  {
    "Brand_Product_Size": "icare 3ply 100% Recycled Facial Tissues Aloe Vera Cube 60 pack",
    "COL Price": 2.3,
    "COL ppu": "$0.04 per 1Ea",
    "COL Size": "60 pack"
  },
  {
    "Brand_Product_Size": "Vibe Garlic Chopper each",
    "COL Price": 15,
    "COL ppu": "$15.00 per 1Ea",
    "COL Size": "each"
  },
  {
    "Brand_Product_Size": "Olay Regenerist Micro Sculpting Serum 50mL",
    "COL Price": 53,
    "COL ppu": "$106.00 per 100mL",
    "COL Size": "50mL"
  },
  {
    "Brand_Product_Size": "Nurofen Ibuprofen 200mg Caplets 24 pack",
    "COL Price": 5.9,
    "COL ppu": "$0.25 per 1Ea",
    "COL Size": "24 pack"
  },
  {
    "Brand_Product_Size": "Earth Choice Dishwashing Liquid Concentrate Antibac 500mL",
    "COL Price": 3,
    "COL ppu": "$0.60 per 100mL",
    "COL Size": "500mL"
  },
  {
    "Brand_Product_Size": "Cenovis Guarana + Ginseng Tablets 60 pack",
    "COL Price": 16,
    "COL ppu": "$0.27 per 1Ea",
    "COL Size": "60 pack"
  },
  {
    "Brand_Product_Size": "Coles Easy Close Storage Bags 25 pack",
    "COL Price": 3.15,
    "COL ppu": "$0.13 per 1Ea",
    "COL Size": "25 pack"
  },
  {
    "Brand_Product_Size": "Coles Organic Ginger Prepacked 150g",
    "COL Price": 13,
    "COL ppu": "$86.67 per 1Kg",
    "COL Size": "150g"
  },
  {
    "Brand_Product_Size": "Viva Paper Towel White Select A Size 2 pack",
    "COL Price": 3.5,
    "COL ppu": "$1.75 per 1Ea",
    "COL Size": "2 pack"
  },
  {
    "Brand_Product_Size": "Buderim Ginger Bears 175g",
    "COL Price": 3.95,
    "COL ppu": "$22.57 per 1KG",
    "COL Size": "175g"
  },
  {
    "Brand_Product_Size": "Mai Hong Frozen Spring Roll Pastry Sheets 20 pack 250g",
    "COL Price": 3,
    "COL ppu": "$1.20 per 100G",
    "COL Size": "250g"
  },
  {
    "Brand_Product_Size": "Coles Candle No 7 each",
    "COL Price": 1.5,
    "COL ppu": "$1.50 per 1Ea",
    "COL Size": "each"
  },
  {
    "Brand_Product_Size": "Starbucks Caramel Latte Premium Instant Mixes 5 pack",
    "COL Price": 2.95,
    "COL ppu": "$0.59 per 1Ea",
    "COL Size": "5 pack"
  },
  {
    "Brand_Product_Size": "L'Oreal Preference 1.0 Napoli Hair Colour 1 pack",
    "COL Price": 9.5,
    "COL ppu": "$9.50 per 1Ea",
    "COL Size": "1 pack"
  },
  {
    "Brand_Product_Size": "Coles Vine Ripened Tomatoes Prepacked 500g",
    "COL Price": 3.9,
    "COL ppu": "$7.80 per 1Kg",
    "COL Size": "500g"
  },
  {
    "Brand_Product_Size": "Loacker Dark Tortina Chocolate Biscuit 125g",
    "COL Price": 4,
    "COL ppu": "$3.20 per 100G",
    "COL Size": "125g"
  },
  {
    "Brand_Product_Size": "Modo Timber Cutlery 24pack",
    "COL Price": 3,
    "COL ppu": "$0.13 per 1Ea",
    "COL Size": "24pack"
  },
  {
    "Brand_Product_Size": "Amy's Kitchen Frozen Gluten Free Cheddar Rice & Bean Mexican Burrito 156g",
    "COL Price": 4.9,
    "COL ppu": "$3.14 per 100G",
    "COL Size": "156g"
  },
  {
    "Brand_Product_Size": "Poppin Triple Butter Microwave Popcorn 400g",
    "COL Price": 4,
    "COL ppu": "$1.00 per 100G",
    "COL Size": "400g"
  },
  {
    "Brand_Product_Size": "Nature's Gift Just Natural Gourmet Loaf Style Prime Beef in Gravy Dog Food 100g",
    "COL Price": 1,
    "COL ppu": "$1.00 per 100G",
    "COL Size": "100g"
  },
  {
    "Brand_Product_Size": "Brunnings White Oil 400g",
    "COL Price": 8.8,
    "COL ppu": "$22.00 per 1Kg",
    "COL Size": "400g"
  },
  {
    "Brand_Product_Size": "Aeroplane Lite Port Wine Jelly Crystals 2 pack 18g",
    "COL Price": 2,
    "COL ppu": "$11.11 per 100G",
    "COL Size": "18g"
  },
  {
    "Brand_Product_Size": "Uncle Tobys Yoghurt Muesli Bars Honeycomb 6 Pack 185g",
    "COL Price": 2.15,
    "COL ppu": "$1.16 per 100G",
    "COL Size": "185g"
  },
  {
    "Brand_Product_Size": "Coles Fresh Seafood Pink Ling Fillet approx. 250g",
    "COL Price": 8.5,
    "COL ppu": "$34.00 per 1Kg",
    "COL Size": "approx. 250g"
  },
  {
    "Brand_Product_Size": "Sukin Certified Organic Rose Hip Oil 25mL",
    "COL Price": 27,
    "COL ppu": "$108.00 per 100mL",
    "COL Size": "25mL"
  },
  {
    "Brand_Product_Size": "St Dalfour Orange Marmalade 284g",
    "COL Price": 3,
    "COL ppu": "$1.06 per 100G",
    "COL Size": "284g"
  },
  {
    "Brand_Product_Size": "Cook & Dine Salt & Pepper Grinder each",
    "COL Price": 8,
    "COL ppu": "$8.00 per 1Ea",
    "COL Size": "each"
  },
  {
    "Brand_Product_Size": "Hillmark Scalex Heavy Duty Descaler 375g",
    "COL Price": 13,
    "COL ppu": "$3.47 per 100G",
    "COL Size": "375g"
  },
  {
    "Brand_Product_Size": "Birch & Waite Free Range Creamy Cocktail Seafood Sauce 250mL",
    "COL Price": 4.2,
    "COL ppu": "$1.68 per 100mL",
    "COL Size": "250mL"
  },
  {
    "Brand_Product_Size": "Coles Deli Express Hot Hungarian Sliced Salami 150g",
    "COL Price": 5.5,
    "COL ppu": "$3.67 per 100G",
    "COL Size": "150g"
  },
  {
    "Brand_Product_Size": "Applaws Cat Food Cuisine Selection 8 pack",
    "COL Price": 14,
    "COL ppu": "$1.75 per 1Ea",
    "COL Size": "8 pack"
  },
  {
    "Brand_Product_Size": "Vileda Easy Wring & Clean Refill 1 pack",
    "COL Price": 11.5,
    "COL ppu": "$11.50 per 1Ea",
    "COL Size": "1 pack"
  },
  {
    "Brand_Product_Size": "Dolmio Carbonara Pasta Sauce 490g",
    "COL Price": 1.64,
    "COL ppu": "$0.33 per 100G",
    "COL Size": "490g"
  },
  {
    "Brand_Product_Size": "Schwarzkopf Got2b 2 Sexy Volumizing Hairspray 300mL",
    "COL Price": 7.8,
    "COL ppu": "$2.60 per 100mL",
    "COL Size": "300mL"
  },
  {
    "Brand_Product_Size": "Maynards Bassetts Liquorice Allsorts 190g",
    "COL Price": 5.2,
    "COL ppu": "$2.74 per 100G",
    "COL Size": "190g"
  },
  {
    "Brand_Product_Size": "Tinaderm Powder Spray 100g",
    "COL Price": 10.5,
    "COL ppu": "$10.50 per 100G",
    "COL Size": "100g"
  },
  {
    "Brand_Product_Size": "Selma Prosciutto De San Danielle approx. 1kg",
    "COL Price": 60,
    "COL ppu": "$60.00 per 1Kg",
    "COL Size": "approx. 1kg"
  },
  {
    "Brand_Product_Size": "Nature's Way Kids Smart Vita Gummies Multi-Vitamin 60 pack",
    "COL Price": 14.5,
    "COL ppu": "$0.24 per 1Ea",
    "COL Size": "60 pack"
  },
  {
    "Brand_Product_Size": "Strepsils Plus Blocked Nose Relief 36 pack",
    "COL Price": 15,
    "COL ppu": "$0.42 per 1Ea",
    "COL Size": "36 pack"
  },
  {
    "Brand_Product_Size": "Tommee Tippee Closer To Nature Sippee Bottle 9m+ each",
    "COL Price": 10.05,
    "COL ppu": "$10.05 per 1Ea",
    "COL Size": "each"
  },
  {
    "Brand_Product_Size": "Coles No Added Hormone Beef Roast Topside apprx. 1.3kg",
    "COL Price": 22.1,
    "COL ppu": "$17.00 per 1Kg",
    "COL Size": "apprx. 1.3kg"
  },
  {
    "Brand_Product_Size": "Vaseline Expert Care Hand Expert Care Hand Cream Care & Protect Sanitising 85mL",
    "COL Price": 5.5,
    "COL ppu": "$6.47 per 100mL",
    "COL Size": "85mL"
  },
  {
    "Brand_Product_Size": "Old El Paso Stand 'N Stuff Flour Soft Tortillas 8 Pack 193g",
    "COL Price": 4.45,
    "COL ppu": "$2.31 per 100G",
    "COL Size": "193g"
  },
  {
    "Brand_Product_Size": "King Oscar Skinless & Boneless Mackerel Fillets In Olive Oil 115g",
    "COL Price": 3.3,
    "COL ppu": "$28.70 per 1Kg",
    "COL Size": "115g"
  },
  {
    "Brand_Product_Size": "Black Swan Hommus Dip 200g",
    "COL Price": 3.5,
    "COL ppu": "$1.75 per 100G",
    "COL Size": "200g"
  },
  {
    "Brand_Product_Size": "Cadbury Dairy Milk Chocolate Gift Box 220g",
    "COL Price": 12,
    "COL ppu": "$5.45 per 100G",
    "COL Size": "220g"
  },
  {
    "Brand_Product_Size": "Coles Apple Juice 3L",
    "COL Price": 3.5,
    "COL ppu": "$1.17 per 1L",
    "COL Size": "3L"
  },
  {
    "Brand_Product_Size": "Rana Eggplant & Parmigiana Pasta 325g",
    "COL Price": 7,
    "COL ppu": "$2.15 per 100G",
    "COL Size": "325g"
  },
  {
    "Brand_Product_Size": "Applaws Pate Chicken Meat With Broccoli Peas And Carrots Dog Food 370g",
    "COL Price": 4.5,
    "COL ppu": "$1.22 per 100G",
    "COL Size": "370g"
  },
  {
    "Brand_Product_Size": "Nature's Way Kids Gummies Immunity 60 each",
    "COL Price": 14.5,
    "COL ppu": "$0.24 per 1Ea",
    "COL Size": "60 each"
  },
  {
    "Brand_Product_Size": "John West Protein + Calcium Tuna Thai Red 90g",
    "COL Price": 2,
    "COL ppu": "$22.22 per 1Kg",
    "COL Size": "90g"
  },
  {
    "Brand_Product_Size": "Garnier Fructis Nutri-repair Conditioner 315mL",
    "COL Price": 3.5,
    "COL ppu": "$1.11 per 100mL",
    "COL Size": "315mL"
  },
  {
    "Brand_Product_Size": "Schweppes Raspberry Flavoured Drink 1.1L",
    "COL Price": 2.15,
    "COL ppu": "$1.95 per 1L",
    "COL Size": "1.1L"
  },
  {
    "Brand_Product_Size": "Coles Antiseptic Liquid 250mL",
    "COL Price": 3.65,
    "COL ppu": "$1.46 per 100mL",
    "COL Size": "250mL"
  },
  {
    "Brand_Product_Size": "Deeko Plastic Steak Plates 8 pack",
    "COL Price": 4,
    "COL ppu": "$0.50 per 1Ea",
    "COL Size": "8 pack"
  },
  {
    "Brand_Product_Size": "Pyrex Simply Store Round Container 950mL each",
    "COL Price": 9.1,
    "COL ppu": "$9.10 per 1Ea",
    "COL Size": "each"
  },
  {
    "Brand_Product_Size": "Garlos Beef & Mushroom Pie 200g",
    "COL Price": 4.5,
    "COL ppu": "$2.25 per 100G",
    "COL Size": "200g"
  },
  {
    "Brand_Product_Size": "Coles Ultra Wet Floor Wipes Green Apple 24 pack",
    "COL Price": 6,
    "COL ppu": "$25.00 per 100Ea",
    "COL Size": "24 pack"
  },
  {
    "Brand_Product_Size": "Gillette Skin Guard Blades Refill Value Pack 8 pack",
    "COL Price": 49,
    "COL ppu": "$6.13 per 1Ea",
    "COL Size": "8 pack"
  },
  {
    "Brand_Product_Size": "Coles Edam Cheese Slices 200g",
    "COL Price": 3.7,
    "COL ppu": "$18.50 per 1Kg",
    "COL Size": "200g"
  },
  {
    "Brand_Product_Size": "MasterFoods Dijon Mustard 170g",
    "COL Price": 2.5,
    "COL ppu": "$1.47 per 100G",
    "COL Size": "170g"
  },
  {
    "Brand_Product_Size": "Coles Mocha Coffee Sachets 10 Pack 180g",
    "COL Price": 3.25,
    "COL ppu": "$1.81 per 100G",
    "COL Size": "180g"
  },
  {
    "Brand_Product_Size": "Mrs H S Balls Peach Chutney 470g",
    "COL Price": 5,
    "COL ppu": "$1.06 per 100G",
    "COL Size": "470g"
  },
  {
    "Brand_Product_Size": "Pringles Sichuan Spicy Chicken Potato Chips 134g",
    "COL Price": 2,
    "COL ppu": "$1.49 per 100G",
    "COL Size": "134g"
  },
  {
    "Brand_Product_Size": "Palmolive Anti-Bacterial 2 Hour Defence Hand Wash 250mL",
    "COL Price": 2.8,
    "COL ppu": "$1.12 per 100mL",
    "COL Size": "250mL"
  },
  {
    "Brand_Product_Size": "Coles Bakery Chocolate Cream Filled Profiteroles 12 pack",
    "COL Price": 4.5,
    "COL ppu": "$0.38 per 1Ea",
    "COL Size": "12 pack"
  },
  {
    "Brand_Product_Size": "Grants Of Australia Bamboo With Charcoal packet",
    "COL Price": 4,
    "COL ppu": "$4.00 per 1Ea",
    "COL Size": "packet"
  },
  {
    "Brand_Product_Size": "Marzena Sensitive Hair Remover Lotion 170g",
    "COL Price": 8.5,
    "COL ppu": "$5.00 per 100G",
    "COL Size": "170g"
  },
  {
    "Brand_Product_Size": "Coles Black Beans 420g",
    "COL Price": 0.8,
    "COL ppu": "$0.19 per 100G",
    "COL Size": "420g"
  },
  {
    "Brand_Product_Size": "Coles I'm Perfect Pears Prepacked 2kg",
    "COL Price": 4.9,
    "COL ppu": "$2.45 per 1Kg",
    "COL Size": "2kg"
  },
  {
    "Brand_Product_Size": "Drovers Choice Beef Blade Steak approx. 1kg",
    "COL Price": 15,
    "COL ppu": "$15.00 per 1Kg",
    "COL Size": "approx. 1kg"
  },
  {
    "Brand_Product_Size": "Monster Ultra Paradise Energy Drink Can 500mL",
    "COL Price": 3.6,
    "COL ppu": "$7.20 per 1L",
    "COL Size": "500mL"
  },
  {
    "Brand_Product_Size": "Schweppes Tonic Water Mixers 1.1L",
    "COL Price": 2.15,
    "COL ppu": "$1.95 per 1L",
    "COL Size": "1.1L"
  },
  {
    "Brand_Product_Size": "Velvet Pure Soap 4 pack",
    "COL Price": 3.4,
    "COL ppu": "$0.85 per 1Ea",
    "COL Size": "4 pack"
  },
  {
    "Brand_Product_Size": "Coles Almond Kernels 150g",
    "COL Price": 3.15,
    "COL ppu": "$21.00 per 1Kg",
    "COL Size": "150g"
  },
  {
    "Brand_Product_Size": "Coles Orange Candy Melon each",
    "COL Price": 3.5,
    "COL ppu": "$3.50 per 1Ea",
    "COL Size": "each"
  },
  {
    "Brand_Product_Size": "U By Kotex Cotton Ultrathin Super 10 pack",
    "COL Price": 4.9,
    "COL ppu": "$0.49 per 1Ea",
    "COL Size": "10 pack"
  },
  {
    "Brand_Product_Size": "Clara Ultra Thin Liners 48 pack",
    "COL Price": 2.5,
    "COL ppu": "$0.05 per 1Ea",
    "COL Size": "48 pack"
  },
  {
    "Brand_Product_Size": "Palmolive Naturals Cherry Blossom Body Wash 90mL",
    "COL Price": 2,
    "COL ppu": "$2.22 per 100mL",
    "COL Size": "90mL"
  },
  {
    "Brand_Product_Size": "Coles Kitchen  Beef Vegetable And Barley Soup 300g",
    "COL Price": 3,
    "COL ppu": "$1.00 per 100G",
    "COL Size": "300g"
  },
  {
    "Brand_Product_Size": "Vittoria Oro Blend Capsules 10 pack",
    "COL Price": 7,
    "COL ppu": "$0.70 per 1Ea",
    "COL Size": "10 pack"
  },
  {
    "Brand_Product_Size": "Three Threes Australian Beetroot & Red Onion Relish 250g",
    "COL Price": 3.24,
    "COL ppu": "$1.30 per 100G",
    "COL Size": "250g"
  },
  {
    "Brand_Product_Size": "Coles Lactose Free Lite Milk 1L",
    "COL Price": 2.15,
    "COL ppu": "$2.15 per 1L",
    "COL Size": "1L"
  },
  {
    "Brand_Product_Size": "Mainland Organic Salted Butter 250g",
    "COL Price": 5,
    "COL ppu": "$2.00 per 100G",
    "COL Size": "250g"
  },
  {
    "Brand_Product_Size": "Two Good Yoghurt Mango 150g",
    "COL Price": 2.5,
    "COL ppu": "$1.67 per 100G",
    "COL Size": "150g"
  },
  {
    "Brand_Product_Size": "Cadbury Old Gold 70% Cocoa Dark Chocolate Block 180g",
    "COL Price": 3.5,
    "COL ppu": "$1.94 per 100G",
    "COL Size": "180g"
  },
  {
    "Brand_Product_Size": "Nurofen Quickzorb Quick Pain Relief Caplets 200mg Ibuprofen 12 pack",
    "COL Price": 5,
    "COL ppu": "$0.42 per 1Ea",
    "COL Size": "12 pack"
  },
  {
    "Brand_Product_Size": "Coles Kitchen Spinach & Ricotta Cannelloni 350g",
    "COL Price": 6.5,
    "COL ppu": "$1.86 per 100G",
    "COL Size": "350g"
  },
  {
    "Brand_Product_Size": "Vegie Delights Frozen Smokey BBQ Burgers 300g",
    "COL Price": 6,
    "COL ppu": "$2.00 per 100G",
    "COL Size": "300g"
  },
  {
    "Brand_Product_Size": "Republica Organic Medium Roast Decaffeinated Coffee 100g",
    "COL Price": 9.5,
    "COL ppu": "$9.50 per 100G",
    "COL Size": "100g"
  },
  {
    "Brand_Product_Size": "Coles Tomatoes Whole Peeled Canned 400g",
    "COL Price": 0.7,
    "COL ppu": "$1.75 per 1Kg",
    "COL Size": "400g"
  },
  {
    "Brand_Product_Size": "McCain Rosemary & Garlic Sweet Potato 750g",
    "COL Price": 5.5,
    "COL ppu": "$7.33 per 1Kg",
    "COL Size": "750g"
  },
  {
    "Brand_Product_Size": "Arnott's Mini Milk Arrowroot Letters Biscuits 8 pack 168g",
    "COL Price": 3,
    "COL ppu": "$1.79 per 100G",
    "COL Size": "168g"
  },
  {
    "Brand_Product_Size": "Tom Piper Sausages & Vegetables 400g",
    "COL Price": 3,
    "COL ppu": "$0.75 per 100G",
    "COL Size": "400g"
  },
  {
    "Brand_Product_Size": "Lemnos Cyprus Style Cheese Haloumi 180g",
    "COL Price": 6,
    "COL ppu": "$33.34 per 1Kg",
    "COL Size": "180g"
  },
  {
    "Brand_Product_Size": "Cold Power Triple Capsules Regular 18 pack",
    "COL Price": 9,
    "COL ppu": "$0.50 per 1Ea",
    "COL Size": "18 pack"
  },
  {
    "Brand_Product_Size": "Haagen-Dazs Mango & Raspberry Ice Cream Tub 457mL",
    "COL Price": 7,
    "COL ppu": "$1.53 per 100mL",
    "COL Size": "457mL"
  },
  {
    "Brand_Product_Size": "Palmolive Gold Soap 4 pack",
    "COL Price": 2.85,
    "COL ppu": "$0.79 per 100G",
    "COL Size": "4 pack"
  },
  {
    "Brand_Product_Size": "Good Day Pista & Almond Biscuits 231g",
    "COL Price": 2.75,
    "COL ppu": "$1.19 per 100G",
    "COL Size": "231g"
  },
  {
    "Brand_Product_Size": "Madame Flavour Caffeine Free Lemongrass Lime & Ginger Tisane Tea Bags 18 pack 36g",
    "COL Price": 5.96,
    "COL ppu": "$16.56 per 1G",
    "COL Size": "36g"
  },
  {
    "Brand_Product_Size": "Perfect Italiano Smooth Ricotta Cheese Tub 250g",
    "COL Price": 3.6,
    "COL ppu": "$14.40 per 1Kg",
    "COL Size": "250g"
  },
  {
    "Brand_Product_Size": "Wattle Valley Chunky Fresh Basil With Cashews & Parmesan Dip 150g",
    "COL Price": 4.6,
    "COL ppu": "$3.07 per 100G",
    "COL Size": "150g"
  },
  {
    "Brand_Product_Size": "Leggo's Organic Tomato And Veggies Pasta Sauce 500g",
    "COL Price": 4.2,
    "COL ppu": "$0.84 per 100G",
    "COL Size": "500g"
  },
  {
    "Brand_Product_Size": "Cook & Dine Paper Snack Plates 50 pack",
    "COL Price": 3.15,
    "COL ppu": "$0.06 per 1Ea",
    "COL Size": "50 pack"
  },
  {
    "Brand_Product_Size": "Five:Am Organic Salted Caramel Yoghurt 170g",
    "COL Price": 2.6,
    "COL ppu": "$1.53 per 100G",
    "COL Size": "170g"
  },
  {
    "Brand_Product_Size": "Australia's Own Barista Organic Almond Milk 1L",
    "COL Price": 3.6,
    "COL ppu": "$3.60 per 1L",
    "COL Size": "1L"
  },
  {
    "Brand_Product_Size": "Betty Crocker Chocolate & Hazelnut Frosting 400g",
    "COL Price": 4,
    "COL ppu": "$1.00 per 100G",
    "COL Size": "400g"
  },
  {
    "Brand_Product_Size": "Pepsi Cola Soft Drink 375mL 24 pack",
    "COL Price": 24.55,
    "COL ppu": "$2.73 per 1L",
    "COL Size": "24 pack"
  },
  {
    "Brand_Product_Size": "Dolmio Slow Cooker Sauce Tuscan Style Meatballs 500g",
    "COL Price": 3.7,
    "COL ppu": "$0.74 per 100G",
    "COL Size": "500g"
  },
  {
    "Brand_Product_Size": "Kellogg's Rice Bubbles Puffed Rice Breakfast Cereal 410g",
    "COL Price": 5.3,
    "COL ppu": "$1.29 per 100G",
    "COL Size": "410g"
  },
  {
    "Brand_Product_Size": "Mars Maltesers Box 400g",
    "COL Price": 12,
    "COL ppu": "$3.00 per 100G",
    "COL Size": "400g"
  },
  {
    "Brand_Product_Size": "Soyco Tofu Japanese Teriyaki 200g",
    "COL Price": 4.7,
    "COL ppu": "$2.35 per 100G",
    "COL Size": "200g"
  },
  {
    "Brand_Product_Size": "Whiskas Favourites Mixed Variant In Jelly Kitten Cat Food 15 pack",
    "COL Price": 10,
    "COL ppu": "$0.78 per 100G",
    "COL Size": "15 pack"
  },
  {
    "Brand_Product_Size": "Cetaphil Gentle Skin Cleanser 250mL",
    "COL Price": 10.5,
    "COL ppu": "$4.20 per 100mL",
    "COL Size": "250mL"
  },
  {
    "Brand_Product_Size": "Coles Whole Fennel Seeds 36g",
    "COL Price": 2.9,
    "COL ppu": "$0.81 per 10G",
    "COL Size": "36g"
  },
  {
    "Brand_Product_Size": "Coles Sugar Donuts 12 pack",
    "COL Price": 3,
    "COL ppu": "$0.25 per 1Ea",
    "COL Size": "12 pack"
  },
  {
    "Brand_Product_Size": "Mother Earth Raspberry & White Chocolate Baked Oaty Slice 240g",
    "COL Price": 3,
    "COL ppu": "$1.25 per 100G",
    "COL Size": "240g"
  },
  {
    "Brand_Product_Size": "John Frieda Detox & Repair Conditioner 250mL",
    "COL Price": 18,
    "COL ppu": "$7.20 per 100mL",
    "COL Size": "250mL"
  },
  {
    "Brand_Product_Size": "Pascall Choc Marshmallow Bites Raspberry Lollies 160g",
    "COL Price": 4,
    "COL ppu": "$2.50 per 100G",
    "COL Size": "160g"
  },
  {
    "Brand_Product_Size": "L'Oreal Casting Creme Gloss Amber Hair Colour each",
    "COL Price": 12.8,
    "COL ppu": "$12.80 per 1Ea",
    "COL Size": "each"
  },
  {
    "Brand_Product_Size": "Nature's Way Super Foods Raw Organic Cacao Powder 125g",
    "COL Price": 8,
    "COL ppu": "$6.40 per 100G",
    "COL Size": "125g"
  },
  {
    "Brand_Product_Size": "Dine Cuts In Gravy With Turkey Wet Cat Food 85g Tray 7 pack",
    "COL Price": 7.5,
    "COL ppu": "$1.26 per 100G",
    "COL Size": "7 pack"
  },
  {
    "Brand_Product_Size": "The Natural Cracker Co Crackers Roast Chicken 160g",
    "COL Price": 1.75,
    "COL ppu": "$1.09 per 100G",
    "COL Size": "160g"
  },
  {
    "Brand_Product_Size": "Coles Zucchini Flower 6 pack",
    "COL Price": 15,
    "COL ppu": "$2.50 per 1Ea",
    "COL Size": "6 pack"
  },
  {
    "Brand_Product_Size": "Ajax Spray N Wipe Lemon Citrus 5 in 1 Multi Purpose Cleaner Refill Pack 750mL",
    "COL Price": 3.5,
    "COL ppu": "$0.47 per 100mL",
    "COL Size": "750mL"
  },
  {
    "Brand_Product_Size": "Waxworks Mozzie Repellent Tribal Print Tin Candle each",
    "COL Price": 10,
    "COL ppu": "$10.00 per 1Ea",
    "COL Size": "each"
  },
  {
    "Brand_Product_Size": "Panadol Extra Paracetamol 500mg Caplets 20 pack",
    "COL Price": 7.2,
    "COL ppu": "$0.36 per 1Ea",
    "COL Size": "20 pack"
  },
  {
    "Brand_Product_Size": "Mae Ploy Green Curry Paste 50g",
    "COL Price": 1.2,
    "COL ppu": "$2.40 per 100G",
    "COL Size": "50g"
  },
  {
    "Brand_Product_Size": "Scunci Active No Damage Reflective Elastics 32 pack",
    "COL Price": 7,
    "COL ppu": "$7.00 per 32Ea",
    "COL Size": "32 pack"
  },
  {
    "Brand_Product_Size": "Coles After Sun Aloe Vera Gel 200mL",
    "COL Price": 4,
    "COL ppu": "$2.00 per 100mL",
    "COL Size": "200mL"
  },
  {
    "Brand_Product_Size": "Podravka Beef Goulash 300g",
    "COL Price": 4,
    "COL ppu": "$1.33 per 100G",
    "COL Size": "300g"
  },
  {
    "Brand_Product_Size": "Bull's-Eye Original BBQ Sauce 300mL",
    "COL Price": 3,
    "COL ppu": "$1.00 per 100mL",
    "COL Size": "300mL"
  },
  {
    "Brand_Product_Size": "Libra Extra Regular Pads 14 pack",
    "COL Price": 2.94,
    "COL ppu": "$0.21 per 1Ea",
    "COL Size": "14 pack"
  },
  {
    "Brand_Product_Size": "Pureharvest Organic Apple & Pear Juice Bottle 1L",
    "COL Price": 4,
    "COL ppu": "$4.00 per 1L",
    "COL Size": "1L"
  },
  {
    "Brand_Product_Size": "MasterFoods Corn Relish 250g",
    "COL Price": 3.5,
    "COL ppu": "$1.40 per 100G",
    "COL Size": "250g"
  },
  {
    "Brand_Product_Size": "Cottee's Fruit Cup Cordial 1L",
    "COL Price": 4.2,
    "COL ppu": "$4.20 per 1L",
    "COL Size": "1L"
  },
  {
    "Brand_Product_Size": "Coles Ultra Facial Sunscreen SPF50+ 50mL",
    "COL Price": 6,
    "COL ppu": "$12.00 per 100mL",
    "COL Size": "50mL"
  },
  {
    "Brand_Product_Size": "Avengers Stop-n-go Soft Turbo Battery Brush 1 pack",
    "COL Price": 11,
    "COL ppu": "$11.00 per 1Ea",
    "COL Size": "1 pack"
  },
  {
    "Brand_Product_Size": "Scholl Callus Removal Pads 4 pack",
    "COL Price": 11,
    "COL ppu": "$2.75 per 1Ea",
    "COL Size": "4 pack"
  },
  {
    "Brand_Product_Size": "Kooka's Chocolate Jam Cookies 500g",
    "COL Price": 4.2,
    "COL ppu": "$0.84 per 100G",
    "COL Size": "500g"
  },
  {
    "Brand_Product_Size": "Coles Raspberry Flavoured Drink 1.25L",
    "COL Price": 1,
    "COL ppu": "$0.80 per 1L",
    "COL Size": "1.25L"
  },
  {
    "Brand_Product_Size": "Nature's Way Kids Smart Vita Gummies Vitamin C 60 pack",
    "COL Price": 14.5,
    "COL ppu": "$0.24 per 1Ea",
    "COL Size": "60 pack"
  },
  {
    "Brand_Product_Size": "Coles Antibacterial Hand Wash Sensitive 1L",
    "COL Price": 3,
    "COL ppu": "$0.30 per 100mL",
    "COL Size": "1L"
  },
  {
    "Brand_Product_Size": "Purr Beef Cat Food 400g 3 pack",
    "COL Price": 3.5,
    "COL ppu": "$2.92 per 1Kg",
    "COL Size": "3 pack"
  },
  {
    "Brand_Product_Size": "Red Tractor Wheat Free Omega 3 Oats 500g",
    "COL Price": 8.5,
    "COL ppu": "$1.70 per 100G",
    "COL Size": "500g"
  },
  {
    "Brand_Product_Size": "Continental Naturally Tasty Spaghetti Bolognese 43g",
    "COL Price": 2.4,
    "COL ppu": "$5.58 per 100G",
    "COL Size": "43g"
  },
  {
    "Brand_Product_Size": "Coles Beef BBQ Burgers 10 pack 1kg",
    "COL Price": 10,
    "COL ppu": "$10.00 per 1Kg",
    "COL Size": "1kg"
  },
  {
    "Brand_Product_Size": "Wellness Road Stabilised Wheatgerm 375g",
    "COL Price": 3,
    "COL ppu": "$0.80 per 100G",
    "COL Size": "375g"
  },
  {
    "Brand_Product_Size": "Uncle Tobys Roll Ups Rainbow Fruit Salad 6 Pack 94g",
    "COL Price": 2,
    "COL ppu": "$2.13 per 100G",
    "COL Size": "94g"
  },
  {
    "Brand_Product_Size": "Revlon Ultimate All-In-One Waterproof Mascara Blackest Black 8.5mL",
    "COL Price": 24,
    "COL ppu": "$28.24 per 10mL",
    "COL Size": "8.5mL"
  },
  {
    "Brand_Product_Size": "Freedom Foods Messy Monkeys Gluten Free Berry Shake Flavour Cereal 240g",
    "COL Price": 4,
    "COL ppu": "$1.67 per 100G",
    "COL Size": "240g"
  },
  {
    "Brand_Product_Size": "Cheetos Puffs 80g",
    "COL Price": 1.5,
    "COL ppu": "$1.88 per 100G",
    "COL Size": "80g"
  },
  {
    "Brand_Product_Size": "Keep It Cleaner Nut Butter Filled Balls Salted Caramel & Peanut Butter Filling 40g",
    "COL Price": 3.5,
    "COL ppu": "$8.75 per 100G",
    "COL Size": "40g"
  },
  {
    "Brand_Product_Size": "Coles I'M Free From Lemon & White Chocolate Cookies 160g",
    "COL Price": 3,
    "COL ppu": "$1.88 per 100G",
    "COL Size": "160g"
  },
  {
    "Brand_Product_Size": "Coles Cauliflower Medium each",
    "COL Price": 2.5,
    "COL ppu": "$2.50 per 1Ea",
    "COL Size": "each"
  },
  {
    "Brand_Product_Size": "Atkins Enduldge Caramel Nut Chew Bar 34g",
    "COL Price": 3,
    "COL ppu": "$8.82 per 100G",
    "COL Size": "34g"
  },
  {
    "Brand_Product_Size": "South Cape Mellow & Creamy Gouda Cheese Wedge 200g",
    "COL Price": 4.7,
    "COL ppu": "$23.50 per 1Kg",
    "COL Size": "200g"
  },
  {
    "Brand_Product_Size": "Coles Salad Snack Tubs Potato Egg & Bacon Salad Salad each",
    "COL Price": 3,
    "COL ppu": "$3.00 per 1Ea",
    "COL Size": "each"
  },
  {
    "Brand_Product_Size": "Kleenex Anti-Bacterial Wet Wipes Facial Tissue 15 pack",
    "COL Price": 2.2,
    "COL ppu": "$0.15 per 1Ea",
    "COL Size": "15 pack"
  },
  {
    "Brand_Product_Size": "Coles Smoked Paprika 39g",
    "COL Price": 2.5,
    "COL ppu": "$0.64 per 10G",
    "COL Size": "39g"
  },
  {
    "Brand_Product_Size": "Dairy Farmers Shape No Fat High Calcium Milk 2L",
    "COL Price": 5.2,
    "COL ppu": "$2.60 per 1L",
    "COL Size": "2L"
  },
  {
    "Brand_Product_Size": "Clearblue Advanced Digital Ovulation Test 10 pack",
    "COL Price": 50,
    "COL ppu": "$5.00 per 1Ea",
    "COL Size": "10 pack"
  },
  {
    "Brand_Product_Size": "Star Foods Rolada Fig Walnut 150g",
    "COL Price": 10,
    "COL ppu": "$6.67 per 100G",
    "COL Size": "150g"
  },
  {
    "Brand_Product_Size": "Coles Frozen Crumbed Herb & Garlic White Fish Fillets 6 pack 425g",
    "COL Price": 4.6,
    "COL ppu": "$10.82 per 1Kg",
    "COL Size": "425g"
  },
  {
    "Brand_Product_Size": "Al ameed Turkish Coffee With Cardamom Medium 250g",
    "COL Price": 8,
    "COL ppu": "$3.20 per 100G",
    "COL Size": "250g"
  },
  {
    "Brand_Product_Size": "Sakata Teriyaki Rice Puffs Crackers 72g",
    "COL Price": 3,
    "COL ppu": "$4.17 per 100G",
    "COL Size": "72g"
  },
  {
    "Brand_Product_Size": "Always Fresh Rustic Ciabatta Crackers Garlic & Chilli 100g",
    "COL Price": 3.45,
    "COL ppu": "$3.45 per 100G",
    "COL Size": "100g"
  },
  {
    "Brand_Product_Size": "Coles Balsamic Glaze 215mL",
    "COL Price": 6,
    "COL ppu": "$2.79 per 100mL",
    "COL Size": "215mL"
  },
  {
    "Brand_Product_Size": "MasterFoods Shaker Fries Seasoning Mexican BBQ Flavour 185g",
    "COL Price": 4,
    "COL ppu": "$2.16 per 100G",
    "COL Size": "185g"
  },
  {
    "Brand_Product_Size": "Sukin Brightening Jelly Exfoliator Tube 125mL",
    "COL Price": 15,
    "COL ppu": "$12.00 per 100mL",
    "COL Size": "125mL"
  },
  {
    "Brand_Product_Size": "Devondale Shredded Cheese Blend 750g",
    "COL Price": 10,
    "COL ppu": "$1.33 per 100G",
    "COL Size": "750g"
  },
  {
    "Brand_Product_Size": "Five:AM Organic Honey & Cinnamon Yoghurt 700g",
    "COL Price": 6,
    "COL ppu": "$0.86 per 100G",
    "COL Size": "700g"
  },
  {
    "Brand_Product_Size": "Philadelphia Lactose Free Cheese Block 250g",
    "COL Price": 4.7,
    "COL ppu": "$18.80 per 1Kg",
    "COL Size": "250g"
  },
  {
    "Brand_Product_Size": "Cadbury Fry's Turkish Delight Chocolate 2 pack",
    "COL Price": 2.5,
    "COL ppu": "$3.29 per 100G",
    "COL Size": "2 pack"
  },
  {
    "Brand_Product_Size": "Coles Advance AA Battery 10 pack",
    "COL Price": 5,
    "COL ppu": "$0.50 per 1Ea",
    "COL Size": "10 pack"
  },
  {
    "Brand_Product_Size": "Coles Assure Pads Super 14 pack",
    "COL Price": 3.25,
    "COL ppu": "$0.23 per 1Ea",
    "COL Size": "14 pack"
  },
  {
    "Brand_Product_Size": "Hershey's Caramel Flavour Syrup 623g",
    "COL Price": 4,
    "COL ppu": "$0.64 per 100G",
    "COL Size": "623g"
  },
  {
    "Brand_Product_Size": "Childs Farm Bubble Bath Organic Tangerine 250mL",
    "COL Price": 8,
    "COL ppu": "$3.20 per 100mL",
    "COL Size": "250mL"
  },
  {
    "Brand_Product_Size": "Fantastic Chicken Noodle Cup 70g",
    "COL Price": 1.6,
    "COL ppu": "$2.29 per 100G",
    "COL Size": "70g"
  },
  {
    "Brand_Product_Size": "Morning Fresh Ultra Concentrate AntibacterialLemon Dishwashing Liquid 650mL",
    "COL Price": 5,
    "COL ppu": "$0.77 per 100mL",
    "COL Size": "650mL"
  },
  {
    "Brand_Product_Size": "Vegeta Chicken Casserole With Spring Vegetables 400g",
    "COL Price": 4,
    "COL ppu": "$1.00 per 100G",
    "COL Size": "400g"
  },
  {
    "Brand_Product_Size": "Cadbury Neapolitan Drinking Chocolate 250g",
    "COL Price": 3,
    "COL ppu": "$1.20 per 100G",
    "COL Size": "250g"
  },
  {
    "Brand_Product_Size": "Coles Finest Italian Grissini With Black Olive 200g",
    "COL Price": 8,
    "COL ppu": "$4.00 per 100G",
    "COL Size": "200g"
  },
  {
    "Brand_Product_Size": "David Beckham Instinct Sport Deodorant Spray 150mL",
    "COL Price": 8,
    "COL ppu": "$5.33 per 100mL",
    "COL Size": "150mL"
  },
  {
    "Brand_Product_Size": "Latina Fresh Creamy Sundried Tomato Pasta Sauce 425g",
    "COL Price": 6,
    "COL ppu": "$1.41 per 100G",
    "COL Size": "425g"
  },
  {
    "Brand_Product_Size": "Nice & Natural Mixed Berry Roasted Nut Bars 6 pack 192g",
    "COL Price": 4,
    "COL ppu": "$2.08 per 100G",
    "COL Size": "192g"
  },
  {
    "Brand_Product_Size": "Back To Basics Veggie Crackers Capsicum & Sweet Potato 45g",
    "COL Price": 2.8,
    "COL ppu": "$6.22 per 100G",
    "COL Size": "45g"
  },
  {
    "Brand_Product_Size": "McCain Frozen Superfries Crinkle Cut Potato Chips 900g",
    "COL Price": 3,
    "COL ppu": "$3.33 per 1Kg",
    "COL Size": "900g"
  },
  {
    "Brand_Product_Size": "Advil Capsules Liquid Ibuprofen 20 pack",
    "COL Price": 5,
    "COL ppu": "$0.25 per 1Ea",
    "COL Size": "20 pack"
  },
  {
    "Brand_Product_Size": "John West Lime Ginger & A Hint Of Chilli In Oil Deli Tuna 90g",
    "COL Price": 2.7,
    "COL ppu": "$30.00 per 1Kg",
    "COL Size": "90g"
  },
  {
    "Brand_Product_Size": "Coles Beef Chevaps 400g",
    "COL Price": 6.5,
    "COL ppu": "$16.25 per 1Kg",
    "COL Size": "400g"
  },
  {
    "Brand_Product_Size": "Coles Gold Kiwifruit Prepacked 8 pack",
    "COL Price": 6.9,
    "COL ppu": "$0.86 per 1Ea",
    "COL Size": "8 pack"
  },
  {
    "Brand_Product_Size": "Sunrice Aromatic Basmati Rice 1kg",
    "COL Price": 4.6,
    "COL ppu": "$0.46 per 100G",
    "COL Size": "1kg"
  },
  {
    "Brand_Product_Size": "Steggles Nacho Chicken Cheddar Cheese 350g",
    "COL Price": 6,
    "COL ppu": "$17.14 per 1Kg",
    "COL Size": "350g"
  },
  {
    "Brand_Product_Size": "Dine Perfect Portions  Cuts In Gravy With Classic Tuna Wet Cat Food Tray 2 Pack 75g",
    "COL Price": 1.75,
    "COL ppu": "$2.33 per 100G",
    "COL Size": "75g"
  },
  {
    "Brand_Product_Size": "Clara Ultra Thin Pads Super With Wings 12 pack",
    "COL Price": 3,
    "COL ppu": "",
    "COL Size": "12 pack"
  },
  {
    "Brand_Product_Size": "Coles Smooth Peanut Butter 500g",
    "COL Price": 3.5,
    "COL ppu": "$0.70 per 100G",
    "COL Size": "500g"
  },
  {
    "Brand_Product_Size": "MTR Dal Makhani Mild 300g",
    "COL Price": 2.75,
    "COL ppu": "$0.92 per 100G",
    "COL Size": "300g"
  },
  {
    "Brand_Product_Size": "Old El Paso Regular Tortillas Burrito 10 pack 400g",
    "COL Price": 4.3,
    "COL ppu": "$1.08 per 100G",
    "COL Size": "400g"
  },
  {
    "Brand_Product_Size": "A2 Full Cream Milk 1L",
    "COL Price": 3.2,
    "COL ppu": "$3.20 per 1L",
    "COL Size": "1L"
  },
  {
    "Brand_Product_Size": "Modo Ecoliving A5 Stitched Notebook 2 pack",
    "COL Price": 4,
    "COL ppu": "$2.00 per 1Ea",
    "COL Size": "2 pack"
  },
  {
    "Brand_Product_Size": "Dine Tuna & Prawn Flavour Creamy Treats Cat Food 12g 4 pack",
    "COL Price": 3,
    "COL ppu": "$6.25 per 100G",
    "COL Size": "4 pack"
  },
  {
    "Brand_Product_Size": "Caredent Paw Patrol Toothbrush 1 pack",
    "COL Price": 4,
    "COL ppu": "$4.00 per 1Ea",
    "COL Size": "1 pack"
  },
  {
    "Brand_Product_Size": "Carman's Oat Slice Belgian Chocolate 70g",
    "COL Price": 3.5,
    "COL ppu": "$5.00 per 100G",
    "COL Size": "70g"
  },
  {
    "Brand_Product_Size": "Coles Honey & Mustard Salad Dressing 250mL",
    "COL Price": 4,
    "COL ppu": "$1.60 per 100mL",
    "COL Size": "250mL"
  },
  {
    "Brand_Product_Size": "Mix Curve Silky Sheer Natural Size 1 1 pack",
    "COL Price": 4,
    "COL ppu": "$4.00 per 1Ea",
    "COL Size": "1 pack"
  },
  {
    "Brand_Product_Size": "Arnott's Gaiety Chocolate Biscuits 160g",
    "COL Price": 4,
    "COL ppu": "$2.50 per 100G",
    "COL Size": "160g"
  },
  {
    "Brand_Product_Size": "Sun Swallow Chrysanthemum Flower 50g",
    "COL Price": 3.6,
    "COL ppu": "$7.20 per 100G",
    "COL Size": "50g"
  },
  {
    "Brand_Product_Size": "Artisan Muscatels On Vine 100g",
    "COL Price": 9,
    "COL ppu": "$90.00 per 1Kg",
    "COL Size": "100g"
  },
  {
    "Brand_Product_Size": "Leggo's Creamy Sundried Tomato & Garlic Pasta Bake Sauce 500g",
    "COL Price": 3,
    "COL ppu": "$0.60 per 100G",
    "COL Size": "500g"
  },
  {
    "Brand_Product_Size": "Coles Deli Salads Tub Snack Classic Potato each",
    "COL Price": 2,
    "COL ppu": "$2.00 per 1Ea",
    "COL Size": "each"
  },
  {
    "Brand_Product_Size": "Arnott's Rye Cruskits 125g",
    "COL Price": 3.5,
    "COL ppu": "$2.80 per 100G",
    "COL Size": "125g"
  },
  {
    "Brand_Product_Size": "Thins Light & Tangy Potato Chips 175g",
    "COL Price": 3.5,
    "COL ppu": "$2.00 per 100G",
    "COL Size": "175g"
  },
  {
    "Brand_Product_Size": "Nivea Daily Essentials Toner Refreshing 200mL",
    "COL Price": 11,
    "COL ppu": "$5.50 per 100mL",
    "COL Size": "200mL"
  },
  {
    "Brand_Product_Size": "Devondale Semi Skim Long Life Milk 1L",
    "COL Price": 1.45,
    "COL ppu": "$1.45 per 1L",
    "COL Size": "1L"
  },
  {
    "Brand_Product_Size": "Hanabi Mukimake Shelled Soybeans 400g",
    "COL Price": 3.2,
    "COL ppu": "$8.00 per 1Kg",
    "COL Size": "400g"
  },
  {
    "Brand_Product_Size": "On The Menu Penne Arrabbiata Pasta 400g",
    "COL Price": 4.5,
    "COL ppu": "$1.13 per 100G",
    "COL Size": "400g"
  },
  {
    "Brand_Product_Size": "Codral Lozenges Lime & Lemon 16 pack",
    "COL Price": 7.49,
    "COL ppu": "$0.47 per 1Ea",
    "COL Size": "16 pack"
  },
  {
    "Brand_Product_Size": "Weight Watchers Frozen Chicken & Mushroom Fettuccine 300g",
    "COL Price": 4,
    "COL ppu": "$1.33 per 100G",
    "COL Size": "300g"
  },
  {
    "Brand_Product_Size": "Jordans Simply Crunchy Oat Granola 750g",
    "COL Price": 3.5,
    "COL ppu": "$0.47 per 100G",
    "COL Size": "750g"
  },
  {
    "Brand_Product_Size": "4 legs Gourmet Recipe Dog Food With Angus Beef Sweet Potato & Green Beans Meatballs 200g",
    "COL Price": 1.5,
    "COL ppu": "$0.75 per 100G",
    "COL Size": "200g"
  },
  {
    "Brand_Product_Size": "Coles Pastel Balloons 20 pack",
    "COL Price": 3,
    "COL ppu": "$0.15 per 1Ea",
    "COL Size": "20 pack"
  },
  {
    "Brand_Product_Size": "Coles Tandoori Filo Rolls 216g",
    "COL Price": 2.5,
    "COL ppu": "$1.16 per 100G",
    "COL Size": "216g"
  },
  {
    "Brand_Product_Size": "Red Rock Deli Balsamic Beetroot Fetta & Cashews Dip 150g",
    "COL Price": 3.5,
    "COL ppu": "$2.33 per 100G",
    "COL Size": "150g"
  },
  {
    "Brand_Product_Size": "Whisper Heavy Flow & Overnight Pads with Wings 8 pack",
    "COL Price": 2.32,
    "COL ppu": "$2.32 per 1Ea",
    "COL Size": "8 pack"
  },
  {
    "Brand_Product_Size": "Coles Micro Greens Red Shiso each",
    "COL Price": 3,
    "COL ppu": "$3.00 per 1Ea",
    "COL Size": "each"
  },
  {
    "Brand_Product_Size": "Herbert Adams Frozen Gourmet Chunky Sous Vide Beef & Peppercorn Pies 2 pack 400g",
    "COL Price": 7.8,
    "COL ppu": "$1.95 per 100G",
    "COL Size": "400g"
  },
  {
    "Brand_Product_Size": "Cook & Dine Speckle Glaze Grey Mug each",
    "COL Price": 4,
    "COL ppu": "$4.00 per 1Ea",
    "COL Size": "each"
  },
  {
    "Brand_Product_Size": "Cadbury Creme Egg Sticks 4 Pack 360mL",
    "COL Price": 8.5,
    "COL ppu": "$2.36 per 100mL",
    "COL Size": "360mL"
  },
  {
    "Brand_Product_Size": "Olay Regenerist Advanced Anti-Ageing Revitalising Night Face Cream 50g",
    "COL Price": 32.5,
    "COL ppu": "$65.00 per 100G",
    "COL Size": "50g"
  },
  {
    "Brand_Product_Size": "Bulla Creamy Classics Mint Choc Chip Ice Cream Tub 2L",
    "COL Price": 8.5,
    "COL ppu": "$0.43 per 100mL",
    "COL Size": "2L"
  },
  {
    "Brand_Product_Size": "Vitaqik Liposomal Vitamin B12 Spray 50mL",
    "COL Price": 10,
    "COL ppu": "$20.00 per 100mL",
    "COL Size": "50mL"
  },
  {
    "Brand_Product_Size": "Sukin Hydration Biomarine Facial Serum 30mL",
    "COL Price": 25,
    "COL ppu": "$83.34 per 100mL",
    "COL Size": "30mL"
  },
  {
    "Brand_Product_Size": "Coles I M Free From Chicken Nuggets 400g",
    "COL Price": 6,
    "COL ppu": "$15.00 per 1Kg",
    "COL Size": "400g"
  },
  {
    "Brand_Product_Size": "Stayfree Ultra Thin Regular Pads With Wings 24 pack",
    "COL Price": 7.25,
    "COL ppu": "$0.30 per 1Ea",
    "COL Size": "24 pack"
  },
  {
    "Brand_Product_Size": "Coles Whole Egg Mayonnaise With Free Range Egg 445g",
    "COL Price": 2.6,
    "COL ppu": "$0.58 per 100G",
    "COL Size": "445g"
  },
  {
    "Brand_Product_Size": "Lilydale Free Range Chicken Drumsticks Bulk Pack approx. 1kg each",
    "COL Price": 6,
    "COL ppu": "$6.00 per 1Kg",
    "COL Size": "approx. 1kg each"
  },
  {
    "Brand_Product_Size": "Medela Contact Nipple Shields Medium 2 pack",
    "COL Price": 25.1,
    "COL ppu": "$12.55 per 1Ea",
    "COL Size": "2 pack"
  },
  {
    "Brand_Product_Size": "Kokuho Rose Premium Sushi Rice 1kg",
    "COL Price": 4.9,
    "COL ppu": "$0.49 per 100G",
    "COL Size": "1kg"
  },
  {
    "Brand_Product_Size": "Nice & Natural Mixed Berry Roasted Nut Bars 6 pack 192g",
    "COL Price": 4,
    "COL ppu": "$2.08 per 100G",
    "COL Size": "192g"
  },
  {
    "Brand_Product_Size": "Vicks Vapodrops Cooling Peppermint Lozenges 24 pack",
    "COL Price": 4.3,
    "COL ppu": "$0.18 per 1Ea",
    "COL Size": "24 pack"
  },
  {
    "Brand_Product_Size": "Coles Lime Soft Drink 1.25L",
    "COL Price": 1,
    "COL ppu": "$0.80 per 1L",
    "COL Size": "1.25L"
  },
  {
    "Brand_Product_Size": "Coles Bakery Salted Caramel Profiteroles 12 pack",
    "COL Price": 4.5,
    "COL ppu": "$0.38 per 1Ea",
    "COL Size": "12 pack"
  },
  {
    "Brand_Product_Size": "Activia Probiotic Vanilla Yoghurt 4 pack 125g",
    "COL Price": 3.5,
    "COL ppu": "$2.80 per 100G",
    "COL Size": "125g"
  },
  {
    "Brand_Product_Size": "MasterFoods Onion Salt Seasoning 68g",
    "COL Price": 1.9,
    "COL ppu": "$0.28 per 10G",
    "COL Size": "68g"
  },
  {
    "Brand_Product_Size": "Coles Garlic Paste 140g",
    "COL Price": 4.5,
    "COL ppu": "$3.21 per 100G",
    "COL Size": "140g"
  },
  {
    "Brand_Product_Size": "Latina Fresh Spinach & Ricotta Tortellini 625g",
    "COL Price": 8,
    "COL ppu": "$1.28 per 100G",
    "COL Size": "625g"
  },
  {
    "Brand_Product_Size": "Uncle Toby's Oat Slice Choc Chip 70g",
    "COL Price": 3.5,
    "COL ppu": "$5.00 per 100G",
    "COL Size": "70g"
  },
  {
    "Brand_Product_Size": "Revlon Colorstay Brow Makeup Pencil Dark Brown 1 pack",
    "COL Price": 11.5,
    "COL ppu": "$328.57 per 10G",
    "COL Size": "1 pack"
  },
  {
    "Brand_Product_Size": "MasterFoods Spicy Chilli Con Carne Recipe Base 160g",
    "COL Price": 2.2,
    "COL ppu": "$1.38 per 100G",
    "COL Size": "160g"
  },
  {
    "Brand_Product_Size": "Olay Eye Brightening Eye Cream 15mL",
    "COL Price": 49,
    "COL ppu": "$326.69 per 100mL",
    "COL Size": "15mL"
  },
  {
    "Brand_Product_Size": "McCain Frozen Steak Cut Beer Batter Chips 750g",
    "COL Price": 4.3,
    "COL ppu": "$0.57 per 100G",
    "COL Size": "750g"
  },
  {
    "Brand_Product_Size": "Coles Traditional Gravy Mix 425g",
    "COL Price": 2.9,
    "COL ppu": "$0.07 per 10G",
    "COL Size": "425g"
  },
  {
    "Brand_Product_Size": "Coles Foot Brush & Pumice 1 pack",
    "COL Price": 7,
    "COL ppu": "$7.00 per 1Ea",
    "COL Size": "1 pack"
  },
  {
    "Brand_Product_Size": "Devondale Salt Reduced Butter 500g",
    "COL Price": 5.7,
    "COL ppu": "$1.14 per 100G",
    "COL Size": "500g"
  },
  {
    "Brand_Product_Size": "Daley Street Medium Coffee Capsules 10 pack",
    "COL Price": 4,
    "COL ppu": "",
    "COL Size": "10 pack"
  },
  {
    "Brand_Product_Size": "Vittoria Family Cup Blend Coffee Capsules 10 pack",
    "COL Price": 6,
    "COL ppu": "$0.60 per 1Ea",
    "COL Size": "10 pack"
  },
  {
    "Brand_Product_Size": "Streets Blue Ribbon Banana Split Ice Cream 1L",
    "COL Price": 6,
    "COL ppu": "$6.00 per 1L",
    "COL Size": "1L"
  },
  {
    "Brand_Product_Size": "Coles Jelly Beans 147g",
    "COL Price": 1,
    "COL ppu": "$0.68 per 100G",
    "COL Size": "147g"
  },
  {
    "Brand_Product_Size": "28 Black Sugar Free Natural Energy Drink Can 250mL",
    "COL Price": 2.7,
    "COL ppu": "$10.80 per 1L",
    "COL Size": "250mL"
  },
  {
    "Brand_Product_Size": "Nescafe Gold Original Ground Coffee Medium Refill Pack 320g",
    "COL Price": 19,
    "COL ppu": "$5.94 per 100G",
    "COL Size": "320g"
  },
  {
    "Brand_Product_Size": "Wei Lih Ichiban Noodle Bowl Roast Beef 150g",
    "COL Price": 4.4,
    "COL ppu": "$2.93 per 100G",
    "COL Size": "150g"
  },
  {
    "Brand_Product_Size": "Mainland Extra Tasty Cheese Block 250g",
    "COL Price": 5.5,
    "COL ppu": "$22.00 per 1Kg",
    "COL Size": "250g"
  },
  {
    "Brand_Product_Size": "The Bar Counter Chocolate Coconut Protein Balls 30g",
    "COL Price": 2.5,
    "COL ppu": "$8.33 per 100G",
    "COL Size": "30g"
  },
  {
    "Brand_Product_Size": "Always Fresh Flat Anchovies In Olive Oil 100g",
    "COL Price": 5,
    "COL ppu": "$5.00 per 100G",
    "COL Size": "100g"
  },
  {
    "Brand_Product_Size": "Coles Sausages Thin BBQ Beef 560g",
    "COL Price": 5.5,
    "COL ppu": "$9.82 per 1Kg",
    "COL Size": "560g"
  },
  {
    "Brand_Product_Size": "Coles Frozen Maple Flavoured Chicken Bites 400g",
    "COL Price": 6.5,
    "COL ppu": "$16.25 per 1Kg",
    "COL Size": "400g"
  },
  {
    "Brand_Product_Size": "Sup Inner Glow Collagen 30 pack",
    "COL Price": 23,
    "COL ppu": "",
    "COL Size": "30 pack"
  },
  {
    "Brand_Product_Size": "Ansell Pink Silverlined Gloves Size 8 1 pair",
    "COL Price": 3.2,
    "COL ppu": "$3.20 per 1Ea",
    "COL Size": "1 pair"
  },
  {
    "Brand_Product_Size": "Maggi 2 Minute Noodles Chicken 12 Pack 864g",
    "COL Price": 8,
    "COL ppu": "$0.93 per 100G",
    "COL Size": "864g"
  },
  {
    "Brand_Product_Size": "Nivea Naturally Good Anti Age Day Cream 50mL",
    "COL Price": 22,
    "COL ppu": "$44.00 per 100mL",
    "COL Size": "50mL"
  },
  {
    "Brand_Product_Size": "Purr Tuna with Chicken Liver in Jelly Cat Food 85g",
    "COL Price": 1,
    "COL ppu": "$1.18 per 100G",
    "COL Size": "85g"
  },
  {
    "Brand_Product_Size": "Nestle KitKat Gold White Chocolate with Caramelised Break 170g",
    "COL Price": 3,
    "COL ppu": "$1.76 per 100G",
    "COL Size": "170g"
  },
  {
    "Brand_Product_Size": "Kirks Lemonade 1.25L",
    "COL Price": 1.15,
    "COL ppu": "$0.92 per 1L",
    "COL Size": "1.25L"
  },
  {
    "Brand_Product_Size": "Barber & Co. Hard Pomade 95g",
    "COL Price": 15,
    "COL ppu": "$15.79 per 100G",
    "COL Size": "95g"
  },
  {
    "Brand_Product_Size": "Well & Good Gluten Free Cheesy Mac Classic Chicken 110g",
    "COL Price": 4.75,
    "COL ppu": "$4.32 per 100G",
    "COL Size": "110g"
  },
  {
    "Brand_Product_Size": "Foster Clark's Long Life Vanilla Custard 1L",
    "COL Price": 4,
    "COL ppu": "$0.40 per 100mL",
    "COL Size": "1L"
  },
  {
    "Brand_Product_Size": "Cookie Time Original Chocolate Chunk Cookie 85g",
    "COL Price": 3.15,
    "COL ppu": "$3.71 per 100G",
    "COL Size": "85g"
  },
  {
    "Brand_Product_Size": "Nature's Way Men's Multi-Vitamin Vita Gummies 100 pack",
    "COL Price": 20,
    "COL ppu": "$0.20 per 1Ea",
    "COL Size": "100 pack"
  },
  {
    "Brand_Product_Size": "Bounce Gluten Free Plant Protein Almond Butter Energy Ball 42g",
    "COL Price": 2,
    "COL ppu": "$0.48 per 10G",
    "COL Size": "42g"
  },
  {
    "Brand_Product_Size": "Primo BBQ Sausages 800g",
    "COL Price": 5,
    "COL ppu": "$0.63 per 100G",
    "COL Size": "800g"
  },
  {
    "Brand_Product_Size": "Sanitarium UP&GO Liquid Breakfast Vanilla Ice 250mL 12 pack",
    "COL Price": 14,
    "COL ppu": "$4.67 per 1L",
    "COL Size": "12 pack"
  },
  {
    "Brand_Product_Size": "Coles Deli Sliced Primo HGP Free Pastrami approx. 125g each",
    "COL Price": 3.25,
    "COL ppu": "$26.00 per 1Kg",
    "COL Size": "approx. 125g each"
  },
  {
    "Brand_Product_Size": "Maggi Stir Fry Creations Honey Soy & Garlic Chicken 150g",
    "COL Price": 2.7,
    "COL ppu": "$1.80 per 100G",
    "COL Size": "150g"
  },
  {
    "Brand_Product_Size": "Coles Pork Loin Roast Boneless Small approx. 1.25 kg each",
    "COL Price": 16.25,
    "COL ppu": "$13.00 per 1Kg",
    "COL Size": "approx. 1.25 kg each"
  },
  {
    "Brand_Product_Size": "Lindt Lindor Assorted Chocolate Balls Gift Box 235g",
    "COL Price": 20,
    "COL ppu": "$8.51 per 100G",
    "COL Size": "235g"
  },
  {
    "Brand_Product_Size": "Vileda Powerfibres Classic Duster each",
    "COL Price": 8,
    "COL ppu": "$8.00 per 1Ea",
    "COL Size": "each"
  },
  {
    "Brand_Product_Size": "Moccona Espresso Style Bold & Intense Instant Coffee 200g",
    "COL Price": 13,
    "COL ppu": "$6.50 per 100G",
    "COL Size": "200g"
  },
  {
    "Brand_Product_Size": "Streets Magnum Classic Ice Cream Sticks 4 pack 428mL",
    "COL Price": 4.5,
    "COL ppu": "$1.05 per 100mL",
    "COL Size": "428mL"
  },
  {
    "Brand_Product_Size": "Grillman BBQ Aluminium Grilling Trays 4 pack",
    "COL Price": 5.5,
    "COL ppu": "$1.38 per 1Ea",
    "COL Size": "4 pack"
  },
  {
    "Brand_Product_Size": "Lavazza Espresso Barista Intenso Beans 1kg",
    "COL Price": 22,
    "COL ppu": "$2.20 per 100G",
    "COL Size": "1kg"
  },
  {
    "Brand_Product_Size": "Coles Organic Green Capsicum Prepacked 300g",
    "COL Price": 5.5,
    "COL ppu": "$18.33 per 1Kg",
    "COL Size": "300g"
  },
  {
    "Brand_Product_Size": "Keep It Cleaner Vegan Health Balls Coconut & Vanilla 120g",
    "COL Price": 7.5,
    "COL ppu": "$6.25 per 100G",
    "COL Size": "120g"
  },
  {
    "Brand_Product_Size": "Marion's Kitchen Gluten Free Thai Spicy Satay Marinade 240mL",
    "COL Price": 5,
    "COL ppu": "$2.08 per 100mL",
    "COL Size": "240mL"
  },
  {
    "Brand_Product_Size": "Coles Deli Delre Goat Milk Caprakaas approx. 100g",
    "COL Price": 5.3,
    "COL ppu": "$53.00 per 1Kg",
    "COL Size": "approx. 100g"
  },
  {
    "Brand_Product_Size": "Coles Deli Boneless Prosciutto approx. 150g",
    "COL Price": 6.6,
    "COL ppu": "$44.00 per 1Kg",
    "COL Size": "approx. 150g"
  },
  {
    "Brand_Product_Size": "Cook & Dine Soda Glasses 300mL 6 pack",
    "COL Price": 12,
    "COL ppu": "",
    "COL Size": "6 pack"
  },
  {
    "Brand_Product_Size": "Coles Assure Liners Long 20 pack",
    "COL Price": 3,
    "COL ppu": "$0.15 per 1Ea",
    "COL Size": "20 pack"
  },
  {
    "Brand_Product_Size": "The Natural Cracker Co Sea salt & Vinegar Crispy Crackers 160g",
    "COL Price": 1.75,
    "COL ppu": "$1.09 per 100G",
    "COL Size": "160g"
  },
  {
    "Brand_Product_Size": "Coles Microgreens Green Shiso each",
    "COL Price": 3,
    "COL ppu": "$3.00 per 1Ea",
    "COL Size": "each"
  },
  {
    "Brand_Product_Size": "Cub Nappy Bags 200 pack",
    "COL Price": 3.2,
    "COL ppu": "$1.60 per 100Ea",
    "COL Size": "200 pack"
  },
  {
    "Brand_Product_Size": "Coles Lemon Curd Cheesecake 450g",
    "COL Price": 3.3,
    "COL ppu": "$0.73 per 100G",
    "COL Size": "450g"
  },
  {
    "Brand_Product_Size": "Uncle Tobys Chewy Muesli Bars White Choc Chip 6 Pack 185g",
    "COL Price": 2.15,
    "COL ppu": "$1.16 per 100G",
    "COL Size": "185g"
  },
  {
    "Brand_Product_Size": "Air Wick Essential Mist Prime Peony & Jasmine each",
    "COL Price": 30,
    "COL ppu": "$30.00 per 1Ea",
    "COL Size": "each"
  },
  {
    "Brand_Product_Size": "Green's Traditional Banana Bread 400g",
    "COL Price": 2.75,
    "COL ppu": "$0.69 per 100G",
    "COL Size": "400g"
  },
  {
    "Brand_Product_Size": "Twinings Passionfruit Mango & Blood Orange Cold Water Infusion 12 pack 30g",
    "COL Price": 6,
    "COL ppu": "$0.50 per 1Ea",
    "COL Size": "30g"
  },
  {
    "Brand_Product_Size": "Coles Bacon Shortcut Rindless 200g",
    "COL Price": 5,
    "COL ppu": "$25.00 per 1Kg",
    "COL Size": "200g"
  },
  {
    "Brand_Product_Size": "Coles Party Blowouts 20 pack",
    "COL Price": 3,
    "COL ppu": "$0.15 per 1Ea",
    "COL Size": "20 pack"
  },
  {
    "Brand_Product_Size": "Coles Liners Regular 30pack",
    "COL Price": 1.35,
    "COL ppu": "$0.05 per 1Ea",
    "COL Size": "30pack"
  },
  {
    "Brand_Product_Size": "Ecostore Handwash Pump Vanilla & Coconut 425mL",
    "COL Price": 6,
    "COL ppu": "$1.41 per 100mL",
    "COL Size": "425mL"
  },
  {
    "Brand_Product_Size": "Covergirl Clean Fresh Concealer Medium 7mL",
    "COL Price": 16,
    "COL ppu": "$22.86 per 10mL",
    "COL Size": "7mL"
  },
  {
    "Brand_Product_Size": "Coles Acrylic Plaque Gold & Silver each",
    "COL Price": 5,
    "COL ppu": "$5.00 per 1Ea",
    "COL Size": "each"
  },
  {
    "Brand_Product_Size": "Coles Dill Leaf Tips 13g",
    "COL Price": 2.4,
    "COL ppu": "$1.85 per 10G",
    "COL Size": "13g"
  },
  {
    "Brand_Product_Size": "T2 Gorgeous Geisha Flavoured Green Tea Bags 25 pack 50g",
    "COL Price": 16,
    "COL ppu": "$32.00 per 100G",
    "COL Size": "50g"
  },
  {
    "Brand_Product_Size": "Buontempo Gluten Free Spirals Pasta 500g",
    "COL Price": 3.4,
    "COL ppu": "$0.68 per 100G",
    "COL Size": "500g"
  },
  {
    "Brand_Product_Size": "John West Tempters Chilli Tuna 95g",
    "COL Price": 2.3,
    "COL ppu": "$24.21 per 1Kg",
    "COL Size": "95g"
  },
  {
    "Brand_Product_Size": "French Fries Original Potato Chips 175g",
    "COL Price": 3.5,
    "COL ppu": "$2.00 per 100G",
    "COL Size": "175g"
  },
  {
    "Brand_Product_Size": "Fit Lato Caramel White Choc Wafer 473mL",
    "COL Price": 11.95,
    "COL ppu": "$2.53 per 100mL",
    "COL Size": "473mL"
  },
  {
    "Brand_Product_Size": "Colgate 360 Sensitive Manual Toothbrush 2 pack",
    "COL Price": 8,
    "COL ppu": "$4.00 per 1Ea",
    "COL Size": "2 pack"
  },
  {
    "Brand_Product_Size": "Calbee Harvest Snaps Sour Cream & Chives Black Bean Baked Crisps 85g",
    "COL Price": 2.5,
    "COL ppu": "$2.94 per 100G",
    "COL Size": "85g"
  },
  {
    "Brand_Product_Size": "Royal Fields BBQ Corn Nuts 500g",
    "COL Price": 6.2,
    "COL ppu": "$12.40 per 1Kg",
    "COL Size": "500g"
  },
  {
    "Brand_Product_Size": "Golden Pancakes 6 Pack 360g",
    "COL Price": 5,
    "COL ppu": "$1.39 per 100G",
    "COL Size": "360g"
  },
  {
    "Brand_Product_Size": "Monster Mango Loco Energy Drink 500mL",
    "COL Price": 3.6,
    "COL ppu": "$0.72 per 100mL",
    "COL Size": "500mL"
  },
  {
    "Brand_Product_Size": "Bref Fresh Boost Juicy Lemon Toilet Cleaner 450mL",
    "COL Price": 5,
    "COL ppu": "$1.11 per 100mL",
    "COL Size": "450mL"
  },
  {
    "Brand_Product_Size": "Goulburn Valley Peaches In Juice 170g 2 pack",
    "COL Price": 4,
    "COL ppu": "$1.18 per 100G",
    "COL Size": "2 pack"
  },
  {
    "Brand_Product_Size": "Red Rock Deli Gourmet Crackers Sundried Tomato & Herb 130g",
    "COL Price": 4,
    "COL ppu": "$3.08 per 100G",
    "COL Size": "130g"
  },
  {
    "Brand_Product_Size": "The Goat Skincare Original Soap Bar 100g",
    "COL Price": 3,
    "COL ppu": "$3.00 per 100G",
    "COL Size": "100g"
  },
  {
    "Brand_Product_Size": "Coles Double Cream Camembert 200g",
    "COL Price": 5,
    "COL ppu": "$25.00 per 1Kg",
    "COL Size": "200g"
  },
  {
    "Brand_Product_Size": "Coles Assure Pants For Women Large 8 pack",
    "COL Price": 9,
    "COL ppu": "$1.13 per 1Ea",
    "COL Size": "8 pack"
  },
  {
    "Brand_Product_Size": "DermaVeen Daily Nourish Moisturising Lotion 500mL",
    "COL Price": 13.6,
    "COL ppu": "$2.72 per 100mL",
    "COL Size": "500mL"
  },
  {
    "Brand_Product_Size": "King Island Dairy Roaring Forties Blue Cheese 120g",
    "COL Price": 8.5,
    "COL ppu": "$70.83 per 1Kg",
    "COL Size": "120g"
  },
  {
    "Brand_Product_Size": "Audeeo Freedom Wireless Bluetooth Earphones White Pod 1 pack",
    "COL Price": 50,
    "COL ppu": "$50.00 per 1Ea",
    "COL Size": "1 pack"
  },
  {
    "Brand_Product_Size": "Fresh Hello Melon each",
    "COL Price": 2,
    "COL ppu": "$2.00 per 1Ea",
    "COL Size": "each"
  },
  {
    "Brand_Product_Size": "Nivea Naturally Good Anti Age Night Cream 50mL",
    "COL Price": 22,
    "COL ppu": "$44.00 per 100mL",
    "COL Size": "50mL"
  },
  {
    "Brand_Product_Size": "Yumi's Gluten Free Gourmet Tuna Mousse Dip 200g",
    "COL Price": 4.5,
    "COL ppu": "$2.25 per 100G",
    "COL Size": "200g"
  },
  {
    "Brand_Product_Size": "Star Foods Rolada Pistachio Date 150g",
    "COL Price": 10,
    "COL ppu": "$6.67 per 100G",
    "COL Size": "150g"
  },
  {
    "Brand_Product_Size": "Steggles Frozen Chicken Dino Snacks 1kg",
    "COL Price": 11,
    "COL ppu": "$11.00 per 1Kg",
    "COL Size": "1kg"
  },
  {
    "Brand_Product_Size": "Coles Red Velvet Cupcakes 4 pack 288g",
    "COL Price": 4,
    "COL ppu": "$1.39 per 100G",
    "COL Size": "288g"
  },
  {
    "Brand_Product_Size": "Coles Kitchen Kitchen Butternut Pumpkin Soup 1kg",
    "COL Price": 8,
    "COL ppu": "$0.80 per 100G",
    "COL Size": "1kg"
  },
  {
    "Brand_Product_Size": "King C Gillette Double Edge Razor+5ct each",
    "COL Price": 30,
    "COL ppu": "$30.00 per 1Ea",
    "COL Size": "each"
  },
  {
    "Brand_Product_Size": "Brunswick Wild Sardines in Tomato Sauce 106g",
    "COL Price": 1.9,
    "COL ppu": "$17.92 per 1Kg",
    "COL Size": "106g"
  },
  {
    "Brand_Product_Size": "Nobby's Salt & Vinegar Peanuts 350g",
    "COL Price": 3.5,
    "COL ppu": "$1.00 per 100G",
    "COL Size": "350g"
  },
  {
    "Brand_Product_Size": "Coca-Cola No Sugar Coke 600mL",
    "COL Price": 3.75,
    "COL ppu": "$6.25 per 1L",
    "COL Size": "600mL"
  },
  {
    "Brand_Product_Size": "Darrell Lea Milk Chocolate Big Orange Balls 185g",
    "COL Price": 4.4,
    "COL ppu": "$2.38 per 100G",
    "COL Size": "185g"
  },
  {
    "Brand_Product_Size": "Carman's Golden Oats & Coconut Oat Slice 210g",
    "COL Price": 6,
    "COL ppu": "$2.86 per 100G",
    "COL Size": "210g"
  },
  {
    "Brand_Product_Size": "Decor Hydro Stainless Steel Bottle 750mL each",
    "COL Price": 14,
    "COL ppu": "$14.00 per 1Ea",
    "COL Size": "each"
  },
  {
    "Brand_Product_Size": "Coles Ultra Pine Disinfectant 1.25L",
    "COL Price": 2.5,
    "COL ppu": "$0.20 per 100mL",
    "COL Size": "1.25L"
  },
  {
    "Brand_Product_Size": "Coles Italian Tomato Paste 500g",
    "COL Price": 2.6,
    "COL ppu": "$0.52 per 100G",
    "COL Size": "500g"
  },
  {
    "Brand_Product_Size": "Allure By Tempo Strawberry Yoghurt 200g",
    "COL Price": 2.85,
    "COL ppu": "$1.43 per 100G",
    "COL Size": "200g"
  },
  {
    "Brand_Product_Size": "Haribo Strawberry Flavour Balla Stixx 140g",
    "COL Price": 2.4,
    "COL ppu": "$1.71 per 100G",
    "COL Size": "140g"
  },
  {
    "Brand_Product_Size": "Schwarzkopf Brilliance 11 Scandinavian Blonde 1 pack",
    "COL Price": 14.4,
    "COL ppu": "$14.40 per 1Ea",
    "COL Size": "1 pack"
  },
  {
    "Brand_Product_Size": "Neutrogena Hydro Boost Night Concentrate 50g",
    "COL Price": 27,
    "COL ppu": "$54.00 per 100G",
    "COL Size": "50g"
  },
  {
    "Brand_Product_Size": "Dilmah Premium Pure Ceylon Tea Bags 200 pack 400g",
    "COL Price": 5.4,
    "COL ppu": "$0.03 per 1Ea",
    "COL Size": "400g"
  },
  {
    "Brand_Product_Size": "Ryvita Multigrain Rye Crispbread 250g",
    "COL Price": 2.85,
    "COL ppu": "$1.14 per 100G",
    "COL Size": "250g"
  },
  {
    "Brand_Product_Size": "Coles Beef & Liver Cat Food 400g",
    "COL Price": 0.85,
    "COL ppu": "$0.21 per 100G",
    "COL Size": "400g"
  },
  {
    "Brand_Product_Size": "Obento Sushi Seasoning 250mL",
    "COL Price": 3.3,
    "COL ppu": "$1.32 per 100mL",
    "COL Size": "250mL"
  },
  {
    "Brand_Product_Size": "Coles Tasty Cheese Bites & Garlic Chilli Olives 45g",
    "COL Price": 2,
    "COL ppu": "",
    "COL Size": "45g"
  },
  {
    "Brand_Product_Size": "Redwin Sorbolene Moisturiser with Vitamin E 1L",
    "COL Price": 3.12,
    "COL ppu": "$0.31 per 100mL",
    "COL Size": "1L"
  },
  {
    "Brand_Product_Size": "Green's Gluten Free Pancake Shake Mix Buttermilk 300g",
    "COL Price": 2.9,
    "COL ppu": "$0.97 per 100G",
    "COL Size": "300g"
  },
  {
    "Brand_Product_Size": "Helga's Low Carb Wholemeal Wraps 5 pack 250g",
    "COL Price": 4,
    "COL ppu": "$1.60 per 100G",
    "COL Size": "250g"
  },
  {
    "Brand_Product_Size": "Lemnos Cyprus Style Haloumi Cheese 180g",
    "COL Price": 6,
    "COL ppu": "$3.33 per 100G",
    "COL Size": "180g"
  },
  {
    "Brand_Product_Size": "Tom & Luke Snackaballs Peanut Butter 70g",
    "COL Price": 2.5,
    "COL ppu": "$3.57 per 100G",
    "COL Size": "70g"
  },
  {
    "Brand_Product_Size": "Bulla Creamy Classics Caramel & Chocolate Sandwich 4 pack 596mL",
    "COL Price": 8.5,
    "COL ppu": "$1.43 per 100mL",
    "COL Size": "596mL"
  },
  {
    "Brand_Product_Size": "Bondi Sands Pure Gradual Tanning Milk 200mL",
    "COL Price": 20,
    "COL ppu": "$10.00 per 100mL",
    "COL Size": "200mL"
  },
  {
    "Brand_Product_Size": "Coles Banana & Passionfruit Fruit Puree Blend Pouch 90g",
    "COL Price": 0.95,
    "COL ppu": "$10.56 per 1Kg",
    "COL Size": "90g"
  },
  {
    "Brand_Product_Size": "McCain Frozen Healthy Choice Chinese Chicken With Cashews 280g",
    "COL Price": 4,
    "COL ppu": "$1.43 per 100G",
    "COL Size": "280g"
  },
  {
    "Brand_Product_Size": "Fairy Dishwashing Tablets 41 pack",
    "COL Price": 31,
    "COL ppu": "$0.76 per 1Ea",
    "COL Size": "41 pack"
  },
  {
    "Brand_Product_Size": "Colgate Minions Extra Soft Toothbrush 2 pack",
    "COL Price": 7,
    "COL ppu": "$3.50 per 1Ea",
    "COL Size": "2 pack"
  },
  {
    "Brand_Product_Size": "Primo Short Cut Bacon 1kg",
    "COL Price": 10,
    "COL ppu": "$10.00 per 1Kg",
    "COL Size": "1kg"
  },
  {
    "Brand_Product_Size": "L.O.L Lights Glitter Doll Assortment each",
    "COL Price": 18,
    "COL ppu": "$18.00 per 1Ea",
    "COL Size": "each"
  },
  {
    "Brand_Product_Size": "Aspro Clear Extra Strength Pain Relief 16 Soluble Tablets 1 pack",
    "COL Price": 5,
    "COL ppu": "$5.00 per 1Ea",
    "COL Size": "1 pack"
  },
  {
    "Brand_Product_Size": "Sup Men's Essentials 30 pack",
    "COL Price": 23,
    "COL ppu": "$76.67 per 100Ea",
    "COL Size": "30 pack"
  },
  {
    "Brand_Product_Size": "Tom & Luke Snackaballs Peanut Butter & Cacao Pot 224g",
    "COL Price": 7,
    "COL ppu": "$3.13 per 100G",
    "COL Size": "224g"
  },
  {
    "Brand_Product_Size": "Betty Crocker Blueberry Muffin Mix 500g",
    "COL Price": 5.2,
    "COL ppu": "$1.04 per 100G",
    "COL Size": "500g"
  },
  {
    "Brand_Product_Size": "Applaws Whole Mackarel Loin Cat Treats 30g",
    "COL Price": 2.7,
    "COL ppu": "$9.00 per 100G",
    "COL Size": "30g"
  },
  {
    "Brand_Product_Size": "Oral-B Compact Gum Care Ultrathin Toothbrush Extra Soft 1 pack",
    "COL Price": 2,
    "COL ppu": "$2.00 per 1Ea",
    "COL Size": "1 pack"
  },
  {
    "Brand_Product_Size": "Elmers Clear School Glue 147mL",
    "COL Price": 7,
    "COL ppu": "$4.76 per 100mL",
    "COL Size": "147mL"
  },
  {
    "Brand_Product_Size": "Cub Bliss Bites Cranberry & Cocoa 150g",
    "COL Price": 5,
    "COL ppu": "$3.33 per 100G",
    "COL Size": "150g"
  },
  {
    "Brand_Product_Size": "Garlos Family Lean Beef Pie 550g",
    "COL Price": 9.95,
    "COL ppu": "$1.81 per 100G",
    "COL Size": "550g"
  },
  {
    "Brand_Product_Size": "Grinders Rich Espresso Ground Coffee 200g",
    "COL Price": 9.55,
    "COL ppu": "$4.78 per 100G",
    "COL Size": "200g"
  },
  {
    "Brand_Product_Size": "Coles Brown Bobby 100 Pins 1 pack",
    "COL Price": 5,
    "COL ppu": "$5.00 per 100Ea",
    "COL Size": "1 pack"
  },
  {
    "Brand_Product_Size": "Tommee Tippee Discovera Trainer Cup 6+ Months 260mL",
    "COL Price": 10,
    "COL ppu": "$10.00 per 1Ea",
    "COL Size": "260mL"
  },
  {
    "Brand_Product_Size": "Kirks Portello Drink 600mL",
    "COL Price": 3.45,
    "COL ppu": "$5.75 per 1L",
    "COL Size": "600mL"
  },
  {
    "Brand_Product_Size": "Maybelline Colorsensation Made For All Mauve Lipstick 4.2g",
    "COL Price": 14,
    "COL ppu": "$33.33 per 10G",
    "COL Size": "4.2g"
  },
  {
    "Brand_Product_Size": "Coles Mixed Seedless Grapes 1.5kg",
    "COL Price": 7.9,
    "COL ppu": "$5.27 per 1Kg",
    "COL Size": "1.5kg"
  },
  {
    "Brand_Product_Size": "Schwarzkopf Extra Care Creme Shine Curl Flex 150mL",
    "COL Price": 9.5,
    "COL ppu": "$6.33 per 100mL",
    "COL Size": "150mL"
  },
  {
    "Brand_Product_Size": "Cobram Estate Extra Virgin Olive Oil Classic 3L",
    "COL Price": 45,
    "COL ppu": "$1.50 per 100mL",
    "COL Size": "3L"
  },
  {
    "Brand_Product_Size": "Aly Triangle Yufka Filo Pastry 360g",
    "COL Price": 5.25,
    "COL ppu": "$1.46 per 100G",
    "COL Size": "360g"
  },
  {
    "Brand_Product_Size": "Tip Top Spicy Fruit English Muffins 6 pack",
    "COL Price": 2.5,
    "COL ppu": "$0.42 per 1Ea",
    "COL Size": "6 pack"
  },
  {
    "Brand_Product_Size": "Coles Kitchen Lamb & Potato Casserole 600g",
    "COL Price": 12,
    "COL ppu": "$2.00 per 100G",
    "COL Size": "600g"
  },
  {
    "Brand_Product_Size": "Belvita Breakfast Strawberry Sandwich Biscuits 253g",
    "COL Price": 3,
    "COL ppu": "$1.19 per 100G",
    "COL Size": "253g"
  },
  {
    "Brand_Product_Size": "Bostik Blu Tack Colour each",
    "COL Price": 3.5,
    "COL ppu": "$3.50 per 1Ea",
    "COL Size": "each"
  },
  {
    "Brand_Product_Size": "Cadbury Milk Chocolate Melting Buttons 225g",
    "COL Price": 3,
    "COL ppu": "$1.33 per 100G",
    "COL Size": "225g"
  },
  {
    "Brand_Product_Size": "Street Kitchen Japanese Teriyaki Chicken 255g",
    "COL Price": 5.5,
    "COL ppu": "$2.16 per 100G",
    "COL Size": "255g"
  },
  {
    "Brand_Product_Size": "Dettol Lime & Orange Foam Hand wash Pump 250mL",
    "COL Price": 2.5,
    "COL ppu": "$1.00 per 100mL",
    "COL Size": "250mL"
  },
  {
    "Brand_Product_Size": "Peters Gluten Free Original Rainbow Ice Cream Tub 2L",
    "COL Price": 4.75,
    "COL ppu": "$2.38 per 1L",
    "COL Size": "2L"
  },
  {
    "Brand_Product_Size": "Sunrice Basmati Rice Cup 2 pack 240g",
    "COL Price": 2.5,
    "COL ppu": "$1.04 per 100G",
    "COL Size": "240g"
  },
  {
    "Brand_Product_Size": "Comfort Sky Blue Fabric Softener 800mL",
    "COL Price": 7,
    "COL ppu": "$8.75 per 1L",
    "COL Size": "800mL"
  },
  {
    "Brand_Product_Size": "Majans Infuzions Veggie Straws Multipack 5x15g 75g",
    "COL Price": 3.2,
    "COL ppu": "$4.27 per 100G",
    "COL Size": "75g"
  },
  {
    "Brand_Product_Size": "Three Aussie Farmers Farmhouse Style Pork Sausages 500g",
    "COL Price": 7,
    "COL ppu": "$14.00 per 1Kg",
    "COL Size": "500g"
  },
  {
    "Brand_Product_Size": "Coles Finest Australian Bark With Olive Oil And Sea Salt 150g",
    "COL Price": 4.2,
    "COL ppu": "$2.80 per 100G",
    "COL Size": "150g"
  },
  {
    "Brand_Product_Size": "Barbie Fairytail Theme Doll each",
    "COL Price": 13,
    "COL ppu": "",
    "COL Size": "each"
  },
  {
    "Brand_Product_Size": "Meredith Dairy Fresh Chevre Goat Cheese 80g",
    "COL Price": 5,
    "COL ppu": "$62.50 per 1Kg",
    "COL Size": "80g"
  },
  {
    "Brand_Product_Size": "Coles Medjool Dates loose approx. 200g",
    "COL Price": 2.4,
    "COL ppu": "$12.00 per 1Kg",
    "COL Size": "approx. 200g"
  },
  {
    "Brand_Product_Size": "Uncle Tobys Choc Chip Muesli Bars 18 pack",
    "COL Price": 7,
    "COL ppu": "$1.24 per 100G",
    "COL Size": "18 pack"
  },
  {
    "Brand_Product_Size": "Fit Lato Brown Butter Biscuit 473mL",
    "COL Price": 11.95,
    "COL ppu": "$2.53 per 100mL",
    "COL Size": "473mL"
  },
  {
    "Brand_Product_Size": "Coles Wraps Platter Vegetarian each",
    "COL Price": 35,
    "COL ppu": "$35.00 per 1Ea",
    "COL Size": "each"
  },
  {
    "Brand_Product_Size": "Ayam Malaysian Nyonya Curry Paste 185g",
    "COL Price": 2.75,
    "COL ppu": "$1.49 per 100G",
    "COL Size": "185g"
  },
  {
    "Brand_Product_Size": "Nad's For Men Hair Removal Cream 200mL",
    "COL Price": 11,
    "COL ppu": "$5.50 per 100mL",
    "COL Size": "200mL"
  },
  {
    "Brand_Product_Size": "Coles Orange Candy Melon each",
    "COL Price": 3.5,
    "COL ppu": "$3.50 per 1Ea",
    "COL Size": "each"
  },
  {
    "Brand_Product_Size": "Olympian Egg Noodle Pasta Medium 250g",
    "COL Price": 2.9,
    "COL ppu": "$1.16 per 100G",
    "COL Size": "250g"
  },
  {
    "Brand_Product_Size": "Pilot Frixion Ball Pen Black/Blue/Red 3 pack",
    "COL Price": 9,
    "COL ppu": "$3.00 per 1Ea",
    "COL Size": "3 pack"
  },
  {
    "Brand_Product_Size": "Espressotoria Vittoria Coffee Mountain Grown Coffee Capsules 12 pack",
    "COL Price": 4.2,
    "COL ppu": "$0.35 per 1Ea",
    "COL Size": "12 pack"
  },
  {
    "Brand_Product_Size": "Anna Red Kidney Beans 6x420g 2.52kg",
    "COL Price": 4,
    "COL ppu": "$1.59 per 1Kg",
    "COL Size": "2.52kg"
  },
  {
    "Brand_Product_Size": "Coles Deli Salads Tub Jumbo Classic Coleslaw each",
    "COL Price": 10,
    "COL ppu": "$10.00 per 1Ea",
    "COL Size": "each"
  },
  {
    "Brand_Product_Size": "Coles Deli Thawed Cooked Extra Large Black Tiger Prawns approx. 250g",
    "COL Price": 7.25,
    "COL ppu": "$29.00 per 1Kg",
    "COL Size": "approx. 250g"
  },
  {
    "Brand_Product_Size": "Coles Elastomer Ponytailer 50 pack",
    "COL Price": 4.5,
    "COL ppu": "$0.09 per 1Ea",
    "COL Size": "50 pack"
  },
  {
    "Brand_Product_Size": "Rufus & Coco Antiseptic Aid",
    "COL Price": 17,
    "COL ppu": "",
    "COL Size": ""
  },
  {
    "Brand_Product_Size": "Nice & Natural Probiotic Oat Bars But Medley & Vanilla 175g",
    "COL Price": 6,
    "COL ppu": "$3.43 per 100G",
    "COL Size": "175g"
  },
  {
    "Brand_Product_Size": "Coles Coriander Sleeved 1 bunch",
    "COL Price": 2.98,
    "COL ppu": "$2.98 per 1Ea",
    "COL Size": "1 bunch"
  },
  {
    "Brand_Product_Size": "Entertainment Extravaganza Frozen 2 Character Elsa each",
    "COL Price": 24,
    "COL ppu": "$24.00 per 1Ea",
    "COL Size": "each"
  },
  {
    "Brand_Product_Size": "Genius Gluten Free Triple Seeded Soft Rolls 2 pack",
    "COL Price": 3.5,
    "COL ppu": "$1.75 per 1Ea",
    "COL Size": "2 pack"
  },
  {
    "Brand_Product_Size": "John West Protein + Calcium Tuna Lemon Pepper 90g",
    "COL Price": 2,
    "COL ppu": "$22.22 per 1Kg",
    "COL Size": "90g"
  },
  {
    "Brand_Product_Size": "Whole Kids Organic Vanilla Farm Animal Biscuits 150g",
    "COL Price": 5.15,
    "COL ppu": "$3.43 per 100G",
    "COL Size": "150g"
  },
  {
    "Brand_Product_Size": "Coles Mini Parmesan & Onion Pane Di Casa each",
    "COL Price": 2.85,
    "COL ppu": "$2.85 per 1Ea",
    "COL Size": "each"
  },
  {
    "Brand_Product_Size": "Tena Lady Extra Pads 20 pack",
    "COL Price": 9,
    "COL ppu": "$0.45 per 1Ea",
    "COL Size": "20 pack"
  },
  {
    "Brand_Product_Size": "Fountain Satay Sauce 250mL",
    "COL Price": 2.7,
    "COL ppu": "$1.08 per 100mL",
    "COL Size": "250mL"
  },
  {
    "Brand_Product_Size": "Twinings Passionfruit Mango & Blood Orange Cold Water Infusion 12 pack 30g",
    "COL Price": 6,
    "COL ppu": "$0.50 per 1Ea",
    "COL Size": "30g"
  },
  {
    "Brand_Product_Size": "Coles Denture Cleanser 48 Effervescent Tablets 1 pack",
    "COL Price": 3.5,
    "COL ppu": "$3.50 per 1Ea",
    "COL Size": "1 pack"
  },
  {
    "Brand_Product_Size": "Eskal Herring Salad 375g",
    "COL Price": 5.7,
    "COL ppu": "$15.20 per 1Kg",
    "COL Size": "375g"
  },
  {
    "Brand_Product_Size": "Continental Superb Salt Reduced Beef Stock Powder 120g",
    "COL Price": 2.5,
    "COL ppu": "$0.21 per 10G",
    "COL Size": "120g"
  },
  {
    "Brand_Product_Size": "Coles Lime Juice 250mL",
    "COL Price": 1,
    "COL ppu": "$0.40 per 100mL",
    "COL Size": "250mL"
  },
  {
    "Brand_Product_Size": "Pauls Zymil Full Cream Long Life Milk 1L",
    "COL Price": 2.25,
    "COL ppu": "$2.25 per 1L",
    "COL Size": "1L"
  },
  {
    "Brand_Product_Size": "Ajax Divine Blends Floor Cleaner 750mL",
    "COL Price": 3.5,
    "COL ppu": "$0.47 per 100mL",
    "COL Size": "750mL"
  },
  {
    "Brand_Product_Size": "Tasti Peanut Butter & Caramel Smooshed Wholefood Balls 6 pack 69g",
    "COL Price": 3.3,
    "COL ppu": "$0.48 per 10G",
    "COL Size": "69g"
  },
  {
    "Brand_Product_Size": "Eskal Deli Vegetable Pasta Spaghetti 255g",
    "COL Price": 7.5,
    "COL ppu": "$2.94 per 100G",
    "COL Size": "255g"
  },
  {
    "Brand_Product_Size": "Band-Aid Advanced Healing Regular Adhesive Dressing 10 pack",
    "COL Price": 6.4,
    "COL ppu": "$0.64 per 1Ea",
    "COL Size": "10 pack"
  },
  {
    "Brand_Product_Size": "Super Nature Braised Beef Cheek Lasagne with Truffle & Porcini 350g",
    "COL Price": 9,
    "COL ppu": "$2.57 per 100G",
    "COL Size": "350g"
  },
  {
    "Brand_Product_Size": "180 Degrees Hazelnut Oat Crackers 150g",
    "COL Price": 5.5,
    "COL ppu": "$3.67 per 100G",
    "COL Size": "150g"
  },
  {
    "Brand_Product_Size": "Sanitarium So Good Long Life Vanilla Bliss Soy Milk 1L",
    "COL Price": 3,
    "COL ppu": "$3.00 per 1L",
    "COL Size": "1L"
  },
  {
    "Brand_Product_Size": "Abundance Japanese Stir Fry 400g",
    "COL Price": 6,
    "COL ppu": "$1.50 per 100G",
    "COL Size": "400g"
  },
  {
    "Brand_Product_Size": "Twinings English Breakfast Decaffeinated Tea Bags 40 pack",
    "COL Price": 7,
    "COL ppu": "$0.18 per 1Ea",
    "COL Size": "40 pack"
  },
  {
    "Brand_Product_Size": "Plenty Smooth Peanut Butter 375g",
    "COL Price": 6,
    "COL ppu": "$1.60 per 100G",
    "COL Size": "375g"
  },
  {
    "Brand_Product_Size": "Westmont Dill Sour Pickles 500g",
    "COL Price": 6.5,
    "COL ppu": "$13.00 per 1Kg",
    "COL Size": "500g"
  },
  {
    "Brand_Product_Size": "Audeeo Bluetooth Headphone Curio Assorted Colours 1 pack",
    "COL Price": 40,
    "COL ppu": "$40.00 per 1Ea",
    "COL Size": "1 pack"
  },
  {
    "Brand_Product_Size": "Hoyts Pitted Kalamata Olives 1.7kg",
    "COL Price": 11.9,
    "COL ppu": "$7.00 per 1Kg",
    "COL Size": "1.7kg"
  },
  {
    "Brand_Product_Size": "Tempo Passover Coffee Yoghurt 200g",
    "COL Price": 3,
    "COL ppu": "$1.50 per 100G",
    "COL Size": "200g"
  },
  {
    "Brand_Product_Size": "Coca-Cola Sprite Soft Drink Lemon Lime 1.25L",
    "COL Price": 2.6,
    "COL ppu": "$2.08 per 1L",
    "COL Size": "1.25L"
  },
  {
    "Brand_Product_Size": "Coles Soft Drink Diet Lemon 1.25L",
    "COL Price": 1,
    "COL ppu": "$0.80 per 1L",
    "COL Size": "1.25L"
  },
  {
    "Brand_Product_Size": "Sabco Dairy Scrub each",
    "COL Price": 7,
    "COL ppu": "$7.00 per 1Ea",
    "COL Size": "each"
  },
  {
    "Brand_Product_Size": "Nexba Sugar Free Creaming Soda Sparkling Infusion 1L",
    "COL Price": 2.65,
    "COL ppu": "$2.65 per 1L",
    "COL Size": "1L"
  },
  {
    "Brand_Product_Size": "Nexba Watermelon Cucumber & Mint Flavoured Sparkling Water 1L",
    "COL Price": 2.65,
    "COL ppu": "$2.65 per 1L",
    "COL Size": "1L"
  },
  {
    "Brand_Product_Size": "Maybelline Great Lash Blackest Black Mascara 10mL",
    "COL Price": 9.1,
    "COL ppu": "$9.10 per 10mL",
    "COL Size": "10mL"
  },
  {
    "Brand_Product_Size": "Doritos Cheese Supreme Corn Chips 60g",
    "COL Price": 2.1,
    "COL ppu": "$3.50 per 100G",
    "COL Size": "60g"
  },
  {
    "Brand_Product_Size": "Health Lab Almond Nut Protein Balls 3x40g 120g",
    "COL Price": 7.5,
    "COL ppu": "$6.25 per 100G",
    "COL Size": "120g"
  },
  {
    "Brand_Product_Size": "Head & Shoulders Shampoo Smooth And Silky 200mL",
    "COL Price": 7,
    "COL ppu": "$3.50 per 100mL",
    "COL Size": "200mL"
  },
  {
    "Brand_Product_Size": "Optus Realme C3 Blue each",
    "COL Price": 179,
    "COL ppu": "$179.00 per 1Ea",
    "COL Size": "each"
  },
  {
    "Brand_Product_Size": "Copha Vegetable Cooking Oil Solid 250g",
    "COL Price": 2.8,
    "COL ppu": "$1.12 per 100G",
    "COL Size": "250g"
  },
  {
    "Brand_Product_Size": "Mars Chocolate Bar Iced Confectionery Multipack 6 x 51mL 306mL",
    "COL Price": 8.5,
    "COL ppu": "$2.78 per 100mL",
    "COL Size": "306mL"
  },
  {
    "Brand_Product_Size": "Sara Lee Frozen Incredibly Fruity Apple Crumble Deep Dish Pie 800g",
    "COL Price": 7.5,
    "COL ppu": "$0.94 per 100G",
    "COL Size": "800g"
  },
  {
    "Brand_Product_Size": "Cadbury Old Gold Roast Almond Dark Chocolate Block 180g",
    "COL Price": 3.5,
    "COL ppu": "$1.94 per 100G",
    "COL Size": "180g"
  },
  {
    "Brand_Product_Size": "Sole Mare Mackerel Fillets Tuscan Herb & Olive In Olive Oil Skinless and Boneless 120g",
    "COL Price": 2.55,
    "COL ppu": "$21.25 per 1Kg",
    "COL Size": "120g"
  },
  {
    "Brand_Product_Size": "Simon Johnson Salted Caramel Wafers 80g",
    "COL Price": 9.35,
    "COL ppu": "$11.69 per 100G",
    "COL Size": "80g"
  },
  {
    "Brand_Product_Size": "Coles Frozen Chicken Breast Nuggets 400g",
    "COL Price": 3.6,
    "COL ppu": "$0.90 per 100G",
    "COL Size": "400g"
  },
  {
    "Brand_Product_Size": "Golden Circle Pine Mango Mashup Squeezy Pouch 120g",
    "COL Price": 1.5,
    "COL ppu": "$12.50 per 1Kg",
    "COL Size": "120g"
  },
  {
    "Brand_Product_Size": "Coles Round Crumpets 6 pack 300g",
    "COL Price": 1.35,
    "COL ppu": "$0.45 per 100G",
    "COL Size": "300g"
  },
  {
    "Brand_Product_Size": "Cook & Dine Patterned Serviettes 100 pack",
    "COL Price": 2,
    "COL ppu": "$2.00 per 100Ea",
    "COL Size": "100 pack"
  },
  {
    "Brand_Product_Size": "Coles Dry Roasted Cashews 400g",
    "COL Price": 9,
    "COL ppu": "$22.50 per 1Kg",
    "COL Size": "400g"
  },
  {
    "Brand_Product_Size": "Bic Mega Lighters 2 pack",
    "COL Price": 8.4,
    "COL ppu": "$4.20 per 1Ea",
    "COL Size": "2 pack"
  },
  {
    "Brand_Product_Size": "Patak's Korma Simmer Sauce Mild 450g",
    "COL Price": 3.5,
    "COL ppu": "$0.78 per 100G",
    "COL Size": "450g"
  },
  {
    "Brand_Product_Size": "Wonder White Bread + Vitamins Toast 700g",
    "COL Price": 3.4,
    "COL ppu": "$0.49 per 100G",
    "COL Size": "700g"
  },
  {
    "Brand_Product_Size": "Uncle Toby's Roll Ups Lemonade 94g",
    "COL Price": 2,
    "COL ppu": "$2.13 per 100G",
    "COL Size": "94g"
  },
  {
    "Brand_Product_Size": "Praise Free Range Egg Seafood Squeezy Sauce 250mL",
    "COL Price": 3,
    "COL ppu": "$1.20 per 100mL",
    "COL Size": "250mL"
  },
  {
    "Brand_Product_Size": "Coles Seedless Watermelon Cut approx 1.99 kg each",
    "COL Price": 6.965,
    "COL ppu": "$3.50 per 1Kg",
    "COL Size": "approx 1.99 kg each"
  },
  {
    "Brand_Product_Size": "Obento Yakitori Sauce 250mL",
    "COL Price": 3,
    "COL ppu": "$1.20 per 100mL",
    "COL Size": "250mL"
  },
  {
    "Brand_Product_Size": "Pet Munchies Rabbit & Guinea Pig Treat 90g",
    "COL Price": 2.3,
    "COL ppu": "$2.56 per 100G",
    "COL Size": "90g"
  },
  {
    "Brand_Product_Size": "Mylanta 2go Double Strength Chewable Antacid Tablets 48 pack",
    "COL Price": 6.56,
    "COL ppu": "$0.14 per 1Ea",
    "COL Size": "48 pack"
  },
  {
    "Brand_Product_Size": "Ayam Premium Light Coconut Cream 270mL",
    "COL Price": 2,
    "COL ppu": "$0.74 per 100mL",
    "COL Size": "270mL"
  },
  {
    "Brand_Product_Size": "La Espanola Olive Oil Light & Mild 1L",
    "COL Price": 7.5,
    "COL ppu": "$0.75 per 100mL",
    "COL Size": "1L"
  },
  {
    "Brand_Product_Size": "Antoniou Filo Pastry Chilled 375g",
    "COL Price": 4,
    "COL ppu": "$1.07 per 100G",
    "COL Size": "375g"
  },
  {
    "Brand_Product_Size": "Monday Repair Conditioner 350mL",
    "COL Price": 10,
    "COL ppu": "$2.86 per 100mL",
    "COL Size": "350mL"
  },
  {
    "Brand_Product_Size": "Arnott's Scotch Finger Salted Caramel Biscuits 232g",
    "COL Price": 3,
    "COL ppu": "$1.29 per 100G",
    "COL Size": "232g"
  },
  {
    "Brand_Product_Size": "Mars Pods Large Snickers 310g",
    "COL Price": 6,
    "COL ppu": "$1.94 per 100G",
    "COL Size": "310g"
  },
  {
    "Brand_Product_Size": "Wing Hong Pork Sausage 175g",
    "COL Price": 8,
    "COL ppu": "$45.72 per 1Kg",
    "COL Size": "175g"
  },
  {
    "Brand_Product_Size": "Slow Hills RSPCA Approved Chicken Thigh Fillets 400g",
    "COL Price": 12,
    "COL ppu": "$30.00 per 1Kg",
    "COL Size": "400g"
  },
  {
    "Brand_Product_Size": "Peters Gluten Free Frosty Fruits Watermelon Slice Ice Cream Stick 8 pack 520mL",
    "COL Price": 7,
    "COL ppu": "$1.35 per 100mL",
    "COL Size": "520mL"
  },
  {
    "Brand_Product_Size": "Coles Deli Meredith Dairy Dill Chevre 150g",
    "COL Price": 9,
    "COL ppu": "$60.00 per 1Kg",
    "COL Size": "150g"
  },
  {
    "Brand_Product_Size": "Duracell Specialty Cr2 Batteries 1 pack",
    "COL Price": 12,
    "COL ppu": "$12.00 per 1Ea",
    "COL Size": "1 pack"
  },
  {
    "Brand_Product_Size": "Tyrrells Crinkle Cut Mature Cheddar 165g",
    "COL Price": 4.65,
    "COL ppu": "$2.82 per 100G",
    "COL Size": "165g"
  },
  {
    "Brand_Product_Size": "Organic Choice Black Orchid & Smoked Sandalwood Candle each",
    "COL Price": 15,
    "COL ppu": "$15.00 per 1Ea",
    "COL Size": "each"
  },
  {
    "Brand_Product_Size": "Scotch Gaffa Tape 15m each",
    "COL Price": 8,
    "COL ppu": "$8.00 per 1Ea",
    "COL Size": "each"
  },
  {
    "Brand_Product_Size": "Coles Deli Jumbo BBQ Pasta Salad each",
    "COL Price": 11,
    "COL ppu": "$11.00 per 1Ea",
    "COL Size": "each"
  },
  {
    "Brand_Product_Size": "Byron Bay Cookie Triple Choc Bites Pouch 100g",
    "COL Price": 2.5,
    "COL ppu": "$2.50 per 100G",
    "COL Size": "100g"
  },
  {
    "Brand_Product_Size": "Kebia Bulgarian Sheep's Cheese 400g",
    "COL Price": 8,
    "COL ppu": "$20.00 per 1Kg",
    "COL Size": "400g"
  },
  {
    "Brand_Product_Size": "Coles Yellow Capsicum approx. 320g each",
    "COL Price": 3.168,
    "COL ppu": "$9.90 per 1Kg",
    "COL Size": "approx. 320g each"
  },
  {
    "Brand_Product_Size": "Health Lab Hazelnut Choc Nut Butter Balls 40g",
    "COL Price": 3,
    "COL ppu": "$7.50 per 100G",
    "COL Size": "40g"
  },
  {
    "Brand_Product_Size": "Coles Fresh Cabbage - Drumhead Half 1 each",
    "COL Price": 3.5,
    "COL ppu": "$3.50 per 1Ea",
    "COL Size": "1 each"
  },
  {
    "Brand_Product_Size": "Nice & Natural Salted Caramel Protein Nut Bars With 3 Superseeds 5 Pack 165g",
    "COL Price": 5,
    "COL ppu": "$3.03 per 100G",
    "COL Size": "165g"
  },
  {
    "Brand_Product_Size": "Cornwell's White Vinegar 2L",
    "COL Price": 4.1,
    "COL ppu": "$0.21 per 100mL",
    "COL Size": "2L"
  },
  {
    "Brand_Product_Size": "CSR White Sugar 1kg",
    "COL Price": 1.75,
    "COL ppu": "$0.18 per 100G",
    "COL Size": "1kg"
  },
  {
    "Brand_Product_Size": "Coles Beef 4 Star Lean Mince 800g",
    "COL Price": 12,
    "COL ppu": "$1.50 per 100G",
    "COL Size": "800g"
  },
  {
    "Brand_Product_Size": "Patties Sundried Tomato Parme & Basil Croquette 300g",
    "COL Price": 6,
    "COL ppu": "$2.00 per 100G",
    "COL Size": "300g"
  },
  {
    "Brand_Product_Size": "Dine Creamy Treats Tuna And Salmon Flavour Cat Treat 4 pack",
    "COL Price": 3,
    "COL ppu": "$6.25 per 100G",
    "COL Size": "4 pack"
  },
  {
    "Brand_Product_Size": "Valley Produce Co. Vegetable Flatbread  Carrot Artisan Crackers 130g",
    "COL Price": 4.9,
    "COL ppu": "$3.77 per 100G",
    "COL Size": "130g"
  },
  {
    "Brand_Product_Size": "Hoyts Bay Leaves 20g",
    "COL Price": 5.1,
    "COL ppu": "$2.55 per 10G",
    "COL Size": "20g"
  },
  {
    "Brand_Product_Size": "V.I.P. Natures Goodness Grain Free Wild Game & Sweet Potato Dry Dog Food 3kg",
    "COL Price": 15.8,
    "COL ppu": "$0.53 per 100G",
    "COL Size": "3kg"
  },
  {
    "Brand_Product_Size": "Aunt Betty's Chocolate Steamy Puds 2 Pack 190g",
    "COL Price": 4,
    "COL ppu": "$2.11 per 100G",
    "COL Size": "190g"
  },
  {
    "Brand_Product_Size": "Cottee's Coola No Added Sugar Cordial 1L",
    "COL Price": 4.2,
    "COL ppu": "$4.20 per 1L",
    "COL Size": "1L"
  },
  {
    "Brand_Product_Size": "Nescafe Green Blend Instant Coffee 100g",
    "COL Price": 11,
    "COL ppu": "$11.00 per 100G",
    "COL Size": "100g"
  },
  {
    "Brand_Product_Size": "Coles Australian Currants 375g",
    "COL Price": 4,
    "COL ppu": "$10.67 per 1Kg",
    "COL Size": "375g"
  },
  {
    "Brand_Product_Size": "Coles Basa Skin Off Fillet 400g",
    "COL Price": 7,
    "COL ppu": "$1.75 per 100G",
    "COL Size": "400g"
  },
  {
    "Brand_Product_Size": "Bega Bar-B-Cubes Tasty Cheese 500g",
    "COL Price": 8,
    "COL ppu": "$16.00 per 1Kg",
    "COL Size": "500g"
  },
  {
    "Brand_Product_Size": "Five Tastes Infusions Chinese Fried Rice 160g",
    "COL Price": 4,
    "COL ppu": "$2.50 per 100G",
    "COL Size": "160g"
  },
  {
    "Brand_Product_Size": "Herbal Essences Bio Renew Coconut Milk Conditioner 400mL",
    "COL Price": 12,
    "COL ppu": "$3.00 per 100mL",
    "COL Size": "400mL"
  },
  {
    "Brand_Product_Size": "Coles Speculoos Crunchy Biscuit Spread 350g",
    "COL Price": 1.75,
    "COL ppu": "$0.50 per 100G",
    "COL Size": "350g"
  },
  {
    "Brand_Product_Size": "Coles Budgie & Canary Treat With Honey 1 pack",
    "COL Price": 2,
    "COL ppu": "$2.00 per 1Ea",
    "COL Size": "1 pack"
  },
  {
    "Brand_Product_Size": "Lo-fo Pantry Low Fodmap Plain Flour 1 kg",
    "COL Price": 4.5,
    "COL ppu": "$4.50 per 1Kg",
    "COL Size": "1 kg"
  },
  {
    "Brand_Product_Size": "Galaxy Minstrels Chocolate Bag 80g",
    "COL Price": 4.6,
    "COL ppu": "$5.75 per 100G",
    "COL Size": "80g"
  },
  {
    "Brand_Product_Size": "Deeko White Serviettes 80 pack",
    "COL Price": 1.6,
    "COL ppu": "$2.00 per 100Ea",
    "COL Size": "80 pack"
  },
  {
    "Brand_Product_Size": "Mars M&M's Crunchy Caramel 130g",
    "COL Price": 3,
    "COL ppu": "$2.31 per 100G",
    "COL Size": "130g"
  },
  {
    "Brand_Product_Size": "Lavazza Qualita Rossa Coffee Beans 1kg",
    "COL Price": 22,
    "COL ppu": "$2.20 per 100G",
    "COL Size": "1kg"
  },
  {
    "Brand_Product_Size": "Wonder White Bread Wholemeal Plus Iron 700g",
    "COL Price": 3.4,
    "COL ppu": "$0.49 per 100G",
    "COL Size": "700g"
  },
  {
    "Brand_Product_Size": "Bonne Maman Strawberry Jam 370g",
    "COL Price": 5.2,
    "COL ppu": "$1.41 per 100G",
    "COL Size": "370g"
  },
  {
    "Brand_Product_Size": "Purina One Salmon & Tuna Adult Dry Cat Food 1+ Years 3kg",
    "COL Price": 23,
    "COL ppu": "$0.77 per 100G",
    "COL Size": "3kg"
  },
  {
    "Brand_Product_Size": "Clairol Nice 'N Easy 118C Natural Medium Chestnut Brown Hair Colour 1 pack",
    "COL Price": 9,
    "COL ppu": "$9.00 per 1Ea",
    "COL Size": "1 pack"
  },
  {
    "Brand_Product_Size": "Arnott's Butternut Snap Biscuits 250g",
    "COL Price": 3,
    "COL ppu": "$1.20 per 100G",
    "COL Size": "250g"
  },
  {
    "Brand_Product_Size": "Raid Flying Insect Killer Odourless Protector Spray 350g",
    "COL Price": 5,
    "COL ppu": "$1.43 per 100G",
    "COL Size": "350g"
  },
  {
    "Brand_Product_Size": "Freedom Foods Vanilla Maple Almond Clusters 360g",
    "COL Price": 6,
    "COL ppu": "$1.67 per 100G",
    "COL Size": "360g"
  },
  {
    "Brand_Product_Size": "Schweppes Raspberry Flavour Multipack Bottles 300mL 4 pack",
    "COL Price": 6.65,
    "COL ppu": "$5.54 per 1L",
    "COL Size": "4 pack"
  },
  {
    "Brand_Product_Size": "Eskal Matjes Herring Fillets 250g",
    "COL Price": 4.5,
    "COL ppu": "$18.00 per 1Kg",
    "COL Size": "250g"
  },
  {
    "Brand_Product_Size": "Herbal Essences Aloe & Bamboo Shampoo 400mL",
    "COL Price": 20,
    "COL ppu": "$5.00 per 100mL",
    "COL Size": "400mL"
  },
  {
    "Brand_Product_Size": "Oral-B 3D White Luxe Glamorous White Toothpaste 95g",
    "COL Price": 4.5,
    "COL ppu": "$4.74 per 100G",
    "COL Size": "95g"
  },
  {
    "Brand_Product_Size": "Bic 4 Colour Pen each",
    "COL Price": 2.24,
    "COL ppu": "$2.24 per 1Ea",
    "COL Size": "each"
  },
  {
    "Brand_Product_Size": "Coles RSPCA Approved Chicken Frames approx. 750g each",
    "COL Price": 3.375,
    "COL ppu": "$4.50 per 1Kg",
    "COL Size": "approx. 750g each"
  },
  {
    "Brand_Product_Size": "I&J Frozen Tasty Lightly Crumbed Calamari Rings 400g",
    "COL Price": 7,
    "COL ppu": "$17.50 per 1Kg",
    "COL Size": "400g"
  },
  {
    "Brand_Product_Size": "Morning Fresh Dishwash Liquid Strawberry Guava 400mL",
    "COL Price": 2.15,
    "COL ppu": "$0.54 per 100mL",
    "COL Size": "400mL"
  },
  {
    "Brand_Product_Size": "Oli6 Stage 2 Goat Milk Follow On Formula 6-12 Months 800g",
    "COL Price": 32,
    "COL ppu": "$4.00 per 100G",
    "COL Size": "800g"
  },
  {
    "Brand_Product_Size": "Coles Smooth Hazelnut Spread 1kg",
    "COL Price": 6,
    "COL ppu": "$0.60 per 100G",
    "COL Size": "1kg"
  },
  {
    "Brand_Product_Size": "Cleaver's Lamb Rump Steak with Herbs Organic approx. 450g pack",
    "COL Price": 16.65,
    "COL ppu": "$37.00 per 1Kg",
    "COL Size": "approx. 450g pack"
  },
  {
    "Brand_Product_Size": "Coles Goji Berries 150g",
    "COL Price": 4.7,
    "COL ppu": "$31.34 per 1Kg",
    "COL Size": "150g"
  },
  {
    "Brand_Product_Size": "Kiwi Mini Brush 1 each",
    "COL Price": 5,
    "COL ppu": "",
    "COL Size": "1 each"
  },
  {
    "Brand_Product_Size": "Coles Avocado Dip 200g",
    "COL Price": 1.9,
    "COL ppu": "$0.95 per 100G",
    "COL Size": "200g"
  },
  {
    "Brand_Product_Size": "Spam Ham with Real Bacon 340g",
    "COL Price": 5.16,
    "COL ppu": "$15.18 per 1Kg",
    "COL Size": "340g"
  },
  {
    "Brand_Product_Size": "Nuttelex Coconut Oil Spread 500g",
    "COL Price": 3,
    "COL ppu": "$0.60 per 100G",
    "COL Size": "500g"
  },
  {
    "Brand_Product_Size": "Coles Finest French Double Cream Brie approx. 100g",
    "COL Price": 7,
    "COL ppu": "$70.00 per 1Kg",
    "COL Size": "approx. 100g"
  },
  {
    "Brand_Product_Size": "Invisible Zinc Face & Body Sunscreen SPF 30+ 150g",
    "COL Price": 24,
    "COL ppu": "$16.00 per 100G",
    "COL Size": "150g"
  },
  {
    "Brand_Product_Size": "Queen Metallic Icing Writing Gel 5 Pack 105g",
    "COL Price": 5,
    "COL ppu": "$4.76 per 100G",
    "COL Size": "105g"
  },
  {
    "Brand_Product_Size": "Senza Gluten Free Focaccia Garlic & Herb 250g",
    "COL Price": 5,
    "COL ppu": "$2.00 per 100G",
    "COL Size": "250g"
  },
  {
    "Brand_Product_Size": "Vittoria Biscotti Biscuits Vittorina 200g",
    "COL Price": 3.2,
    "COL ppu": "$1.60 per 100G",
    "COL Size": "200g"
  },
  {
    "Brand_Product_Size": "Greens Temptations Chocolate Mousse 185g",
    "COL Price": 4,
    "COL ppu": "$2.16 per 100G",
    "COL Size": "185g"
  },
  {
    "Brand_Product_Size": "Sabco Clean Ease Flat Mop Refill each",
    "COL Price": 12,
    "COL ppu": "$12.00 per 1Ea",
    "COL Size": "each"
  },
  {
    "Brand_Product_Size": "Babylove Soft & Comfy Sleepy Nights Pants Unisex 8-15 Years Convenience Pack 8 pack",
    "COL Price": 9,
    "COL ppu": "$1.13 per 1Ea",
    "COL Size": "8 pack"
  },
  {
    "Brand_Product_Size": "Fehlbergs Jalapeno & Chilli Mix Sliced Pickle 470g",
    "COL Price": 3.65,
    "COL ppu": "$7.77 per 1Kg",
    "COL Size": "470g"
  },
  {
    "Brand_Product_Size": "Coles Organic Toasted Coconut Flakes With Sea Salt 140g",
    "COL Price": 4.5,
    "COL ppu": "$32.14 per 1Kg",
    "COL Size": "140g"
  },
  {
    "Brand_Product_Size": "Scholastic Learning Express Workbook Level L3 Ages 8-9 each",
    "COL Price": 5,
    "COL ppu": "$5.00 per 1Ea",
    "COL Size": "each"
  },
  {
    "Brand_Product_Size": "Fehlbergs Gherkins Sweet Spiced 530g",
    "COL Price": 2.7,
    "COL ppu": "$5.09 per 1Kg",
    "COL Size": "530g"
  },
  {
    "Brand_Product_Size": "Libra Goodnight Extra Long & Wide 6 pack",
    "COL Price": 2.94,
    "COL ppu": "",
    "COL Size": "6 pack"
  },
  {
    "Brand_Product_Size": "Kellogg's K-Time Choc & Raspberry Flavour Soft Baked Breaks 5 pack 185g",
    "COL Price": 4,
    "COL ppu": "$2.16 per 100G",
    "COL Size": "185g"
  },
  {
    "Brand_Product_Size": "Nestle Milkybar White Chocolate 11 Piece Fun Pack 158g",
    "COL Price": 3,
    "COL ppu": "$1.90 per 100G",
    "COL Size": "158g"
  },
  {
    "Brand_Product_Size": "Peckish Lightly Salted Brown Rice Crackers 100g",
    "COL Price": 2.5,
    "COL ppu": "$2.50 per 100G",
    "COL Size": "100g"
  },
  {
    "Brand_Product_Size": "Dairy Farmers Pure Cream 300mL",
    "COL Price": 2.8,
    "COL ppu": "$0.93 per 100mL",
    "COL Size": "300mL"
  },
  {
    "Brand_Product_Size": "Purr Seafood Selection Cat Food 85g 6 pack",
    "COL Price": 5,
    "COL ppu": "$0.98 per 100G",
    "COL Size": "6 pack"
  },
  {
    "Brand_Product_Size": "Bionaturals B Complex 60 pack",
    "COL Price": 27,
    "COL ppu": "$45.00 per 100Ea",
    "COL Size": "60 pack"
  },
  {
    "Brand_Product_Size": "Whiskas 1+ Years Tasty Trios Mixed Selection With Vegetable Or Rice Wet Cat Food 85g Pouch 12 pack",
    "COL Price": 7.35,
    "COL ppu": "$0.72 per 100G",
    "COL Size": "12 pack"
  },
  {
    "Brand_Product_Size": "Coles Indian Style Triangles 140g",
    "COL Price": 5,
    "COL ppu": "$3.57 per 100G",
    "COL Size": "140g"
  },
  {
    "Brand_Product_Size": "U By Kotex Pads Regular Wing 16 pack",
    "COL Price": 4,
    "COL ppu": "$0.25 per 1Ea",
    "COL Size": "16 pack"
  },
  {
    "Brand_Product_Size": "Latina Fresh Beef Ravioli 375g",
    "COL Price": 4,
    "COL ppu": "$1.07 per 100G",
    "COL Size": "375g"
  },
  {
    "Brand_Product_Size": "Meat Mates Feline Freeze Dried Beef Cat Treat 50g",
    "COL Price": 8,
    "COL ppu": "$16.00 per 100G",
    "COL Size": "50g"
  },
  {
    "Brand_Product_Size": "Oreo Creme Biscuits Chocolate 133g",
    "COL Price": 1.5,
    "COL ppu": "$1.13 per 100G",
    "COL Size": "133g"
  },
  {
    "Brand_Product_Size": "UW Womens Bamboo Blend Crew Black 5-10 5 pack",
    "COL Price": 10,
    "COL ppu": "$2.00 per 1Ea",
    "COL Size": "5 pack"
  },
  {
    "Brand_Product_Size": "Chobani Fit Mango Yoghurt 170g",
    "COL Price": 2.25,
    "COL ppu": "$1.32 per 100G",
    "COL Size": "170g"
  },
  {
    "Brand_Product_Size": "Shelbys Nuts Raspberry Almonds 40g",
    "COL Price": 3,
    "COL ppu": "$7.50 per 100G",
    "COL Size": "40g"
  },
  {
    "Brand_Product_Size": "Coon Colby Cheese Block 1kg",
    "COL Price": 10.85,
    "COL ppu": "$10.85 per 1Kg",
    "COL Size": "1kg"
  },
  {
    "Brand_Product_Size": "Cook & Dine Serving Spoon each",
    "COL Price": 2,
    "COL ppu": "$2.00 per 1Ea",
    "COL Size": "each"
  },
  {
    "Brand_Product_Size": "Sabco Handle Holder each",
    "COL Price": 11,
    "COL ppu": "$11.00 per 1Ea",
    "COL Size": "each"
  },
  {
    "Brand_Product_Size": "Tonizone Citrus Ironing Aid Starch Spray 400g",
    "COL Price": 3.6,
    "COL ppu": "$9.00 per 1Kg",
    "COL Size": "400g"
  },
  {
    "Brand_Product_Size": "Baci Hazelnut Dark Chocolate Bag 125g",
    "COL Price": 7,
    "COL ppu": "$5.60 per 100G",
    "COL Size": "125g"
  },
  {
    "Brand_Product_Size": "Coles Banana Bread Mix 400g",
    "COL Price": 3.4,
    "COL ppu": "$0.85 per 100G",
    "COL Size": "400g"
  },
  {
    "Brand_Product_Size": "Eco Tools Start The Day Beautiful Kit 1 pack",
    "COL Price": 31.9,
    "COL ppu": "$31.90 per 1Ea",
    "COL Size": "1 pack"
  },
  {
    "Brand_Product_Size": "Coolpod Fruitbox Cooler Bag each",
    "COL Price": 6.6,
    "COL ppu": "$6.60 per 1ea",
    "COL Size": "each"
  },
  {
    "Brand_Product_Size": "Wrigley's Eclipse Sugar Free Strawberry Mints Large Tin 40g",
    "COL Price": 3,
    "COL ppu": "$7.50 per 100G",
    "COL Size": "40g"
  },
  {
    "Brand_Product_Size": "Pascall Marshmallows Pink and White Lollies 280g",
    "COL Price": 4,
    "COL ppu": "$1.43 per 100G",
    "COL Size": "280g"
  },
  {
    "Brand_Product_Size": "Glad Regular Oven Bags 25cm X 38cm 5 pack",
    "COL Price": 2.4,
    "COL ppu": "$0.48 per 1Ea",
    "COL Size": "5 pack"
  },
  {
    "Brand_Product_Size": "Garnier Fructis Normal Shampoo 850mL",
    "COL Price": 7.5,
    "COL ppu": "$0.88 per 100mL",
    "COL Size": "850mL"
  },
  {
    "Brand_Product_Size": "Bounce Coconut Shortbread Keto Bar 35 gram",
    "COL Price": 3,
    "COL ppu": "",
    "COL Size": "35 gram"
  },
  {
    "Brand_Product_Size": "Coles Foaming Hand Wash Lime & Mint Antibacterial 250mL",
    "COL Price": 2,
    "COL ppu": "$0.80 per 100mL",
    "COL Size": "250mL"
  },
  {
    "Brand_Product_Size": "Energizer Lightning In Ear Earphones each",
    "COL Price": 35,
    "COL ppu": "$35.00 per 1Ea",
    "COL Size": "each"
  },
  {
    "Brand_Product_Size": "Quit Nits Kills Head+Body Lice Foam 125mL",
    "COL Price": 9,
    "COL ppu": "$7.20 per 100mL",
    "COL Size": "125mL"
  },
  {
    "Brand_Product_Size": "Coles Kitchen Beef Stroganoff & Rice 350g",
    "COL Price": 7.5,
    "COL ppu": "$2.14 per 100G",
    "COL Size": "350g"
  },
  {
    "Brand_Product_Size": "Primo Shredded Ham Twin Pack 300g",
    "COL Price": 4.6,
    "COL ppu": "$15.33 per 1Kg",
    "COL Size": "300g"
  },
  {
    "Brand_Product_Size": "Lipton Chai Latte Sachets 370g 16 pack",
    "COL Price": 9.5,
    "COL ppu": "$0.59 per 1Ea",
    "COL Size": "16 pack"
  },
  {
    "Brand_Product_Size": "Eurobisc Croissant With Chocolate Cream Filling 6 Pack 300g",
    "COL Price": 5,
    "COL ppu": "$1.67 per 100G",
    "COL Size": "300g"
  },
  {
    "Brand_Product_Size": "Continental Oriental Fried Rice 115g",
    "COL Price": 2.2,
    "COL ppu": "$1.91 per 100G",
    "COL Size": "115g"
  },
  {
    "Brand_Product_Size": "Coles Bake & Create Milk Chocolate Chips 200g",
    "COL Price": 2.5,
    "COL ppu": "$1.25 per 100G",
    "COL Size": "200g"
  },
  {
    "Brand_Product_Size": "Lemnos Smooth Fetta Cheese 200g",
    "COL Price": 5,
    "COL ppu": "$2.50 per 100G",
    "COL Size": "200g"
  },
  {
    "Brand_Product_Size": "Maui Oil Mist Coconut Milk Weightless 125mL",
    "COL Price": 22,
    "COL ppu": "$17.60 per 100mL",
    "COL Size": "125mL"
  },
  {
    "Brand_Product_Size": "I&J Beer Batter Wild Caught Fish Fillets 1.03kg",
    "COL Price": 11,
    "COL ppu": "$10.68 per 1Kg",
    "COL Size": "1.03kg"
  },
  {
    "Brand_Product_Size": "Freedom Foods Fructose Free Ancient Grain Muesli 300g",
    "COL Price": 6.5,
    "COL ppu": "$2.17 per 100G",
    "COL Size": "300g"
  },
  {
    "Brand_Product_Size": "Schwarzkopf Extra Care Bio-tech Repair Shampoo 500mL",
    "COL Price": 17,
    "COL ppu": "$3.40 per 100mL",
    "COL Size": "500mL"
  },
  {
    "Brand_Product_Size": "Sanitarium So Good Long Life Unsweetened Almond Milk 250mL 3 pack",
    "COL Price": 4.5,
    "COL ppu": "$6.00 per 1L",
    "COL Size": "3 pack"
  },
  {
    "Brand_Product_Size": "Coles Crunchy Hazelnut Spread 400g",
    "COL Price": 2.5,
    "COL ppu": "$0.63 per 100G",
    "COL Size": "400g"
  },
  {
    "Brand_Product_Size": "Garnier Fructis Full & Luscious Conditioner 850mL",
    "COL Price": 7.5,
    "COL ppu": "$0.88 per 100mL",
    "COL Size": "850mL"
  },
  {
    "Brand_Product_Size": "V.I.P. Natures Goodness Grain Free Kangaroo with Sweet Potato & Green Beans Canned Dog Food 400g",
    "COL Price": 1.9,
    "COL ppu": "$0.48 per 100G",
    "COL Size": "400g"
  },
  {
    "Brand_Product_Size": "We Love Cake Chocolate Brownies 4 Pack 150g",
    "COL Price": 5.5,
    "COL ppu": "$3.67 per 100G",
    "COL Size": "150g"
  },
  {
    "Brand_Product_Size": "Freedom Foods Ultra Rice Maple Crunch Gluten Free 300g",
    "COL Price": 5,
    "COL ppu": "$1.67 per 100G",
    "COL Size": "300g"
  },
  {
    "Brand_Product_Size": "The Spice Tailor Classic Lentil Tarka Daal 500g",
    "COL Price": 5.5,
    "COL ppu": "$1.10 per 100G",
    "COL Size": "500g"
  },
  {
    "Brand_Product_Size": "Reflex A4 Copy Paper 500 Sheet each",
    "COL Price": 7,
    "COL ppu": "$7.00 per 1ea",
    "COL Size": "each"
  },
  {
    "Brand_Product_Size": "Coles Kitchen Tidy Medium Bags With Handles Lavender Scent 30 pack",
    "COL Price": 2,
    "COL ppu": "$0.07 per 1Ea",
    "COL Size": "30 pack"
  },
  {
    "Brand_Product_Size": "Fine Fettle Gluten Free Flats Cauliflower & Turmeric 80g",
    "COL Price": 7,
    "COL ppu": "$8.75 per 100G",
    "COL Size": "80g"
  },
  {
    "Brand_Product_Size": "Three Threes Sweet Sliced Beetroot 415g",
    "COL Price": 3,
    "COL ppu": "$7.23 per 1Kg",
    "COL Size": "415g"
  },
  {
    "Brand_Product_Size": "Oreo Chocolate Coated Biscuit 204g",
    "COL Price": 3.8,
    "COL ppu": "$1.86 per 100G",
    "COL Size": "204g"
  },
  {
    "Brand_Product_Size": "VO5 Firm Hold Hairspray Pump 200mL",
    "COL Price": 4,
    "COL ppu": "$2.00 per 100mL",
    "COL Size": "200mL"
  },
  {
    "Brand_Product_Size": "South Cape Buttery & Tangy Havarti Cheese Wedge 200g",
    "COL Price": 4.7,
    "COL ppu": "$23.50 per 1Kg",
    "COL Size": "200g"
  },
  {
    "Brand_Product_Size": "Slendier Wok Ready Noodles 400g",
    "COL Price": 3.9,
    "COL ppu": "$0.98 per 100G",
    "COL Size": "400g"
  },
  {
    "Brand_Product_Size": "Harpic Citrus White & Shine Bleach Gel 450mL",
    "COL Price": 3,
    "COL ppu": "$0.67 per 100mL",
    "COL Size": "450mL"
  },
  {
    "Brand_Product_Size": "Elevate Dry Cat Food Kitten Chicken & Rice With Sweet Potato 800g",
    "COL Price": 14,
    "COL ppu": "$1.75 per 100G",
    "COL Size": "800g"
  },
  {
    "Brand_Product_Size": "Air Wick Pure Fresh Berries Car Air Freshener 1 pack",
    "COL Price": 6,
    "COL ppu": "$24.00 per 10mL",
    "COL Size": "1 pack"
  },
  {
    "Brand_Product_Size": "Nestle Milky Bar Whirl Fun Pack Chocolate Block 158g",
    "COL Price": 3,
    "COL ppu": "$1.90 per 100G",
    "COL Size": "158g"
  },
  {
    "Brand_Product_Size": "Coles Tinted Facial Sunscreen SPF 50+ 50mL",
    "COL Price": 6,
    "COL ppu": "$12.00 per 100mL",
    "COL Size": "50mL"
  },
  {
    "Brand_Product_Size": "Coles Roasted Capsicum And Cashew Dip 150g",
    "COL Price": 3,
    "COL ppu": "$2.00 per 100G",
    "COL Size": "150g"
  },
  {
    "Brand_Product_Size": "Sun Health Macadamia & Honey Bar 35g",
    "COL Price": 1.75,
    "COL ppu": "$5.00 per 100G",
    "COL Size": "35g"
  },
  {
    "Brand_Product_Size": "Sukin Signature Botanical Body Wash 1L",
    "COL Price": 17.95,
    "COL ppu": "$17.95 per 1L",
    "COL Size": "1L"
  },
  {
    "Brand_Product_Size": "Coles Pork Ribs Bbq approx. 1.2kg",
    "COL Price": 24,
    "COL ppu": "$20.00 per 1Kg",
    "COL Size": "approx. 1.2kg"
  },
  {
    "Brand_Product_Size": "Massel 7 Bouillon Cubes Beef Style 35g",
    "COL Price": 1,
    "COL ppu": "$0.29 per 10G",
    "COL Size": "35g"
  },
  {
    "Brand_Product_Size": "Chobani Caramel Sunshine Flip Yoghurt 140g",
    "COL Price": 2,
    "COL ppu": "$1.43 per 100G",
    "COL Size": "140g"
  },
  {
    "Brand_Product_Size": "Hoyts Chilli Powder 50g",
    "COL Price": 1.6,
    "COL ppu": "$0.32 per 10G",
    "COL Size": "50g"
  },
  {
    "Brand_Product_Size": "Ziploc Sandwich Bags 30 pack",
    "COL Price": 4,
    "COL ppu": "$0.13 per 1Ea",
    "COL Size": "30 pack"
  },
  {
    "Brand_Product_Size": "L'Oreal Men Pure Charcoal Anti-Blackhead Face Scrub 100mL",
    "COL Price": 7.5,
    "COL ppu": "$7.50 per 100mL",
    "COL Size": "100mL"
  },
  {
    "Brand_Product_Size": "Scotts Complete Garden Health Treatment 1.2L",
    "COL Price": 10,
    "COL ppu": "$8.33 per 1L",
    "COL Size": "1.2L"
  },
  {
    "Brand_Product_Size": "Sukin Brightening Illuminating Moisturiser Pump 60mL",
    "COL Price": 25,
    "COL ppu": "$41.67 per 100mL",
    "COL Size": "60mL"
  },
  {
    "Brand_Product_Size": "Koi Natural Alcohol Hand Sanitiser 500mL",
    "COL Price": 16,
    "COL ppu": "$3.20 per 100mL",
    "COL Size": "500mL"
  },
  {
    "Brand_Product_Size": "Tamar Valley Kids Greek Pouch Yoghurt 110g",
    "COL Price": 1.3,
    "COL ppu": "$1.18 per 100G",
    "COL Size": "110g"
  },
  {
    "Brand_Product_Size": "Lavazza Espresso Delizioso Intensita 8 Coffee Capsules 16 pack",
    "COL Price": 11,
    "COL ppu": "$0.69 per 1Ea",
    "COL Size": "16 pack"
  },
  {
    "Brand_Product_Size": "Coles Blackberries Prepacked 125g",
    "COL Price": 6,
    "COL ppu": "$48.00 per 1Kg",
    "COL Size": "125g"
  },
  {
    "Brand_Product_Size": "Grandma's Golden Wok Pork Gyoza 800g",
    "COL Price": 18.5,
    "COL ppu": "$2.31 per 100G",
    "COL Size": "800g"
  },
  {
    "Brand_Product_Size": "Thomy Delikatess Mayonnaise 470g",
    "COL Price": 6,
    "COL ppu": "$1.28 per 100G",
    "COL Size": "470g"
  },
  {
    "Brand_Product_Size": "Cancer Council Sunscreen SPF 50 Moisturising Travel 35mL",
    "COL Price": 5,
    "COL ppu": "$14.29 per 100mL",
    "COL Size": "35mL"
  },
  {
    "Brand_Product_Size": "Coles Vanilla Flavoured Ice Cream Tub 4L",
    "COL Price": 4.9,
    "COL ppu": "$1.23 per 1L",
    "COL Size": "4L"
  },
  {
    "Brand_Product_Size": "Coles I'M Free From Sweet & Salty Puffed Corn Chips 100g",
    "COL Price": 3,
    "COL ppu": "$3.00 per 100G",
    "COL Size": "100g"
  },
  {
    "Brand_Product_Size": "Coles Leeks each",
    "COL Price": 2.5,
    "COL ppu": "$2.50 per 1Ea",
    "COL Size": "each"
  },
  {
    "Brand_Product_Size": "Patties Broccoli & Cheese Bites 300g",
    "COL Price": 6,
    "COL ppu": "$2.00 per 100G",
    "COL Size": "300g"
  },
  {
    "Brand_Product_Size": "Coles Deli Antipasto Mix 145g",
    "COL Price": 3.5,
    "COL ppu": "$24.14 per 1Kg",
    "COL Size": "145g"
  },
  {
    "Brand_Product_Size": "MasterFoods Gherkin Relish 260g",
    "COL Price": 3.45,
    "COL ppu": "$1.33 per 100G",
    "COL Size": "260g"
  },
  {
    "Brand_Product_Size": "Herron Sennesoft Laxatives 100 pack",
    "COL Price": 8,
    "COL ppu": "$0.08 per 1Ea",
    "COL Size": "100 pack"
  },
  {
    "Brand_Product_Size": "Coles BBQ Pack 1kg",
    "COL Price": 10,
    "COL ppu": "$10.00 per 1Kg",
    "COL Size": "1kg"
  },
  {
    "Brand_Product_Size": "Nakula Coconut Mango Yoghurt 500g",
    "COL Price": 5,
    "COL ppu": "$1.00 per 100G",
    "COL Size": "500g"
  },
  {
    "Brand_Product_Size": "Coles Bakery Marks Vegan Raspberry Chia Cake 2 pack",
    "COL Price": 6,
    "COL ppu": "$3.00 per 1Ea",
    "COL Size": "2 pack"
  },
  {
    "Brand_Product_Size": "Bega Stringers Cheddar Cheese 8 pack 160g",
    "COL Price": 5.5,
    "COL ppu": "$34.38 per 1Kg",
    "COL Size": "160g"
  },
  {
    "Brand_Product_Size": "Swisse Ultivite Men's Multivitamin Tablets 120 pack",
    "COL Price": 35,
    "COL ppu": "$29.17 per 100Ea",
    "COL Size": "120 pack"
  },
  {
    "Brand_Product_Size": "Latina Fresh Egg Fettuccine 375g",
    "COL Price": 3.5,
    "COL ppu": "$0.93 per 100G",
    "COL Size": "375g"
  },
  {
    "Brand_Product_Size": "Philadelphia Original Spreadable Cream Cheese Tub 250g",
    "COL Price": 4.7,
    "COL ppu": "$18.80 per 1Kg",
    "COL Size": "250g"
  },
  {
    "Brand_Product_Size": "Cook & Dine Chopping Board Set With Stand 4 pack",
    "COL Price": 20,
    "COL ppu": "$5.00 per 1Ea",
    "COL Size": "4 pack"
  },
  {
    "Brand_Product_Size": "Bushells Extra Strong Leaf Tea 250g",
    "COL Price": 3.6,
    "COL ppu": "$1.44 per 100G",
    "COL Size": "250g"
  },
  {
    "Brand_Product_Size": "Nongshim Onion Flavoured Rings 50g",
    "COL Price": 2,
    "COL ppu": "$4.00 per 100G",
    "COL Size": "50g"
  },
  {
    "Brand_Product_Size": "Twinings In'Fuse Cold Water Infusion Watermelon Strawberry Mint 30 pack",
    "COL Price": 11,
    "COL ppu": "$0.37 per 1Ea",
    "COL Size": "30 pack"
  },
  {
    "Brand_Product_Size": "Cook & Dine Coffee Plunger 400mL each",
    "COL Price": 5.6,
    "COL ppu": "$5.60 per 1Ea",
    "COL Size": "each"
  },
  {
    "Brand_Product_Size": "President Camembert 200g",
    "COL Price": 6,
    "COL ppu": "$30.00 per 1Kg",
    "COL Size": "200g"
  },
  {
    "Brand_Product_Size": "Mirabella LED Warm White Globe GU10 6 Watt each",
    "COL Price": 10,
    "COL ppu": "$10.00 per 1Ea",
    "COL Size": "each"
  },
  {
    "Brand_Product_Size": "Red Rock Deli Style Crackers Sweet Chilli Sour Cream 135g",
    "COL Price": 4,
    "COL ppu": "$2.96 per 100G",
    "COL Size": "135g"
  },
  {
    "Brand_Product_Size": "Vittoria Espresso Ground Coffee 500g",
    "COL Price": 15,
    "COL ppu": "$3.00 per 100G",
    "COL Size": "500g"
  },
  {
    "Brand_Product_Size": "Continental Kosher Butchers Beef Chubbs Garlic approx. 600g pack",
    "COL Price": 14.1,
    "COL ppu": "$23.50 per 1Kg",
    "COL Size": "approx. 600g pack"
  },
  {
    "Brand_Product_Size": "Tetley All Rounder Pure Black Tea Bags 200 pack 400g",
    "COL Price": 6,
    "COL ppu": "$1.50 per 100G",
    "COL Size": "400g"
  },
  {
    "Brand_Product_Size": "Coles Deli Jumbo BBQ Pasta Salad each",
    "COL Price": 11,
    "COL ppu": "$11.00 per 1Ea",
    "COL Size": "each"
  },
  {
    "Brand_Product_Size": "Peckish Cheddar Cheese Rice Crackers 6 pack 120g",
    "COL Price": 3,
    "COL ppu": "$2.50 per 100G",
    "COL Size": "120g"
  },
  {
    "Brand_Product_Size": "Coles Frozen Hawaiian Pizza 500g",
    "COL Price": 3.3,
    "COL ppu": "$0.66 per 100G",
    "COL Size": "500g"
  },
  {
    "Brand_Product_Size": "Neutrogena Gentle Cleanser Cream 200mL",
    "COL Price": 14.5,
    "COL ppu": "$7.25 per 100mL",
    "COL Size": "200mL"
  },
  {
    "Brand_Product_Size": "Saxa Pink Himalayan Salt Grinder 95g",
    "COL Price": 4.4,
    "COL ppu": "$0.46 per 10G",
    "COL Size": "95g"
  },
  {
    "Brand_Product_Size": "Udder Delights Heysen Blue Vein Wheel approx. 100g",
    "COL Price": 5,
    "COL ppu": "$50.00 per 1Kg",
    "COL Size": "approx. 100g"
  },
  {
    "Brand_Product_Size": "Olay Regenerist Retinol 24 Night Serum 30mL",
    "COL Price": 59,
    "COL ppu": "$19.67 per 10G",
    "COL Size": "30mL"
  },
  {
    "Brand_Product_Size": "Pearl River Bridge Mushroom Flavoured Soy Sauce 500mL",
    "COL Price": 2.5,
    "COL ppu": "$0.50 per 100mL",
    "COL Size": "500mL"
  },
  {
    "Brand_Product_Size": "Uncle Tobys Traditional Porridge Oats 1kg",
    "COL Price": 6,
    "COL ppu": "$0.60 per 100G",
    "COL Size": "1kg"
  },
  {
    "Brand_Product_Size": "Elanco Comfortis Fleas Medium Dogs Treatment 1 pack",
    "COL Price": 22,
    "COL ppu": "$22.00 per 1Ea",
    "COL Size": "1 pack"
  },
  {
    "Brand_Product_Size": "Black Swan Crafted Sweet Potato Tahini & Cashew 200g",
    "COL Price": 4.3,
    "COL ppu": "$2.15 per 100G",
    "COL Size": "200g"
  },
  {
    "Brand_Product_Size": "Coles Ultra Antibacterial Wipes Lemon 100 pack",
    "COL Price": 3.5,
    "COL ppu": "$0.04 per 1Ea",
    "COL Size": "100 pack"
  },
  {
    "Brand_Product_Size": "Primo Gourmet Spicy Relish Beef Sausage 450g",
    "COL Price": 7.5,
    "COL ppu": "$1.67 per 100G",
    "COL Size": "450g"
  },
  {
    "Brand_Product_Size": "Pauls Rich Chocolate Double Thick Custard 900g",
    "COL Price": 5.3,
    "COL ppu": "$0.59 per 100G",
    "COL Size": "900g"
  },
  {
    "Brand_Product_Size": "Coles Chocolate Fingers Biscuits 200g",
    "COL Price": 1.65,
    "COL ppu": "$0.83 per 100G",
    "COL Size": "200g"
  },
  {
    "Brand_Product_Size": "Coles Free Range RSPCA Approved Chicken Maryland approx. 800g",
    "COL Price": 7.6,
    "COL ppu": "$9.50 per 1Kg",
    "COL Size": "approx. 800g"
  },
  {
    "Brand_Product_Size": "Fountain Barbecue Sauce 2L",
    "COL Price": 6,
    "COL ppu": "$0.30 per 100mL",
    "COL Size": "2L"
  },
  {
    "Brand_Product_Size": "OMO Ultimate Front & Top Laundry Powder 1.8kg",
    "COL Price": 11,
    "COL ppu": "$6.11 per 1Kg",
    "COL Size": "1.8kg"
  },
  {
    "Brand_Product_Size": "Coles Mini Flower Icing Figurines 8g",
    "COL Price": 3.5,
    "COL ppu": "$43.75 per 100G",
    "COL Size": "8g"
  },
  {
    "Brand_Product_Size": "Coles Medium Resealable Storage Bags 30 pack",
    "COL Price": 2.4,
    "COL ppu": "$0.08 per 1Ea",
    "COL Size": "30 pack"
  },
  {
    "Brand_Product_Size": "Hans Mild Twiggy Sticks approx. 125g each",
    "COL Price": 3.75,
    "COL ppu": "$30.00 per 1Kg",
    "COL Size": "approx. 125g each"
  },
  {
    "Brand_Product_Size": "Continental Spring Vegetable Soup Serves 4 30g",
    "COL Price": 1.4,
    "COL ppu": "$4.67 per 100G",
    "COL Size": "30g"
  },
  {
    "Brand_Product_Size": "Sara Lee Frozen Chocolate Bavarian Cheesecake 375g",
    "COL Price": 5,
    "COL ppu": "$1.33 per 100G",
    "COL Size": "375g"
  },
  {
    "Brand_Product_Size": "Fountain Mint Sauce 250mL",
    "COL Price": 2.5,
    "COL ppu": "$1.00 per 100mL",
    "COL Size": "250mL"
  },
  {
    "Brand_Product_Size": "Zooper Dooper 8 Cosmic Flavours Water Ice 70mL Tubes 24 pack",
    "COL Price": 5.8,
    "COL ppu": "$0.35 per 100mL",
    "COL Size": "24 pack"
  },
  {
    "Brand_Product_Size": "Golden Circle Pineapple Crushed in Syrup 450g",
    "COL Price": 3.75,
    "COL ppu": "$8.33 per 1Kg",
    "COL Size": "450g"
  },
  {
    "Brand_Product_Size": "Sanitarium Weet-Bix Blends Cranberry & Coconut Breakfast Cereal 450g",
    "COL Price": 5.3,
    "COL ppu": "$1.18 per 100G",
    "COL Size": "450g"
  },
  {
    "Brand_Product_Size": "Coles Deli Express Double Smoked Ham 150g",
    "COL Price": 5.3,
    "COL ppu": "$35.34 per 1Kg",
    "COL Size": "150g"
  },
  {
    "Brand_Product_Size": "Coles Beef Lasagne 1.8kg",
    "COL Price": 10,
    "COL ppu": "$5.56 per 1KG",
    "COL Size": "1.8kg"
  },
  {
    "Brand_Product_Size": "Continental Roast Chicken & Leek Risotto Serves 2 115g",
    "COL Price": 2.75,
    "COL ppu": "$2.39 per 100G",
    "COL Size": "115g"
  },
  {
    "Brand_Product_Size": "Continental French Onion Soup Serves 4 40g",
    "COL Price": 0.95,
    "COL ppu": "$2.38 per 100G",
    "COL Size": "40g"
  },
  {
    "Brand_Product_Size": "Scholl Corn Removal Pads 9 pack",
    "COL Price": 10,
    "COL ppu": "$10.00 per 1Ea",
    "COL Size": "9 pack"
  },
  {
    "Brand_Product_Size": "Nice & Natural Cashew Butter With Real Dark Chocolate 5 Bars 175g",
    "COL Price": 5,
    "COL ppu": "$2.86 per 100G",
    "COL Size": "175g"
  },
  {
    "Brand_Product_Size": "Coles Deli Salads Tub Medium Classic Pasta medium",
    "COL Price": 5,
    "COL ppu": "$5.00 per 1Ea",
    "COL Size": "medium"
  },
  {
    "Brand_Product_Size": "Streets Magnum White Ice Cream Sticks 4 pack 428mL",
    "COL Price": 4.5,
    "COL ppu": "$1.05 per 100mL",
    "COL Size": "428mL"
  },
  {
    "Brand_Product_Size": "Coles Jalapeno Cakes 250g",
    "COL Price": 5,
    "COL ppu": "$2.00 per 100G",
    "COL Size": "250g"
  },
  {
    "Brand_Product_Size": "Queen Buttercream Icing 300g",
    "COL Price": 3.25,
    "COL ppu": "$1.08 per 100G",
    "COL Size": "300g"
  },
  {
    "Brand_Product_Size": "Keep It Cleaner Nut Butter Filled Balls Dark Choc & Peanut Butter Filling 40g",
    "COL Price": 3.5,
    "COL ppu": "$8.75 per 100G",
    "COL Size": "40g"
  },
  {
    "Brand_Product_Size": "Hercules Click Zip Sandwich Bags 100 pack",
    "COL Price": 4.2,
    "COL ppu": "$0.04 per 1Ea",
    "COL Size": "100 pack"
  },
  {
    "Brand_Product_Size": "Jalna Pot Set Organic Bio Dynamic Whole Milk Yoghurt 1kg",
    "COL Price": 7.95,
    "COL ppu": "$7.95 per 1Kg",
    "COL Size": "1kg"
  },
  {
    "Brand_Product_Size": "Marco Polo Pelagonia Borlotti Beans 375g",
    "COL Price": 2.5,
    "COL ppu": "$0.67 per 100G",
    "COL Size": "375g"
  },
  {
    "Brand_Product_Size": "Cook & Dine Induction Saute Pan & Lid 28cm each",
    "COL Price": 20,
    "COL ppu": "$20.00 per 1Ea",
    "COL Size": "each"
  },
  {
    "Brand_Product_Size": "Velvet Sorbolene Soap 2 pack",
    "COL Price": 3.8,
    "COL ppu": "$1.90 per 1Ea",
    "COL Size": "2 pack"
  },
  {
    "Brand_Product_Size": "Golden Circle Crisp Apple Sparkling Multipack Juice Can 250mL 4 pack",
    "COL Price": 6.4,
    "COL ppu": "$6.40 per 1L",
    "COL Size": "4 pack"
  },
  {
    "Brand_Product_Size": "On The Menu Frozen Beef Lasagne 260g",
    "COL Price": 3,
    "COL ppu": "$1.15 per 100G",
    "COL Size": "260g"
  },
  {
    "Brand_Product_Size": "Ribena Blackcurrant Syrup Bottle 1L",
    "COL Price": 6,
    "COL ppu": "$6.00 per 1L",
    "COL Size": "1L"
  },
  {
    "Brand_Product_Size": "Gaganis Original Sesame Halva with Vanilla 250g",
    "COL Price": 5,
    "COL ppu": "$2.00 per 100G",
    "COL Size": "250g"
  },
  {
    "Brand_Product_Size": "Red Rock Deli Style Crackers Honey Soy Chicken 135g",
    "COL Price": 4,
    "COL ppu": "$2.96 per 100G",
    "COL Size": "135g"
  },
  {
    "Brand_Product_Size": "Method Glass Spray 490mL",
    "COL Price": 4.5,
    "COL ppu": "$0.92 per 100mL",
    "COL Size": "490mL"
  },
  {
    "Brand_Product_Size": "Sunbeam Sultanas Snack 6 Pack 240g",
    "COL Price": 2.1,
    "COL ppu": "$8.75 per 1Kg",
    "COL Size": "240g"
  },
  {
    "Brand_Product_Size": "Coles Sugar Snap Peas Loose approx. 200g",
    "COL Price": 3.4,
    "COL ppu": "$17.00 per 1Kg",
    "COL Size": "approx. 200g"
  },
  {
    "Brand_Product_Size": "Always Fresh Sundried Tomato Strips 670g",
    "COL Price": 9,
    "COL ppu": "$13.43 per 1Kg",
    "COL Size": "670g"
  },
  {
    "Brand_Product_Size": "Kedem Concord Grape Juice 240mL",
    "COL Price": 3.5,
    "COL ppu": "$1.46 per 100mL",
    "COL Size": "240mL"
  },
  {
    "Brand_Product_Size": "Dettol Big and Strong Kitchen Antibacterial Cleaning 25 Wipes Citrus 1 pack",
    "COL Price": 4.8,
    "COL ppu": "$4.80 per 1Ea",
    "COL Size": "1 pack"
  },
  {
    "Brand_Product_Size": "OB Finest Cashew & Rosemary Crackers 150g",
    "COL Price": 6,
    "COL ppu": "$4.00 per 100G",
    "COL Size": "150g"
  },
  {
    "Brand_Product_Size": "Star Foods Rolada Fig Walnut 150g",
    "COL Price": 10,
    "COL ppu": "$6.67 per 100G",
    "COL Size": "150g"
  },
  {
    "Brand_Product_Size": "Great Ocean Road Chocolate Flavoured Milk 2L",
    "COL Price": 3.85,
    "COL ppu": "$1.93 per 1L",
    "COL Size": "2L"
  },
  {
    "Brand_Product_Size": "Lawson's Traditional Stone Mill Wholemeal Bread 750g",
    "COL Price": 5.8,
    "COL ppu": "$0.77 per 100G",
    "COL Size": "750g"
  },
  {
    "Brand_Product_Size": "Bega Peanut Butter Super Crunchy 470g",
    "COL Price": 5.9,
    "COL ppu": "$1.26 per 100G",
    "COL Size": "470g"
  },
  {
    "Brand_Product_Size": "Coles LED Globes BC 9W 840L Cool White 2 pack",
    "COL Price": 10,
    "COL ppu": "$5.00 per 1Ea",
    "COL Size": "2 pack"
  },
  {
    "Brand_Product_Size": "Red Rock Deli Gourmet Crackers Sundried Tomato & Herb 130g",
    "COL Price": 4,
    "COL ppu": "$3.08 per 100G",
    "COL Size": "130g"
  },
  {
    "Brand_Product_Size": "Red Rock Deli Bacon Cheddar Potato Chips 150g",
    "COL Price": 3,
    "COL ppu": "$2.00 per 100G",
    "COL Size": "150g"
  },
  {
    "Brand_Product_Size": "Mother's Day Bear With Heart 20cm each",
    "COL Price": 10,
    "COL ppu": "$10.00 per 1Ea",
    "COL Size": "each"
  },
  {
    "Brand_Product_Size": "Ziploc Storage Bags Large 19 pack",
    "COL Price": 4,
    "COL ppu": "$0.21 per 1Ea",
    "COL Size": "19 pack"
  },
  {
    "Brand_Product_Size": "Coles Ultimate Salt Caramel Chip Cookie 400g",
    "COL Price": 3.5,
    "COL ppu": "$0.88 per 100G",
    "COL Size": "400g"
  },
  {
    "Brand_Product_Size": "Fruit Co Juice Plus + Apple Pear 2L",
    "COL Price": 2.75,
    "COL ppu": "$1.38 per 1L",
    "COL Size": "2L"
  },
  {
    "Brand_Product_Size": "Pine O Cleen Sanitiser Fresh Cotton 750mL",
    "COL Price": 6,
    "COL ppu": "$8.00 per 1L",
    "COL Size": "750mL"
  },
  {
    "Brand_Product_Size": "Tuscanini Tomato Passata Sauce 500g",
    "COL Price": 4,
    "COL ppu": "$0.80 per 100G",
    "COL Size": "500g"
  },
  {
    "Brand_Product_Size": "Coles Finest Leg Ham approx. 125g",
    "COL Price": 4.625,
    "COL ppu": "$37.00 per 1Kg",
    "COL Size": "approx. 125g"
  },
  {
    "Brand_Product_Size": "Annabel Karmel Meals Cottage Pie 200g",
    "COL Price": 4,
    "COL ppu": "$2.00 per 100G",
    "COL Size": "200g"
  },
  {
    "Brand_Product_Size": "Lucky Californian Walnuts 320g",
    "COL Price": 9.3,
    "COL ppu": "$29.06 per 1Kg",
    "COL Size": "320g"
  },
  {
    "Brand_Product_Size": "Coles Milk Chocolate Coated  Peanut Butter Pretzel Bites 170g",
    "COL Price": 3.5,
    "COL ppu": "$2.06 per 100G",
    "COL Size": "170g"
  },
  {
    "Brand_Product_Size": "Oil Garden Stress Oil 12mL",
    "COL Price": 17,
    "COL ppu": "$141.67 per 100mL",
    "COL Size": "12mL"
  },
  {
    "Brand_Product_Size": "Sharpie Fluo XL Assorted Highlighters 4 pack",
    "COL Price": 8,
    "COL ppu": "$2.00 per 1Ea",
    "COL Size": "4 pack"
  },
  {
    "Brand_Product_Size": "Coles Lamb Leg Butterflied With Rosemary & Garlic Marinade approx. 1.12kg",
    "COL Price": 24,
    "COL ppu": "$20.00 per 1Kg",
    "COL Size": "approx. 1.12kg"
  },
  {
    "Brand_Product_Size": "KB Frozen Prawn Hargow 750g",
    "COL Price": 13.6,
    "COL ppu": "$1.81 per 100G",
    "COL Size": "750g"
  },
  {
    "Brand_Product_Size": "Coles Deli Salad Tubs Large Quinoa Tabouleh Salad Large",
    "COL Price": 7,
    "COL ppu": "$7.00 per 1Ea",
    "COL Size": "Large"
  },
  {
    "Brand_Product_Size": "Tresemme Professional Conditioner Moisture Rich 900mL",
    "COL Price": 7,
    "COL ppu": "$0.78 per 100mL",
    "COL Size": "900mL"
  },
  {
    "Brand_Product_Size": "Skittles Large Bag 380g",
    "COL Price": 6,
    "COL ppu": "$1.58 per 100G",
    "COL Size": "380g"
  },
  {
    "Brand_Product_Size": "Western Star Chef's Choice Unsalted Cultured Butter Pat 250g",
    "COL Price": 3.2,
    "COL ppu": "$1.28 per 100G",
    "COL Size": "250g"
  },
  {
    "Brand_Product_Size": "Libra Girl Regular Pads 12 pack",
    "COL Price": 2.94,
    "COL ppu": "$0.25 per 1Ea",
    "COL Size": "12 pack"
  },
  {
    "Brand_Product_Size": "Campbell's V8 Apple Berry Fusion Juice Multipack 250mL 3 pack",
    "COL Price": 3,
    "COL ppu": "$4.00 per 1L",
    "COL Size": "3 pack"
  },
  {
    "Brand_Product_Size": "Coles Bakery Fruit Buns 6 pack",
    "COL Price": 3,
    "COL ppu": "$0.50 per 1Ea",
    "COL Size": "6 pack"
  },
  {
    "Brand_Product_Size": "Mother Earth Almond Honey Baked Oaty Slices 240g",
    "COL Price": 3,
    "COL ppu": "$1.25 per 100G",
    "COL Size": "240g"
  },
  {
    "Brand_Product_Size": "Walkers Pure Butter Shortbread 190g",
    "COL Price": 3,
    "COL ppu": "$1.58 per 100G",
    "COL Size": "190g"
  },
  {
    "Brand_Product_Size": "Cancer Council Face BB Cream Light SPF 50+ 50mL",
    "COL Price": 15,
    "COL ppu": "$30.00 per 100mL",
    "COL Size": "50mL"
  },
  {
    "Brand_Product_Size": "Cetaphil Baby Wash & Shampoo 400mL",
    "COL Price": 9.1,
    "COL ppu": "$2.28 per 100mL",
    "COL Size": "400mL"
  },
  {
    "Brand_Product_Size": "Coles Specialty White Grapes Prepacked 500g",
    "COL Price": 5,
    "COL ppu": "$10.00 per 1Kg",
    "COL Size": "500g"
  },
  {
    "Brand_Product_Size": "Starbucks Nescafe Dolce Gusto Capsules Espresso Roast 12 pack",
    "COL Price": 5,
    "COL ppu": "$0.42 per 1Ea",
    "COL Size": "12 pack"
  },
  {
    "Brand_Product_Size": "Coles Sliced Brown Mushrooms Prepacked 200g",
    "COL Price": 5,
    "COL ppu": "$25.00 per 1Kg",
    "COL Size": "200g"
  },
  {
    "Brand_Product_Size": "Lee Kum Kee Mos Seafood Hot Pot 50g",
    "COL Price": 2,
    "COL ppu": "$4.00 per 100G",
    "COL Size": "50g"
  },
  {
    "Brand_Product_Size": "Urbane Mess Exfoliating Soap On Rope 200g",
    "COL Price": 5.5,
    "COL ppu": "$2.75 per 100G",
    "COL Size": "200g"
  },
  {
    "Brand_Product_Size": "Leiber's Olive Oil Spray 141g",
    "COL Price": 10,
    "COL ppu": "$7.09 per 100G",
    "COL Size": "141g"
  },
  {
    "Brand_Product_Size": "Vegemite Squeeze 350g",
    "COL Price": 7,
    "COL ppu": "$2.00 per 100G",
    "COL Size": "350g"
  },
  {
    "Brand_Product_Size": "Bulla Creamy Classics Caramel & Chocolate Sandwich 4 pack 596mL",
    "COL Price": 8.5,
    "COL ppu": "$1.43 per 100mL",
    "COL Size": "596mL"
  },
  {
    "Brand_Product_Size": "Revlon Super Lustrous Matte Lipstick Show Off 4.2g",
    "COL Price": 25,
    "COL ppu": "$59.53 per 10G",
    "COL Size": "4.2g"
  },
  {
    "Brand_Product_Size": "Glen 20 Air Disinfectant Pure Fresh Water 283g",
    "COL Price": 7,
    "COL ppu": "$2.47 per 100G",
    "COL Size": "283g"
  },
  {
    "Brand_Product_Size": "Coles Exotic King Brown Mushrooms Prepacked 100g",
    "COL Price": 5,
    "COL ppu": "$50.00 per 1Kg",
    "COL Size": "100g"
  },
  {
    "Brand_Product_Size": "Jarlsberg Lite Cheese Slices 150g",
    "COL Price": 6.95,
    "COL ppu": "$46.34 per 1Kg",
    "COL Size": "150g"
  },
  {
    "Brand_Product_Size": "Real Foods Multigrain Corn Thins 150g",
    "COL Price": 2,
    "COL ppu": "$1.33 per 100G",
    "COL Size": "150g"
  },
  {
    "Brand_Product_Size": "Cadbury Dairy Milk Hazelnut Chocolate Bar 55g",
    "COL Price": 1,
    "COL ppu": "$1.82 per 100G",
    "COL Size": "55g"
  },
  {
    "Brand_Product_Size": "Peckish Brown Rice Chia Crackers 90g",
    "COL Price": 2.5,
    "COL ppu": "$2.78 per 100G",
    "COL Size": "90g"
  },
  {
    "Brand_Product_Size": "Nescafe Blend 43 Instant Coffee 50g",
    "COL Price": 5,
    "COL ppu": "$10.00 per 100G",
    "COL Size": "50g"
  },
  {
    "Brand_Product_Size": "Brancourts Classic Cottage Cheese 250g",
    "COL Price": 4,
    "COL ppu": "$16.00 per 1Kg",
    "COL Size": "250g"
  },
  {
    "Brand_Product_Size": "Veet Natural Grapeseed Shower Cream 150mL",
    "COL Price": 12,
    "COL ppu": "$8.00 per 100mL",
    "COL Size": "150mL"
  },
  {
    "Brand_Product_Size": "South Cape Summer Herbs Sun Dried Tomato Trilogy Cheddar Cheese 140g",
    "COL Price": 5,
    "COL ppu": "$35.71 per 1Kg",
    "COL Size": "140g"
  },
  {
    "Brand_Product_Size": "Coles Kitchen Chicken Korma & Rice 350g",
    "COL Price": 6.5,
    "COL ppu": "$1.86 per 100G",
    "COL Size": "350g"
  },
  {
    "Brand_Product_Size": "Bic 4 Colour Pens 3 pack",
    "COL Price": 5.6,
    "COL ppu": "",
    "COL Size": "3 pack"
  },
  {
    "Brand_Product_Size": "Madura Premium Blend Tea Bags 100 pack 200g",
    "COL Price": 8.4,
    "COL ppu": "$4.20 per 100G",
    "COL Size": "200g"
  },
  {
    "Brand_Product_Size": "Friskies Seafood Sensations Cat Food 2.5kg",
    "COL Price": 10,
    "COL ppu": "$0.40 per 100G",
    "COL Size": "2.5kg"
  },
  {
    "Brand_Product_Size": "Sirena Springwater & Lemon Tuna 95g",
    "COL Price": 2.7,
    "COL ppu": "$28.42 per 1Kg",
    "COL Size": "95g"
  },
  {
    "Brand_Product_Size": "Gravox Pepper Finishing Sauce Mix 120g",
    "COL Price": 3.5,
    "COL ppu": "$0.29 per 10G",
    "COL Size": "120g"
  },
  {
    "Brand_Product_Size": "Olay Regenerist Micro Exfoliating Wet Cleansing Cloths Wipes 30 pack",
    "COL Price": 9,
    "COL ppu": "$0.30 per 1Ea",
    "COL Size": "30 pack"
  },
  {
    "Brand_Product_Size": "Coles Gourmet Tomatoes Prepacked 1kg",
    "COL Price": 5.9,
    "COL ppu": "$5.90 per 1Kg",
    "COL Size": "1kg"
  },
  {
    "Brand_Product_Size": "Love' Em Beef Liver Dog Treat 200g",
    "COL Price": 9.5,
    "COL ppu": "$4.75 per 100G",
    "COL Size": "200g"
  },
  {
    "Brand_Product_Size": "Schweppes Raspberry Flavour Multipack Bottles 300mL 4 pack",
    "COL Price": 6.65,
    "COL ppu": "$5.54 per 1L",
    "COL Size": "4 pack"
  },
  {
    "Brand_Product_Size": "Slim Secrets Chocolate Beauty Brownie 40g",
    "COL Price": 3.8,
    "COL ppu": "$9.50 per 100G",
    "COL Size": "40g"
  },
  {
    "Brand_Product_Size": "Whiskas Chicken And Rabbit Adult Dry Cat Food 800g",
    "COL Price": 5,
    "COL ppu": "$0.63 per 100G",
    "COL Size": "800g"
  },
  {
    "Brand_Product_Size": "Tassal Hot Smoked Tassie Salmon 150g",
    "COL Price": 8,
    "COL ppu": "$53.34 per 1Kg",
    "COL Size": "150g"
  },
  {
    "Brand_Product_Size": "Coles Curling Ribbon each",
    "COL Price": 1,
    "COL ppu": "$1.00 per 1Ea",
    "COL Size": "each"
  },
  {
    "Brand_Product_Size": "Robert Timms Cafe Series Freeze Dried Mild Roast 90g",
    "COL Price": 3.97,
    "COL ppu": "$4.41 per 100G",
    "COL Size": "90g"
  },
  {
    "Brand_Product_Size": "Applaws Chicken & Turkey All Breed Dog Food 2.7kg",
    "COL Price": 14.25,
    "COL ppu": "$0.53 per 100G",
    "COL Size": "2.7kg"
  },
  {
    "Brand_Product_Size": "Coles Chocolate Chip Brioche Loaf Sliced 450g",
    "COL Price": 4.5,
    "COL ppu": "$1.00 per 100G",
    "COL Size": "450g"
  },
  {
    "Brand_Product_Size": "Steggles Nacho Chicken Mexican Salsa 1kg",
    "COL Price": 11,
    "COL ppu": "$11.00 per 1Kg",
    "COL Size": "1kg"
  },
  {
    "Brand_Product_Size": "Supercoat Large Breed with Real Chicken Dog Food 7.5kg",
    "COL Price": 29,
    "COL ppu": "$3.87 per 1kg",
    "COL Size": "7.5kg"
  },
  {
    "Brand_Product_Size": "Coles BBQ Meat Feast Pizza 500g",
    "COL Price": 3.5,
    "COL ppu": "$0.70 per 100G",
    "COL Size": "500g"
  },
  {
    "Brand_Product_Size": "Pirro Macherroni Al Ferretto Pasta 500g",
    "COL Price": 4.95,
    "COL ppu": "$0.99 per 100G",
    "COL Size": "500g"
  },
  {
    "Brand_Product_Size": "Pikster Interdental Brush Size 1 Small 10 pack",
    "COL Price": 7,
    "COL ppu": "$0.70 per 1Ea",
    "COL Size": "10 pack"
  },
  {
    "Brand_Product_Size": "Fancy Feast Appetizers Light Meat Tuna Scallop In Broth Cat Food 31.2g",
    "COL Price": 1.6,
    "COL ppu": "$5.13 per 100G",
    "COL Size": "31.2g"
  },
  {
    "Brand_Product_Size": "Coles Light Smooth Ricotta 375g",
    "COL Price": 3,
    "COL ppu": "$0.80 per 100G",
    "COL Size": "375g"
  },
  {
    "Brand_Product_Size": "Betadine Concentrated Sore Throat Gargle 15mL",
    "COL Price": 12,
    "COL ppu": "$80.01 per 100mL",
    "COL Size": "15mL"
  },
  {
    "Brand_Product_Size": "Coles Full Cream Milk 1L",
    "COL Price": 1.29,
    "COL ppu": "$1.29 per 1L",
    "COL Size": "1L"
  },
  {
    "Brand_Product_Size": "Cook & Dine Aluminium Frying Pan Induction Base 28cm each",
    "COL Price": 16,
    "COL ppu": "$16.00 per 1Ea",
    "COL Size": "each"
  },
  {
    "Brand_Product_Size": "Skin Republic 24K Gold Peel-Off Mask 27mL",
    "COL Price": 13,
    "COL ppu": "$4.81 per 10mL",
    "COL Size": "27mL"
  },
  {
    "Brand_Product_Size": "Dove Warm Vanilla Shea Butter Beauty Bar 2 pack",
    "COL Price": 3.8,
    "COL ppu": "$1.90 per 100G",
    "COL Size": "2 pack"
  },
  {
    "Brand_Product_Size": "Coles Neapolitan Ice Cream Tub 4L",
    "COL Price": 4.9,
    "COL ppu": "$1.23 per 1L",
    "COL Size": "4L"
  },
  {
    "Brand_Product_Size": "Arnott's Scotch Finger Minis Biscuits 8 pack 200g",
    "COL Price": 3,
    "COL ppu": "$1.50 per 100G",
    "COL Size": "200g"
  },
  {
    "Brand_Product_Size": "Coles Gold Fish Food Flakes 36g",
    "COL Price": 3.8,
    "COL ppu": "$10.56 per 100G",
    "COL Size": "36g"
  },
  {
    "Brand_Product_Size": "Coles Street Tortilla Wraps 10 Pack 280g",
    "COL Price": 2.8,
    "COL ppu": "$1.00 per 100G",
    "COL Size": "280g"
  },
  {
    "Brand_Product_Size": "Coles Organic Crunchy Peanut Butter 375g",
    "COL Price": 5,
    "COL ppu": "$1.33 per 100G",
    "COL Size": "375g"
  },
  {
    "Brand_Product_Size": "Coles I'M Free From Quiche Lorraine 280g",
    "COL Price": 7.5,
    "COL ppu": "$2.68 per 100G",
    "COL Size": "280g"
  },
  {
    "Brand_Product_Size": "Method All Purpose Cleaner Pink Grapefruit 490mL",
    "COL Price": 4.5,
    "COL ppu": "$0.92 per 100mL",
    "COL Size": "490mL"
  },
  {
    "Brand_Product_Size": "Bow Wow Gluten Free Chicken Sweet Potato Carrot and Pumpkin Super Snacks 5 pack",
    "COL Price": 4,
    "COL ppu": "$0.80 per 1Ea",
    "COL Size": "5 pack"
  },
  {
    "Brand_Product_Size": "Parker's Baked Mini Pretzels 225g",
    "COL Price": 3.55,
    "COL ppu": "$1.58 per 100G",
    "COL Size": "225g"
  },
  {
    "Brand_Product_Size": "Rascal & Friends Crawler Nappies Jumbo 90 pack",
    "COL Price": 27,
    "COL ppu": "$0.30 per 1Ea",
    "COL Size": "90 pack"
  },
  {
    "Brand_Product_Size": "Deep Heat Odourless Back Patches Extra Large 2 pack",
    "COL Price": 9,
    "COL ppu": "$4.50 per 1Ea",
    "COL Size": "2 pack"
  },
  {
    "Brand_Product_Size": "Continental Kosher Beef And Ale Sausages 500g",
    "COL Price": 9,
    "COL ppu": "$18.00 per 1Kg",
    "COL Size": "500g"
  },
  {
    "Brand_Product_Size": "Coles Nature's Kitchen Hoisin Jackfruit Bao Buns 168g",
    "COL Price": 6,
    "COL ppu": "$3.57 per 100G",
    "COL Size": "168g"
  },
  {
    "Brand_Product_Size": "Swisspers Cotton Tips Paperstems 20 pack",
    "COL Price": 1.1,
    "COL ppu": "$0.06 per 1Ea",
    "COL Size": "20 pack"
  },
  {
    "Brand_Product_Size": "Kleenex Everyday Soft And Thick 3 Ply Facial Tissues 95 pack",
    "COL Price": 1.3,
    "COL ppu": "$1.37 per 100Ea",
    "COL Size": "95 pack"
  },
  {
    "Brand_Product_Size": "Coles Deli Seafood Salmon Skin Off approx. 250g",
    "COL Price": 7.25,
    "COL ppu": "$29.00 per 1Kg",
    "COL Size": "approx. 250g"
  },
  {
    "Brand_Product_Size": "Vittoria Black Valley Coffee Capsules 10 pack",
    "COL Price": 7,
    "COL ppu": "$0.70 per 1Ea",
    "COL Size": "10 pack"
  },
  {
    "Brand_Product_Size": "LifeStyles Luxe Silicone Lubricant 100mL",
    "COL Price": 9,
    "COL ppu": "$9.00 per 100mL",
    "COL Size": "100mL"
  },
  {
    "Brand_Product_Size": "Kewpie Mayonnaise 50% Reduced Fat 300g",
    "COL Price": 4.7,
    "COL ppu": "$1.57 per 100G",
    "COL Size": "300g"
  },
  {
    "Brand_Product_Size": "Coles Tart Shells 6 pack",
    "COL Price": 3.5,
    "COL ppu": "$0.58 per 1Ea",
    "COL Size": "6 pack"
  },
  {
    "Brand_Product_Size": "Audeeo 2 Color Headphone Radiant Overear Wired Assorted 1 each",
    "COL Price": 25,
    "COL ppu": "$25.00 per 1Ea",
    "COL Size": "1 each"
  },
  {
    "Brand_Product_Size": "Coles Cream Cheese Spread 245g",
    "COL Price": 2.9,
    "COL ppu": "$11.84 per 1Kg",
    "COL Size": "245g"
  },
  {
    "Brand_Product_Size": "Coles Original Crinkle Cut Potato Chips 175g",
    "COL Price": 1.8,
    "COL ppu": "$1.03 per 100G",
    "COL Size": "175g"
  },
  {
    "Brand_Product_Size": "Colgate Bamboo Toothbrush Medium 2 pack",
    "COL Price": 10,
    "COL ppu": "$5.00 per 1Ea",
    "COL Size": "2 pack"
  },
  {
    "Brand_Product_Size": "Starburst Fave Reds Chews 235g",
    "COL Price": 3,
    "COL ppu": "$1.28 per 100G",
    "COL Size": "235g"
  },
  {
    "Brand_Product_Size": "Easy Off Drain Cleaner Turbo Gel 1L",
    "COL Price": 15,
    "COL ppu": "$1.50 per 100mL",
    "COL Size": "1L"
  },
  {
    "Brand_Product_Size": "Karicare+ 3 Toddler Milk Drink From 12+ Months 900g",
    "COL Price": 17,
    "COL ppu": "$1.89 per 100G",
    "COL Size": "900g"
  },
  {
    "Brand_Product_Size": "Harris Strong Coffee Beans 1kg",
    "COL Price": 20,
    "COL ppu": "$2.00 per 100G",
    "COL Size": "1kg"
  },
  {
    "Brand_Product_Size": "Ayam Thai Fried Rice Paste 185g",
    "COL Price": 3.5,
    "COL ppu": "$1.89 per 100G",
    "COL Size": "185g"
  },
  {
    "Brand_Product_Size": "Dainty Food Sabra Matbucha Dip 250g",
    "COL Price": 7.5,
    "COL ppu": "$3.00 per 100G",
    "COL Size": "250g"
  },
  {
    "Brand_Product_Size": "Rimmel Insta Fix & Go 2 in 1 Primer & Setting Spray 100mL",
    "COL Price": 8.4,
    "COL ppu": "$0.84 per 10mL",
    "COL Size": "100mL"
  },
  {
    "Brand_Product_Size": "Blackmores Mega B Complex Tablets 75 pack",
    "COL Price": 12.5,
    "COL ppu": "$16.67 per 100Ea",
    "COL Size": "75 pack"
  },
  {
    "Brand_Product_Size": "Dove Restoring Ritual Shampoo Coconut Oil & Turmeric 640mL",
    "COL Price": 11.9,
    "COL ppu": "$1.86 per 100mL",
    "COL Size": "640mL"
  },
  {
    "Brand_Product_Size": "Chang's Crunchy Fried Noodles 100g",
    "COL Price": 1.4,
    "COL ppu": "$1.40 per 100G",
    "COL Size": "100g"
  },
  {
    "Brand_Product_Size": "KIND Caramel Almond & Sea Salt Bar 40g",
    "COL Price": 3,
    "COL ppu": "$7.50 per 100G",
    "COL Size": "40g"
  },
  {
    "Brand_Product_Size": "Gravox Supreme Chicken Gravy Mix 29g",
    "COL Price": 1.1,
    "COL ppu": "$3.79 per 100G",
    "COL Size": "29g"
  },
  {
    "Brand_Product_Size": "Beijing Satay Tofu Pieces 200g",
    "COL Price": 5,
    "COL ppu": "$2.50 per 100G",
    "COL Size": "200g"
  },
  {
    "Brand_Product_Size": "Coles Carrot Cake Loaf 500g",
    "COL Price": 4.2,
    "COL ppu": "$0.84 per 100G",
    "COL Size": "500g"
  },
  {
    "Brand_Product_Size": "Coles Kitchen Pizza BBQ Chicken & Bacon 470g",
    "COL Price": 5,
    "COL ppu": "$1.06 per 100G",
    "COL Size": "470g"
  },
  {
    "Brand_Product_Size": "Dare Vanilla Latte Flavoured Milk 500mL",
    "COL Price": 2.6,
    "COL ppu": "$5.20 per 1L",
    "COL Size": "500mL"
  },
  {
    "Brand_Product_Size": "Schwarzkopf Chocolate  Live Colour 1 pack",
    "COL Price": 14,
    "COL ppu": "$14.00 per 1Ea",
    "COL Size": "1 pack"
  },
  {
    "Brand_Product_Size": "Perfect Italiano Ricotta 500g",
    "COL Price": 6.25,
    "COL ppu": "$1.25 per 100G",
    "COL Size": "500g"
  },
  {
    "Brand_Product_Size": "Coles Irresistible Vanilla Ice Cream 1L",
    "COL Price": 5,
    "COL ppu": "$0.50 per 100mL",
    "COL Size": "1L"
  },
  {
    "Brand_Product_Size": "King Island Dairy Cape Wickham Double Brie 200g",
    "COL Price": 12.6,
    "COL ppu": "$63.00 per 1Kg",
    "COL Size": "200g"
  },
  {
    "Brand_Product_Size": "Coles Speculoos Smooth Biscuit Spread 350g",
    "COL Price": 1.75,
    "COL ppu": "$0.50 per 100G",
    "COL Size": "350g"
  },
  {
    "Brand_Product_Size": "Whittaker's Hawke's Bay Black Doris Plum & Roasted Almonds Dark Chocolate 100g",
    "COL Price": 4.5,
    "COL ppu": "$4.50 per 100G",
    "COL Size": "100g"
  },
  {
    "Brand_Product_Size": "Tip Top White Hamburger Rolls 6 pack",
    "COL Price": 4,
    "COL ppu": "$0.67 per 1Ea",
    "COL Size": "6 pack"
  },
  {
    "Brand_Product_Size": "Just Juice Paradise Punch Juice Multipack 200mL 6 pack",
    "COL Price": 5.3,
    "COL ppu": "$0.88 per 1Ea",
    "COL Size": "6 pack"
  },
  {
    "Brand_Product_Size": "Zafarelli Spaghetti No 4 500g",
    "COL Price": 1.6,
    "COL ppu": "$0.32 per 100G",
    "COL Size": "500g"
  },
  {
    "Brand_Product_Size": "Bonds Washbag HYPL1G AS1 Floral 1 pack",
    "COL Price": 7,
    "COL ppu": "$7.00 per 1Ea",
    "COL Size": "1 pack"
  },
  {
    "Brand_Product_Size": "Coles Lebanese Cucumbers approx. 140g each",
    "COL Price": 0.966,
    "COL ppu": "$6.90 per 1Kg",
    "COL Size": "approx. 140g each"
  },
  {
    "Brand_Product_Size": "OC Naturals Normal Balance Shampoo 725mL",
    "COL Price": 6,
    "COL ppu": "$0.83 per 100mL",
    "COL Size": "725mL"
  },
  {
    "Brand_Product_Size": "Olay Regenerist Micro Sculpting Uv Cream Spf30 50mL",
    "COL Price": 49,
    "COL ppu": "$98.00 per 100mL",
    "COL Size": "50mL"
  },
  {
    "Brand_Product_Size": "Uncle Tobys Le Snak French Onion Cheese Dip And Crackers 12 pack 264g",
    "COL Price": 7.6,
    "COL ppu": "$2.88 per 100G",
    "COL Size": "264g"
  },
  {
    "Brand_Product_Size": "Oncu Tatli Biber Pepper Paste Mild 700g",
    "COL Price": 8.8,
    "COL ppu": "$1.26 per 100G",
    "COL Size": "700g"
  },
  {
    "Brand_Product_Size": "Keep It Cleaner Nut Butter Filled Balls Cinnamon Bun With Cashew Butter Filling 40g",
    "COL Price": 3.5,
    "COL ppu": "$8.75 per 100G",
    "COL Size": "40g"
  },
  {
    "Brand_Product_Size": "McCain Frozen Healthy Choice Chicken Honey Stir Fry 330g",
    "COL Price": 4,
    "COL ppu": "$1.21 per 100G",
    "COL Size": "330g"
  },
  {
    "Brand_Product_Size": "Manning Valley Free Range Large Eggs 6 pack 330g",
    "COL Price": 3.6,
    "COL ppu": "$1.09 per 100G",
    "COL Size": "330g"
  },
  {
    "Brand_Product_Size": "Ansell Small Hyflex Gloves 1 pack",
    "COL Price": 7,
    "COL ppu": "$7.00 per 1Ea",
    "COL Size": "1 pack"
  },
  {
    "Brand_Product_Size": "Queen Meringue And Pavlova Mix 300g",
    "COL Price": 4.5,
    "COL ppu": "$1.50 per 100G",
    "COL Size": "300g"
  },
  {
    "Brand_Product_Size": "Golden Circle Golden Pash Fruit Drink Multipack 250mL 6 pack",
    "COL Price": 4.5,
    "COL ppu": "$0.75 per 1Ea",
    "COL Size": "6 pack"
  },
  {
    "Brand_Product_Size": "Olay Mist Hydrating Face Spray Energizing Essence 98mL",
    "COL Price": 35,
    "COL ppu": "$35.71 per 100mL",
    "COL Size": "98mL"
  },
  {
    "Brand_Product_Size": "Coles Tuna Bake 375g",
    "COL Price": 3,
    "COL ppu": "$0.80 per 100G",
    "COL Size": "375g"
  },
  {
    "Brand_Product_Size": "Coles Soft Wholemeal Sandwich Loaf 700g",
    "COL Price": 1.75,
    "COL ppu": "$0.25 per 100G",
    "COL Size": "700g"
  },
  {
    "Brand_Product_Size": "Weight Watchers Chilli Con Carne 330g",
    "COL Price": 4,
    "COL ppu": "$1.21 per 100G",
    "COL Size": "330g"
  },
  {
    "Brand_Product_Size": "Pop Tops Apple Fruit Drink Multipack 250mL 6 pack",
    "COL Price": 4.9,
    "COL ppu": "$0.82 per 1Ea",
    "COL Size": "6 pack"
  },
  {
    "Brand_Product_Size": "Green's Temptation Banoffee Pudding 260g",
    "COL Price": 4,
    "COL ppu": "$1.54 per 100G",
    "COL Size": "260g"
  },
  {
    "Brand_Product_Size": "Only Organic Pear Banana & Apple 6+ Months 120g",
    "COL Price": 2,
    "COL ppu": "$1.67 per 100G",
    "COL Size": "120g"
  },
  {
    "Brand_Product_Size": "Coles Nut Delight Bars 210g",
    "COL Price": 2.7,
    "COL ppu": "$1.29 per 100G",
    "COL Size": "210g"
  },
  {
    "Brand_Product_Size": "Koi Lavender & Sweet Fennel Hand Wash 500mL",
    "COL Price": 7,
    "COL ppu": "$1.40 per 100mL",
    "COL Size": "500mL"
  },
  {
    "Brand_Product_Size": "Hershey's Chocolate Flavor Syrup 680g",
    "COL Price": 4,
    "COL ppu": "$0.59 per 100G",
    "COL Size": "680g"
  },
  {
    "Brand_Product_Size": "John West Tempters Chilli Tuna Multipack 4x95g 380g",
    "COL Price": 5,
    "COL ppu": "$13.16 per 1Kg",
    "COL Size": "380g"
  },
  {
    "Brand_Product_Size": "White Glo Deep Stain Remover Activated Charcoal Whitening Toothpaste 150g",
    "COL Price": 6,
    "COL ppu": "$4.00 per 100G",
    "COL Size": "150g"
  },
  {
    "Brand_Product_Size": "Vaalia Low Fat Yoghurt Straw Mango 4 pack 150g",
    "COL Price": 4.3,
    "COL ppu": "$0.72 per 100G",
    "COL Size": "150g"
  },
  {
    "Brand_Product_Size": "Coles Kids MediStrips 20 pack",
    "COL Price": 1.6,
    "COL ppu": "$0.08 per 1Ea",
    "COL Size": "20 pack"
  },
  {
    "Brand_Product_Size": "Australias Own Lactose Free Full Cream Milk 2L",
    "COL Price": 2.8,
    "COL ppu": "$1.40 per 1L",
    "COL Size": "2L"
  },
  {
    "Brand_Product_Size": "Maybelline Fit Me Liquid Foundation 120 Classic Ivory 30mL",
    "COL Price": 15.4,
    "COL ppu": "$5.13 per 10mL",
    "COL Size": "30mL"
  },
  {
    "Brand_Product_Size": "Karicare+ Goat Stage 1 Infant Formula 900g",
    "COL Price": 40,
    "COL ppu": "$4.44 per 100G",
    "COL Size": "900g"
  },
  {
    "Brand_Product_Size": "Coles Margherita Pizza 470g",
    "COL Price": 3.3,
    "COL ppu": "$0.70 per 100G",
    "COL Size": "470g"
  },
  {
    "Brand_Product_Size": "Continental Chicken Rice Serves 3 120g",
    "COL Price": 2.2,
    "COL ppu": "$1.83 per 100G",
    "COL Size": "120g"
  },
  {
    "Brand_Product_Size": "Divine Dairy Organic Double Cream Brie Cheese 200g",
    "COL Price": 9,
    "COL ppu": "$4.50 per 100G",
    "COL Size": "200g"
  },
  {
    "Brand_Product_Size": "Bushells Blue Label Extra Strong Black Tea Bags 100 pack",
    "COL Price": 4.5,
    "COL ppu": "$0.05 per 1Ea",
    "COL Size": "100 pack"
  },
  {
    "Brand_Product_Size": "Kleenex 3 Ply Wellbeing Aloe Vera & Vitamin E Facial Tissues 95 pack",
    "COL Price": 1.8,
    "COL ppu": "$0.02 per 1Ea",
    "COL Size": "95 pack"
  },
  {
    "Brand_Product_Size": "Wellness Road Textured Vegetable Protein 400g",
    "COL Price": 6,
    "COL ppu": "$1.50 per 100G",
    "COL Size": "400g"
  },
  {
    "Brand_Product_Size": "Vege Original Sweet & Sour Chips 100g",
    "COL Price": 3.8,
    "COL ppu": "$3.80 per 100G",
    "COL Size": "100g"
  },
  {
    "Brand_Product_Size": "All Natural Bakery Apricot Almond Yoghurt Oat Slices 100g",
    "COL Price": 2.15,
    "COL ppu": "$2.15 per 100G",
    "COL Size": "100g"
  },
  {
    "Brand_Product_Size": "Coles Organic Full Cream Milk 1L",
    "COL Price": 2.2,
    "COL ppu": "$2.20 per 1L",
    "COL Size": "1L"
  },
  {
    "Brand_Product_Size": "Total Care Pom Pom Dangler Cat Toy 1 pack",
    "COL Price": 11,
    "COL ppu": "$11.00 per 1Ea",
    "COL Size": "1 pack"
  },
  {
    "Brand_Product_Size": "St Tropez Gradual Tan Watermelon Infusion Body Lotion 200mL",
    "COL Price": 34,
    "COL ppu": "$17.00 per 100mL",
    "COL Size": "200mL"
  },
  {
    "Brand_Product_Size": "Farmers Union Greek Style Passionfruit Yoghurt Pouch 130g",
    "COL Price": 1,
    "COL ppu": "$0.77 per 100G",
    "COL Size": "130g"
  },
  {
    "Brand_Product_Size": "L'Oreal Revitalift Brightening Sheet Mask 1each",
    "COL Price": 5.6,
    "COL ppu": "$5.60 per 1Ea",
    "COL Size": "1each"
  },
  {
    "Brand_Product_Size": "Melting Sweet Lychee Candy 125g",
    "COL Price": 2.8,
    "COL ppu": "$2.24 per 100G",
    "COL Size": "125g"
  },
  {
    "Brand_Product_Size": "Valcom Red Curry Paste 210g",
    "COL Price": 3.2,
    "COL ppu": "$1.52 per 100G",
    "COL Size": "210g"
  },
  {
    "Brand_Product_Size": "Nice & Natural Real Dark Chocolate & Cacao Protein Nut Bars 5 Pack 165g",
    "COL Price": 5,
    "COL ppu": "$3.03 per 100G",
    "COL Size": "165g"
  },
  {
    "Brand_Product_Size": "Valcom Lemongrass 100g",
    "COL Price": 2.85,
    "COL ppu": "$0.29 per 10G",
    "COL Size": "100g"
  },
  {
    "Brand_Product_Size": "Health Lab Peanut Butter Choc Nut Butterball 3x40g 120g",
    "COL Price": 8,
    "COL ppu": "$6.67 per 100G",
    "COL Size": "120g"
  },
  {
    "Brand_Product_Size": "Coles Finest Finest Angus Beef & Shiraz Casserole With Mash 400g",
    "COL Price": 8.5,
    "COL ppu": "$2.13 per 100G",
    "COL Size": "400g"
  },
  {
    "Brand_Product_Size": "Oral B Loss Action Brush Head Refills 4 pack",
    "COL Price": 22.75,
    "COL ppu": "$5.69 per 1Ea",
    "COL Size": "4 pack"
  },
  {
    "Brand_Product_Size": "Revlon Kiss Glow Berry Brilliant Lip Oil 6mL",
    "COL Price": 20,
    "COL ppu": "$33.33 per 10mL",
    "COL Size": "6mL"
  },
  {
    "Brand_Product_Size": "Pauls Milky Max Chocolate Custard 70g",
    "COL Price": 1.5,
    "COL ppu": "$2.14 per 100G",
    "COL Size": "70g"
  },
  {
    "Brand_Product_Size": "Beerenberg Dressing Mango Lime Chilli 300mL",
    "COL Price": 5.5,
    "COL ppu": "$1.83 per 100mL",
    "COL Size": "300mL"
  },
  {
    "Brand_Product_Size": "Strepsils Orange Throat Lozenges 36 pack",
    "COL Price": 10.5,
    "COL ppu": "$0.29 per 1Ea",
    "COL Size": "36 pack"
  },
  {
    "Brand_Product_Size": "Old El Paso Spice Mix For Fajitas Mild 40g",
    "COL Price": 2,
    "COL ppu": "$0.50 per 10G",
    "COL Size": "40g"
  },
  {
    "Brand_Product_Size": "Coles Irresistable Almond Ice Cream Sticks 4 pack 468mL",
    "COL Price": 3.8,
    "COL ppu": "$0.81 per 100mL",
    "COL Size": "468mL"
  },
  {
    "Brand_Product_Size": "Moosehead Hair Defining Paste 100g",
    "COL Price": 9,
    "COL ppu": "$9.00 per 100G",
    "COL Size": "100g"
  },
  {
    "Brand_Product_Size": "Maggie Beer Verjuice 375mL",
    "COL Price": 9.95,
    "COL ppu": "$2.65 per 100mL",
    "COL Size": "375mL"
  },
  {
    "Brand_Product_Size": "Coles Urban Coffee Culture Espress Caffitaly Compatible Capsules 10 pack",
    "COL Price": 3.7,
    "COL ppu": "$0.37 per 1Ea",
    "COL Size": "10 pack"
  },
  {
    "Brand_Product_Size": "Banz Adventure Baby Sunglasses Blue each",
    "COL Price": 22,
    "COL ppu": "$22.00 per 1Ea",
    "COL Size": "each"
  },
  {
    "Brand_Product_Size": "Continental Kosher Butchers Beef Stir Fry approx. 500g",
    "COL Price": 22,
    "COL ppu": "$44.00 per 1Kg",
    "COL Size": "approx. 500g"
  },
  {
    "Brand_Product_Size": "Alka Power Ionic Alkaline Spring Water PH9-10 With 5 Natural Electrolytes 1.5L",
    "COL Price": 3.5,
    "COL ppu": "$2.33 per 1L",
    "COL Size": "1.5L"
  },
  {
    "Brand_Product_Size": "Coles Lightly Sparkling Spring Water 1.25L",
    "COL Price": 1.35,
    "COL ppu": "$1.08 per 1L",
    "COL Size": "1.25L"
  },
  {
    "Brand_Product_Size": "Lift Hard Hitting Lemon Drink 600mL",
    "COL Price": 3.75,
    "COL ppu": "$6.25 per 1L",
    "COL Size": "600mL"
  },
  {
    "Brand_Product_Size": "Maharajah's Choice Garlic Pappadams 100g",
    "COL Price": 1.5,
    "COL ppu": "$1.50 per 100G",
    "COL Size": "100g"
  },
  {
    "Brand_Product_Size": "Mainland Mainland Tomato Chutney Caramelised Onion Crunch 90g",
    "COL Price": 5,
    "COL ppu": "$5.56 per 100G",
    "COL Size": "90g"
  },
  {
    "Brand_Product_Size": "Selsun Gold Dandruff Treatment Shampoo 200mL",
    "COL Price": 11,
    "COL ppu": "$5.50 per 100mL",
    "COL Size": "200mL"
  },
  {
    "Brand_Product_Size": "L'OR Espresso Decaffeinato Ristretto Intensity 9 Coffee Capsules 10 pack 52g",
    "COL Price": 4.5,
    "COL ppu": "$8.65 per 100G",
    "COL Size": "52g"
  },
  {
    "Brand_Product_Size": "Hawaiian Tropic Sunless Tan Self Tanning Foam 200g",
    "COL Price": 24,
    "COL ppu": "$12.00 per 100G",
    "COL Size": "200g"
  },
  {
    "Brand_Product_Size": "Kellogg's LCMs Unicorn Puffed Rice Snack Bars 6 pack 132g",
    "COL Price": 4,
    "COL ppu": "$3.03 per 100G",
    "COL Size": "132g"
  },
  {
    "Brand_Product_Size": "Keep It Cleaner Nut Butter Filled Balls Honey Almond & Almond Butter Filling 40g",
    "COL Price": 3.5,
    "COL ppu": "$8.75 per 100G",
    "COL Size": "40g"
  },
  {
    "Brand_Product_Size": "The Natural Confectionery Co Jumbo Pack Snakes 1.1kg",
    "COL Price": 8.5,
    "COL ppu": "$0.77 per 100G",
    "COL Size": "1.1kg"
  },
  {
    "Brand_Product_Size": "Coles Kitchen Roasting Vegetables With Garlic And Rosemary 500g",
    "COL Price": 4.5,
    "COL ppu": "$0.90 per 100G",
    "COL Size": "500g"
  },
  {
    "Brand_Product_Size": "Carmans Goodness & Grains Cereal Flakes Cranberry & Vanilla 375g",
    "COL Price": 5.6,
    "COL ppu": "$1.49 per 100G",
    "COL Size": "375g"
  },
  {
    "Brand_Product_Size": "Moira Mac Sweet Chilli Chicken Tenderloin approx. 125g",
    "COL Price": 3.25,
    "COL ppu": "$26.00 per 1Kg",
    "COL Size": "approx. 125g"
  },
  {
    "Brand_Product_Size": "Ayam Hawker Market Malaysian Char Kway Teow Sauce 205g",
    "COL Price": 1.75,
    "COL ppu": "$0.85 per 100G",
    "COL Size": "205g"
  },
  {
    "Brand_Product_Size": "Arnott's Original Pizza Shapes 190g",
    "COL Price": 3.2,
    "COL ppu": "$1.68 per 100G",
    "COL Size": "190g"
  },
  {
    "Brand_Product_Size": "Sandhurst Roasted Red Pepper Strips 470g",
    "COL Price": 5,
    "COL ppu": "$10.64 per 1Kg",
    "COL Size": "470g"
  },
  {
    "Brand_Product_Size": "Nicorette Invisipatch Step 1 25mg 7 pack",
    "COL Price": 30,
    "COL ppu": "$4.29 per 1Ea",
    "COL Size": "7 pack"
  },
  {
    "Brand_Product_Size": "Mayvers Hulled Tahini 385g",
    "COL Price": 5.3,
    "COL ppu": "$1.38 per 100G",
    "COL Size": "385g"
  },
  {
    "Brand_Product_Size": "Fibre One Cinnamon Drizzle Squares 5 pack 120g",
    "COL Price": 5.5,
    "COL ppu": "$4.58 per 100G",
    "COL Size": "120g"
  },
  {
    "Brand_Product_Size": "Nice & Natural Chocolate Peanut Apricot Bars 6 Pack 180g",
    "COL Price": 4,
    "COL ppu": "$2.22 per 100G",
    "COL Size": "180g"
  },
  {
    "Brand_Product_Size": "Coles Sicilian Olives With Lemon & Garlic 115g",
    "COL Price": 3.5,
    "COL ppu": "$30.43 per 1Kg",
    "COL Size": "115g"
  },
  {
    "Brand_Product_Size": "Lindt Excellence Extra Silky White Chocolate Block 100g",
    "COL Price": 4.5,
    "COL ppu": "$4.50 per 100G",
    "COL Size": "100g"
  },
  {
    "Brand_Product_Size": "Coles Kitchen Chicken Noodle Soup 1 kg",
    "COL Price": 8,
    "COL ppu": "$0.80 per 100G",
    "COL Size": "1 kg"
  },
  {
    "Brand_Product_Size": "Ocean Spray Ruby Red Grapefruit Juice 1.5L",
    "COL Price": 4.05,
    "COL ppu": "$2.70 per 1L",
    "COL Size": "1.5L"
  },
  {
    "Brand_Product_Size": "Cottee's Coola No Added Sugar Cordial 1L",
    "COL Price": 4.2,
    "COL ppu": "$4.20 per 1L",
    "COL Size": "1L"
  },
  {
    "Brand_Product_Size": "OMO Ultimate Front & Top Loader Laundry Liquid Detergent 1.8L",
    "COL Price": 11,
    "COL ppu": "$6.11 per 1L",
    "COL Size": "1.8L"
  },
  {
    "Brand_Product_Size": "Bull's-Eye Smokey Bacon BBQ Sauce 300mL",
    "COL Price": 3,
    "COL ppu": "$1.00 per 100mL",
    "COL Size": "300mL"
  },
  {
    "Brand_Product_Size": "Coles All Butter Pain Au Chocolate 4 Pack 220g",
    "COL Price": 3.5,
    "COL ppu": "$1.59 per 100G",
    "COL Size": "220g"
  },
  {
    "Brand_Product_Size": "Lindt Lindor Milk Chocolate Balls Gift Box 125g",
    "COL Price": 6,
    "COL ppu": "$4.80 per 100G",
    "COL Size": "125g"
  },
  {
    "Brand_Product_Size": "Kroon Goats Milk Gouda Cheese approx. 100g",
    "COL Price": 5,
    "COL ppu": "$50.00 per 1Kg",
    "COL Size": "approx. 100g"
  },
  {
    "Brand_Product_Size": "Coles Jasmine Rice 2kg",
    "COL Price": 5.5,
    "COL ppu": "$0.28 per 100G",
    "COL Size": "2kg"
  },
  {
    "Brand_Product_Size": "Fantastic Delites Sweet Chilli & Sour Cream Rice Snacks 100g",
    "COL Price": 2,
    "COL ppu": "$2.00 per 100G",
    "COL Size": "100g"
  },
  {
    "Brand_Product_Size": "Black Swan Skinny Hommus Dip 200g",
    "COL Price": 3.5,
    "COL ppu": "$1.75 per 100G",
    "COL Size": "200g"
  },
  {
    "Brand_Product_Size": "L'OR Espresso Supremo Intensity 10 Coffee Capsules10 Pack 52g",
    "COL Price": 4.5,
    "COL ppu": "$8.65 per 1G",
    "COL Size": "52g"
  },
  {
    "Brand_Product_Size": "Le Italiane Filled Candy Blood Orange 100g",
    "COL Price": 3.5,
    "COL ppu": "$3.50 per 100G",
    "COL Size": "100g"
  },
  {
    "Brand_Product_Size": "Marzena Natural Facial Wax Strips 20 pack",
    "COL Price": 10,
    "COL ppu": "$0.50 per 1Ea",
    "COL Size": "20 pack"
  },
  {
    "Brand_Product_Size": "Jarritos Mexican Soda Cola 370mL",
    "COL Price": 3.9,
    "COL ppu": "$1.05 per 100mL",
    "COL Size": "370mL"
  },
  {
    "Brand_Product_Size": "The Laughing Cow Creamy Cheese Dip And Crunchy Breadsticks 4 pack 140g",
    "COL Price": 4.5,
    "COL ppu": "",
    "COL Size": "140g"
  },
  {
    "Brand_Product_Size": "MasterFoods Garlic Powder 50g",
    "COL Price": 3,
    "COL ppu": "$0.60 per 10G",
    "COL Size": "50g"
  },
  {
    "Brand_Product_Size": "Birds Eye Herbs Coriander 50g",
    "COL Price": 4,
    "COL ppu": "$80.00 per 1Kg",
    "COL Size": "50g"
  },
  {
    "Brand_Product_Size": "Coles Vanilla Cake Mix 340g",
    "COL Price": 0.75,
    "COL ppu": "$0.22 per 100G",
    "COL Size": "340g"
  },
  {
    "Brand_Product_Size": "South Cape Apricot & Almond Cream Cheese With Sweet Papaya 200g",
    "COL Price": 3.6,
    "COL ppu": "$18.00 per 1Kg",
    "COL Size": "200g"
  },
  {
    "Brand_Product_Size": "Sabco Flow Through Radial Dish Brush each",
    "COL Price": 3.76,
    "COL ppu": "$3.76 per 1Ea",
    "COL Size": "each"
  },
  {
    "Brand_Product_Size": "Fry's Meat Free Mince Pea Protein 300g",
    "COL Price": 5.6,
    "COL ppu": "$1.87 per 100G",
    "COL Size": "300g"
  },
  {
    "Brand_Product_Size": "Coles Deli Thawed Cooked Prawn Plate Small 200g 1 each",
    "COL Price": 8,
    "COL ppu": "$8.00 per 1Ea",
    "COL Size": "1 each"
  },
  {
    "Brand_Product_Size": "Coles Spring Onions 1 bunch",
    "COL Price": 2.5,
    "COL ppu": "$2.50 per 1Ea",
    "COL Size": "1 bunch"
  },
  {
    "Brand_Product_Size": "Coles Vegetable Tart 180g",
    "COL Price": 5,
    "COL ppu": "$2.78 per 100G",
    "COL Size": "180g"
  },
  {
    "Brand_Product_Size": "Grillman BBQ Basic Tongs 35cm each",
    "COL Price": 5,
    "COL ppu": "$5.00 per 1Ea",
    "COL Size": "each"
  },
  {
    "Brand_Product_Size": "Scentilla Artisan Vanilla & Caramel Fragrance Diffuser 120mL",
    "COL Price": 13,
    "COL ppu": "$10.83 per 100mL",
    "COL Size": "120mL"
  },
  {
    "Brand_Product_Size": "Multix Small Freezer Bags 120 pack",
    "COL Price": 2.4,
    "COL ppu": "$0.02 per 1Ea",
    "COL Size": "120 pack"
  },
  {
    "Brand_Product_Size": "Coles Carolina Chillies 20g",
    "COL Price": 3,
    "COL ppu": "$3.00 per 1Ea",
    "COL Size": "20g"
  },
  {
    "Brand_Product_Size": "Plumrose Skinless Hot Dog 560g",
    "COL Price": 4.85,
    "COL ppu": "$8.66 per 1Kg",
    "COL Size": "560g"
  },
  {
    "Brand_Product_Size": "Nyal Advanced Cold & Flu + Immunity 32 pack",
    "COL Price": 12,
    "COL ppu": "$0.38 per 1Ea",
    "COL Size": "32 pack"
  },
  {
    "Brand_Product_Size": "Vitasoy Unsweetened Almond Milk 1L",
    "COL Price": 3.8,
    "COL ppu": "$3.80 per 1L",
    "COL Size": "1L"
  },
  {
    "Brand_Product_Size": "Haribo Bags Goldbears 400g",
    "COL Price": 4,
    "COL ppu": "$1.00 per 100G",
    "COL Size": "400g"
  },
  {
    "Brand_Product_Size": "Roar Protein Manuka Honey Ham Almonds & Cheese 70g",
    "COL Price": 5,
    "COL ppu": "$7.14 per 100G",
    "COL Size": "70g"
  },
  {
    "Brand_Product_Size": "Jalna Pot Set Greek Style Natural Yoghurt 1kg",
    "COL Price": 7.5,
    "COL ppu": "$0.75 per 100G",
    "COL Size": "1kg"
  },
  {
    "Brand_Product_Size": "Cook & Dine Porcelain Pasta Bowl each",
    "COL Price": 3,
    "COL ppu": "$3.00 per 1Ea",
    "COL Size": "each"
  },
  {
    "Brand_Product_Size": "Heinz Tomato & Cheese Spaghetti 3 Pack 535g",
    "COL Price": 5,
    "COL ppu": "$0.31 per 100G",
    "COL Size": "535g"
  },
  {
    "Brand_Product_Size": "Heinz Soup Of The Day Buttercup Pumpkin & Veg 430g",
    "COL Price": 3,
    "COL ppu": "$0.70 per 100G",
    "COL Size": "430g"
  },
  {
    "Brand_Product_Size": "Aunt Betty's Sticky Date Steamy Pud 2 Pack 190g",
    "COL Price": 4,
    "COL ppu": "$2.11 per 100G",
    "COL Size": "190g"
  },
  {
    "Brand_Product_Size": "Herbert Adams Frozen Slow Cooked Beef with Portobello Mushroom & Merlot Pies 2pack 400g",
    "COL Price": 7.8,
    "COL ppu": "$1.95 per 100G",
    "COL Size": "400g"
  },
  {
    "Brand_Product_Size": "I Love Cookies Coconut Choc Chunk Cookies 185g",
    "COL Price": 4,
    "COL ppu": "$2.16 per 100G",
    "COL Size": "185g"
  },
  {
    "Brand_Product_Size": "Maximus Red Sports Drink 1L",
    "COL Price": 3.2,
    "COL ppu": "$3.20 per 1L",
    "COL Size": "1L"
  },
  {
    "Brand_Product_Size": "Mighty Bellies Brown Rice Vanilla Flavour Crispy 6 Bars 120g",
    "COL Price": 6,
    "COL ppu": "$5.00 per 100G",
    "COL Size": "120g"
  },
  {
    "Brand_Product_Size": "Coles Ultra Concentrate Lime Dishwashing Liquid 450mL",
    "COL Price": 1.7,
    "COL ppu": "$0.38 per 100mL",
    "COL Size": "450mL"
  },
  {
    "Brand_Product_Size": "President Triple Cream Brie 145g",
    "COL Price": 7,
    "COL ppu": "$48.28 per 1Kg",
    "COL Size": "145g"
  },
  {
    "Brand_Product_Size": "Nivea Men Stress Protect Aerosol Antiperspirant Deodorant 250mL",
    "COL Price": 6.5,
    "COL ppu": "$2.60 per 100mL",
    "COL Size": "250mL"
  },
  {
    "Brand_Product_Size": "Reef Coconut Suntan Oil 125mL",
    "COL Price": 11.5,
    "COL ppu": "$9.20 per 100mL",
    "COL Size": "125mL"
  },
  {
    "Brand_Product_Size": "L'Oreal Paris Excellence 8.3 Golden Blonde Hair Colour 1 pack",
    "COL Price": 20,
    "COL ppu": "$20.00 per 1Ea",
    "COL Size": "1 pack"
  },
  {
    "Brand_Product_Size": "Vitasoy Whole Double Espresso Almond Milk 330mL",
    "COL Price": 2.9,
    "COL ppu": "$8.79 per 1L",
    "COL Size": "330mL"
  },
  {
    "Brand_Product_Size": "Coles Kitchen Chicken In Teriyaki 360g",
    "COL Price": 10,
    "COL ppu": "$2.78 per 100G",
    "COL Size": "360g"
  },
  {
    "Brand_Product_Size": "Coles Avocado Mini Dips 3 Pack 180g",
    "COL Price": 2.5,
    "COL ppu": "$1.39 per 100G",
    "COL Size": "180g"
  },
  {
    "Brand_Product_Size": "Coles RSPCA Approved Chicken Wings Honey & Soy 1kg",
    "COL Price": 7,
    "COL ppu": "$7.00 per 1Kg",
    "COL Size": "1kg"
  },
  {
    "Brand_Product_Size": "Carex Liquid Handwash Sensitive 250mL",
    "COL Price": 2.25,
    "COL ppu": "$0.90 per 100mL",
    "COL Size": "250mL"
  },
  {
    "Brand_Product_Size": "Kellogg's Frosties Breakfast Cereal 350g",
    "COL Price": 4.95,
    "COL ppu": "$1.41 per 100G",
    "COL Size": "350g"
  },
  {
    "Brand_Product_Size": "Coles Made Easy Chicken Parmigiana 450g",
    "COL Price": 10.5,
    "COL ppu": "$2.33 per 100G",
    "COL Size": "450g"
  },
  {
    "Brand_Product_Size": "Head & Shoulders Itchy Scalp 2 In 1 Shampoo & Conditioner 350mL",
    "COL Price": 6.75,
    "COL ppu": "$1.93 per 100mL",
    "COL Size": "350mL"
  },
  {
    "Brand_Product_Size": "Coles Kitchen Pizza Pumpkin & Fetta 470g",
    "COL Price": 5,
    "COL ppu": "$1.06 per 100G",
    "COL Size": "470g"
  },
  {
    "Brand_Product_Size": "Quorn Roast 454g",
    "COL Price": 7.2,
    "COL ppu": "$1.59 per 100G",
    "COL Size": "454g"
  },
  {
    "Brand_Product_Size": "Aussie Bodies Lo Carb Peanut Butter Caramel Protein Bars 4 pack 120g",
    "COL Price": 9,
    "COL ppu": "$7.50 per 100G",
    "COL Size": "120g"
  },
  {
    "Brand_Product_Size": "L'Oreal Excellence Beautifying Care 2 Beige 1 pack",
    "COL Price": 17.5,
    "COL ppu": "$17.50 per 1Ea",
    "COL Size": "1 pack"
  },
  {
    "Brand_Product_Size": "Vegie Delights Frozen Tender Crumbed Schnitzel 4 pack 300g",
    "COL Price": 6,
    "COL ppu": "$2.00 per 100G",
    "COL Size": "300g"
  },
  {
    "Brand_Product_Size": "Libra Ultra Thin Regular Pads With Wings 20 pack",
    "COL Price": 5.8,
    "COL ppu": "$0.29 per 1Ea",
    "COL Size": "20 pack"
  },
  {
    "Brand_Product_Size": "Coles Tuna Chunks in Springwater 185g",
    "COL Price": 1.6,
    "COL ppu": "$8.65 per 1Kg",
    "COL Size": "185g"
  },
  {
    "Brand_Product_Size": "Majans Infuzions Veggie Straws Multipack 5x15g 75g",
    "COL Price": 3.2,
    "COL ppu": "$4.27 per 100G",
    "COL Size": "75g"
  },
  {
    "Brand_Product_Size": "Pattu Chilli Whole Stemless 100g",
    "COL Price": 2.7,
    "COL ppu": "$2.70 per 100G",
    "COL Size": "100g"
  },
  {
    "Brand_Product_Size": "Drovers Choice Beef Rump Steak approx. 910g each",
    "COL Price": 19.11,
    "COL ppu": "$21.00 per 1Kg",
    "COL Size": "approx. 910g each"
  },
  {
    "Brand_Product_Size": "Batiste Divine Dark Brown Dry Shampoo Plus 200mL",
    "COL Price": 13,
    "COL ppu": "$6.50 per 100mL",
    "COL Size": "200mL"
  },
  {
    "Brand_Product_Size": "Hospitality Graham Cracker Pie Crust 170g",
    "COL Price": 4,
    "COL ppu": "$2.35 per 100G",
    "COL Size": "170g"
  },
  {
    "Brand_Product_Size": "Coles Salmon Skin Off 460g",
    "COL Price": 14,
    "COL ppu": "$30.43 per 1Kg",
    "COL Size": "460g"
  },
  {
    "Brand_Product_Size": "Heinz Oaty Licious Baby Food 8+ Months Mashed 120g",
    "COL Price": 1.5,
    "COL ppu": "$1.25 per 100G",
    "COL Size": "120g"
  },
  {
    "Brand_Product_Size": "Latina Fresh Beef Ravioli 625g",
    "COL Price": 8,
    "COL ppu": "$1.28 per 100G",
    "COL Size": "625g"
  },
  {
    "Brand_Product_Size": "Mount Franklin Lightly Sparkling Mango Can 4 x 250mL 4 pack",
    "COL Price": 3.6,
    "COL ppu": "$3.60 per 1L",
    "COL Size": "4 pack"
  },
  {
    "Brand_Product_Size": "Norsca Ultra Protection Antiperspirant Forest Fresh Deodorant 245mL",
    "COL Price": 3,
    "COL ppu": "$1.22 per 100mL",
    "COL Size": "245mL"
  },
  {
    "Brand_Product_Size": "LifeStyles Skyn Large Comfortable Fit Condoms 10 pack",
    "COL Price": 10,
    "COL ppu": "$1.00 per 1Ea",
    "COL Size": "10 pack"
  },
  {
    "Brand_Product_Size": "OB Finest Apricot & Hazelnut Crackers 150g",
    "COL Price": 6,
    "COL ppu": "$4.00 per 100G",
    "COL Size": "150g"
  },
  {
    "Brand_Product_Size": "Lancashire Eccles Cakes 4pack 180g",
    "COL Price": 7.1,
    "COL ppu": "$3.94 per 100G",
    "COL Size": "180g"
  },
  {
    "Brand_Product_Size": "L'Oreal Infallible Matte Finish Found Rose Vanilla 35mL",
    "COL Price": 21,
    "COL ppu": "$6.00 per 10mL",
    "COL Size": "35mL"
  },
  {
    "Brand_Product_Size": "Obento Mirin Seasoning 250mL",
    "COL Price": 3,
    "COL ppu": "$1.20 per 100mL",
    "COL Size": "250mL"
  },
  {
    "Brand_Product_Size": "Cadbury Boost Chocolate Bar 60g",
    "COL Price": 1,
    "COL ppu": "$1.67 per 100G",
    "COL Size": "60g"
  },
  {
    "Brand_Product_Size": "Dettol Instant Hand Sanitiser Clip 50mL",
    "COL Price": 4,
    "COL ppu": "$8.00 per 100mL",
    "COL Size": "50mL"
  },
  {
    "Brand_Product_Size": "Genius Gluten Free Soft White Rolls 2 pack",
    "COL Price": 3.5,
    "COL ppu": "$1.75 per 1Ea",
    "COL Size": "2 pack"
  },
  {
    "Brand_Product_Size": "Black Swan Warming Spinach Mozzarella & Haloumi Dip 180g",
    "COL Price": 4.3,
    "COL ppu": "$2.39 per 100G",
    "COL Size": "180g"
  },
  {
    "Brand_Product_Size": "Sanitarium So Good Long life Regular Soy Milk 250mL 3 pack",
    "COL Price": 3.3,
    "COL ppu": "$4.40 per 1L",
    "COL Size": "3 pack"
  },
  {
    "Brand_Product_Size": "Maltesers Teasers Milk Chocolate Bar 146g",
    "COL Price": 3,
    "COL ppu": "$20.55 per 1KG",
    "COL Size": "146g"
  },
  {
    "Brand_Product_Size": "Coles Deli SSF Mild Chorizo Salami approx. 125g each",
    "COL Price": 4.125,
    "COL ppu": "$33.00 per 1Kg",
    "COL Size": "approx. 125g each"
  },
  {
    "Brand_Product_Size": "Dove Nutritive Solutions Daily Moisture Shampoo 320mL",
    "COL Price": 6.9,
    "COL ppu": "$2.16 per 100mL",
    "COL Size": "320mL"
  },
  {
    "Brand_Product_Size": "180 Degrees Maple Cranberry Apricot Oat Crackers 135g",
    "COL Price": 5.5,
    "COL ppu": "$4.07 per 100G",
    "COL Size": "135g"
  },
  {
    "Brand_Product_Size": "Schweppes Infused Lime Mineral Water 1.1L",
    "COL Price": 2.15,
    "COL ppu": "$1.95 per 1L",
    "COL Size": "1.1L"
  },
  {
    "Brand_Product_Size": "Patak's Rogan Josh Simmer Sauce Medium 450g",
    "COL Price": 3.5,
    "COL ppu": "$0.78 per 100G",
    "COL Size": "450g"
  },
  {
    "Brand_Product_Size": "Mayver's Original Super Spread 280g",
    "COL Price": 6.5,
    "COL ppu": "$2.32 per 100G",
    "COL Size": "280g"
  },
  {
    "Brand_Product_Size": "Coles Ibuprofen Soft Gel Capsules 20 pack",
    "COL Price": 2.6,
    "COL ppu": "$0.13 per 1Ea",
    "COL Size": "20 pack"
  },
  {
    "Brand_Product_Size": "Fantastic Delites Honey Soy Chicken Rice Snacks 100g",
    "COL Price": 2,
    "COL ppu": "$2.00 per 100G",
    "COL Size": "100g"
  },
  {
    "Brand_Product_Size": "Coles Jam & Cream Biscuits 150g",
    "COL Price": 1.8,
    "COL ppu": "$1.20 per 100G",
    "COL Size": "150g"
  },
  {
    "Brand_Product_Size": "Campbell's Real Beef Stock 500mL",
    "COL Price": 2.3,
    "COL ppu": "$0.46 per 100mL",
    "COL Size": "500mL"
  },
  {
    "Brand_Product_Size": "Coles Continental Parsley Punnets Prepacked 15g",
    "COL Price": 3,
    "COL ppu": "$2.00 per 10G",
    "COL Size": "15g"
  },
  {
    "Brand_Product_Size": "Uncle Toby's Oat Slice Choc Chip 70g",
    "COL Price": 3.5,
    "COL ppu": "$5.00 per 100G",
    "COL Size": "70g"
  },
  {
    "Brand_Product_Size": "Nature's Way Vita Gummies Daily Fibre Vitamins 110 pack",
    "COL Price": 20,
    "COL ppu": "$0.18 per 1Ea",
    "COL Size": "110 pack"
  },
  {
    "Brand_Product_Size": "Vicks Fever InSight Thermometer 1 pack",
    "COL Price": 26.5,
    "COL ppu": "$26.50 per 1Ea",
    "COL Size": "1 pack"
  },
  {
    "Brand_Product_Size": "Restaurant Collection Grilled Mexican Pork Carnitas With Salsa 500g",
    "COL Price": 16.5,
    "COL ppu": "$3.30 per 100G",
    "COL Size": "500g"
  },
  {
    "Brand_Product_Size": "Maybelline Hyper Sharp Wing Black Eye Liner 0.5g",
    "COL Price": 12.6,
    "COL ppu": "$252.00 per 10G",
    "COL Size": "0.5g"
  },
  {
    "Brand_Product_Size": "Coles Kohl Rabi Bunch each",
    "COL Price": 4,
    "COL ppu": "$4.00 per 1Ea",
    "COL Size": "each"
  },
  {
    "Brand_Product_Size": "Lee Kum Kee Singapore Noodle Stir Fry Sauce Pouch 90g",
    "COL Price": 2.2,
    "COL ppu": "$2.44 per 100G",
    "COL Size": "90g"
  },
  {
    "Brand_Product_Size": "Twinings Cranberry &  Pomegranate Flavoured Tea Bags 10 pack 20g",
    "COL Price": 2.9,
    "COL ppu": "$0.29 per 1Ea",
    "COL Size": "20g"
  },
  {
    "Brand_Product_Size": "Proud & Punch Mint Smoothie 6 pack 450mL",
    "COL Price": 6,
    "COL ppu": "$1.33 per 100mL",
    "COL Size": "450mL"
  },
  {
    "Brand_Product_Size": "The Bare Bird Whole Chicken approx. 1.6kg each",
    "COL Price": 12,
    "COL ppu": "$7.50 per 1Kg",
    "COL Size": "approx. 1.6kg each"
  },
  {
    "Brand_Product_Size": "Lindt Fruit Sensation Raspberry & Cranberry Dark Chocolate 150g",
    "COL Price": 6,
    "COL ppu": "$4.00 per 100G",
    "COL Size": "150g"
  },
  {
    "Brand_Product_Size": "John West Protein Tuna Pearl Couscous Brown Rice Oven Roast Tomato On 220g",
    "COL Price": 3,
    "COL ppu": "$13.64 per 1Kg",
    "COL Size": "220g"
  },
  {
    "Brand_Product_Size": "Vitasoy Soy Milky Lite Long Life Milk 1L 1L",
    "COL Price": 2.45,
    "COL ppu": "$2.45 per 1L",
    "COL Size": "1L"
  },
  {
    "Brand_Product_Size": "Abbott's Village Bakery Farmhouse Wholemeal Bread 750g",
    "COL Price": 3.8,
    "COL ppu": "$0.51 per 100G",
    "COL Size": "750g"
  },
  {
    "Brand_Product_Size": "Sally Hansen Hard As Nails Clear Nail Polish 13.3mL",
    "COL Price": 10,
    "COL ppu": "$7.52 per 10mL",
    "COL Size": "13.3mL"
  },
  {
    "Brand_Product_Size": "Coles Tropical Fruit Drink 1L",
    "COL Price": 1.1,
    "COL ppu": "$1.10 per 1L",
    "COL Size": "1L"
  },
  {
    "Brand_Product_Size": "Coles Made Easy Pumpkin Puff Pastry Parcels With Fetta & Red Onion 300g",
    "COL Price": 8,
    "COL ppu": "$26.67 per 1Kg",
    "COL Size": "300g"
  },
  {
    "Brand_Product_Size": "Coles Protein Bar Dark Choc 190g",
    "COL Price": 3.5,
    "COL ppu": "$1.84 per 100G",
    "COL Size": "190g"
  },
  {
    "Brand_Product_Size": "Fancy Feast Classic Prime Filet of Chicken Canned Cat Food 85g",
    "COL Price": 1.45,
    "COL ppu": "$1.71 per 100G",
    "COL Size": "85g"
  },
  {
    "Brand_Product_Size": "Arnott's Balsamic Vinegar & Sea Salt Cracker Chips 150g",
    "COL Price": 3,
    "COL ppu": "$2.00 per 100G",
    "COL Size": "150g"
  },
  {
    "Brand_Product_Size": "Pauls Kids Chocolate Mousse 12 Pack 600g",
    "COL Price": 6.5,
    "COL ppu": "$1.08 per 100G",
    "COL Size": "600g"
  },
  {
    "Brand_Product_Size": "Wallaby Bites Gluten Free Dark Chocolate Fruit & Nut 150g",
    "COL Price": 5,
    "COL ppu": "$3.33 per 100G",
    "COL Size": "150g"
  },
  {
    "Brand_Product_Size": "Thankyou Mint & Spring Flowers Body Wash 500mL",
    "COL Price": 5.6,
    "COL ppu": "$1.12 per 100mL",
    "COL Size": "500mL"
  },
  {
    "Brand_Product_Size": "Edgell Instant Mashed Potato 100g",
    "COL Price": 1.7,
    "COL ppu": "$17.00 per 1Kg",
    "COL Size": "100g"
  },
  {
    "Brand_Product_Size": "CUB Head To Toe Baby Wash 500mL",
    "COL Price": 5,
    "COL ppu": "$1.00 per 100mL",
    "COL Size": "500mL"
  },
  {
    "Brand_Product_Size": "Bellamy's Organic Milk & Vanilla Baby Rice 125g",
    "COL Price": 4,
    "COL ppu": "$3.20 per 100G",
    "COL Size": "125g"
  },
  {
    "Brand_Product_Size": "Coles Pacific Brown Rice & Quinoa With Peri Peri Tuna 190g",
    "COL Price": 3,
    "COL ppu": "$15.79 per 1Kg",
    "COL Size": "190g"
  },
  {
    "Brand_Product_Size": "L'Oreal Age Perfect Gold Age Serum 125mL",
    "COL Price": 28,
    "COL ppu": "$22.40 per 100mL",
    "COL Size": "125mL"
  },
  {
    "Brand_Product_Size": "Coles Frozen Mini Corn Fritters 10 Pack 300g",
    "COL Price": 5,
    "COL ppu": "$1.67 per 100G",
    "COL Size": "300g"
  },
  {
    "Brand_Product_Size": "Coles Thawed Seafood Cooked Peeled Prawn Cutlets 1kg",
    "COL Price": 29,
    "COL ppu": "$29.00 per 1Ea",
    "COL Size": "1kg"
  },
  {
    "Brand_Product_Size": "Coles Cling Wrap 300mm each",
    "COL Price": 6.75,
    "COL ppu": "$6.75 per 1Ea",
    "COL Size": "each"
  },
  {
    "Brand_Product_Size": "Coles Ibuprofen Tablets 200mg 24 pack",
    "COL Price": 1.55,
    "COL ppu": "$0.06 per 1Ea",
    "COL Size": "24 pack"
  },
  {
    "Brand_Product_Size": "Garnier Fructis Coconut Water Conditioner 315mL",
    "COL Price": 3.5,
    "COL ppu": "$1.11 per 100mL",
    "COL Size": "315mL"
  },
  {
    "Brand_Product_Size": "Dr Pepper Cola Soft Drink Can 355mL",
    "COL Price": 2.15,
    "COL ppu": "$6.06 per 1L",
    "COL Size": "355mL"
  },
  {
    "Brand_Product_Size": "Tip Top The One Wholemeal Sandwich Bread 700g",
    "COL Price": 3.4,
    "COL ppu": "$0.49 per 100G",
    "COL Size": "700g"
  },
  {
    "Brand_Product_Size": "Coles Habanero Chillies loose approx. 50g",
    "COL Price": 1,
    "COL ppu": "$20.00 per 1Kg",
    "COL Size": "approx. 50g"
  },
  {
    "Brand_Product_Size": "Coles Beechwood Smoked Loin Ham approx. 700g each",
    "COL Price": 14,
    "COL ppu": "$20.00 per 1Kg",
    "COL Size": "approx. 700g each"
  },
  {
    "Brand_Product_Size": "Keep It Cleaner Bliss Balls Peppermint Slice 40g",
    "COL Price": 2.5,
    "COL ppu": "$6.25 per 100mL",
    "COL Size": "40g"
  },
  {
    "Brand_Product_Size": "Nudie Cloudy Apple Juice Chilled 2L",
    "COL Price": 7.5,
    "COL ppu": "$3.75 per 1L",
    "COL Size": "2L"
  },
  {
    "Brand_Product_Size": "The Bar Counter High Protein Raspberry Truffle",
    "COL Price": 2.5,
    "COL ppu": "",
    "COL Size": ""
  },
  {
    "Brand_Product_Size": "Coles Soda Water Sparkling Mixers Multipack Bottles 300mL 4 pack",
    "COL Price": 3.44,
    "COL ppu": "$2.87 per 1L",
    "COL Size": "4 pack"
  },
  {
    "Brand_Product_Size": "Coles Kitchen Lamb Rogan Josh With Rice 350g",
    "COL Price": 6.5,
    "COL ppu": "$1.86 per 100G",
    "COL Size": "350g"
  },
  {
    "Brand_Product_Size": "Pedigree Casserole With Beef & Gravy Adult Wet Dog Food Can 700g",
    "COL Price": 2.5,
    "COL ppu": "$0.36 per 100G",
    "COL Size": "700g"
  },
  {
    "Brand_Product_Size": "Sunraysia Prune Juice Bottle 250mL",
    "COL Price": 2.45,
    "COL ppu": "$9.80 per 1L",
    "COL Size": "250mL"
  },
  {
    "Brand_Product_Size": "Mainland On The Go Tasty Cheese & Crackers 4 Pack 120g",
    "COL Price": 6,
    "COL ppu": "",
    "COL Size": "120g"
  },
  {
    "Brand_Product_Size": "Huggies Ultra Dry Nappy For Boys 10-15 Kg Size 4 72 pack",
    "COL Price": 30,
    "COL ppu": "$0.42 per 1Ea",
    "COL Size": "72 pack"
  },
  {
    "Brand_Product_Size": "Coles Finest Chicken & Pancetta Carbonara Linguine 400g",
    "COL Price": 8.5,
    "COL ppu": "$2.13 per 100G",
    "COL Size": "400g"
  },
  {
    "Brand_Product_Size": "Jalna Pot Set Greek Style Sweet & Creamy Strawberry Yoghurt 1kg",
    "COL Price": 7.5,
    "COL ppu": "$7.50 per 1Kg",
    "COL Size": "1kg"
  },
  {
    "Brand_Product_Size": "Coles Urban Coffee Culture Intense Coffee Beans 1 kg",
    "COL Price": 12,
    "COL ppu": "$1.20 per 100G",
    "COL Size": "1 kg"
  },
  {
    "Brand_Product_Size": "Moccona Classic Medium Roast Instant Coffee 100g",
    "COL Price": 9.95,
    "COL ppu": "$9.95 per 100G",
    "COL Size": "100g"
  },
  {
    "Brand_Product_Size": "IXL 50% Less Sugar Fruits Of The Forest Jam 425g",
    "COL Price": 3.5,
    "COL ppu": "$0.82 per 100G",
    "COL Size": "425g"
  },
  {
    "Brand_Product_Size": "Tradie Mens Acrylic Work Sock 7-10 Black 3 pack",
    "COL Price": 10,
    "COL ppu": "$3.33 per 1Ea",
    "COL Size": "3 pack"
  },
  {
    "Brand_Product_Size": "Coles Sweet Seeded Mustard Tuna 95g",
    "COL Price": 0.9,
    "COL ppu": "$9.47 per 1Kg",
    "COL Size": "95g"
  },
  {
    "Brand_Product_Size": "Taylors Of Harrogate Yorkshire Gold Tea Bags 100 pack",
    "COL Price": 6.5,
    "COL ppu": "$0.07 per 1Ea",
    "COL Size": "100 pack"
  },
  {
    "Brand_Product_Size": "Ben & Jerry's Chocolate Chip Cookie Dough Core Milk Ice Cream Tub 458mL",
    "COL Price": 8,
    "COL ppu": "$1.75 per 100mL",
    "COL Size": "458mL"
  },
  {
    "Brand_Product_Size": "Fanta Orange 600mL",
    "COL Price": 3.75,
    "COL ppu": "$6.25 per 1L",
    "COL Size": "600mL"
  },
  {
    "Brand_Product_Size": "Nerada Organic Echinacia & Lemon Tea Bags 40 pack",
    "COL Price": 4,
    "COL ppu": "$0.10 per 1Ea",
    "COL Size": "40 pack"
  },
  {
    "Brand_Product_Size": "Chobani Blueberry Yoghurt Pouch 140g",
    "COL Price": 2.25,
    "COL ppu": "$1.61 per 100G",
    "COL Size": "140g"
  },
  {
    "Brand_Product_Size": "Keep It Cleaner Tomato Garlic & Basil Pasta Sauce 500g",
    "COL Price": 4,
    "COL ppu": "$0.80 per 100G",
    "COL Size": "500g"
  },
  {
    "Brand_Product_Size": "Coles Vanilla Cream Wafers 125g",
    "COL Price": 0.55,
    "COL ppu": "$0.44 per 100G",
    "COL Size": "125g"
  },
  {
    "Brand_Product_Size": "MTR Instant Dosa Mix 500g",
    "COL Price": 3.25,
    "COL ppu": "$0.65 per 100G",
    "COL Size": "500g"
  },
  {
    "Brand_Product_Size": "Red Eye Platinum with Attitude Energy Drink 330mL",
    "COL Price": 2.75,
    "COL ppu": "$8.33 per 1L",
    "COL Size": "330mL"
  },
  {
    "Brand_Product_Size": "L'Oreal Paris Excellence Creme Light Blonde Hair Colour 1 pack",
    "COL Price": 20,
    "COL ppu": "$20.00 per 1Ea",
    "COL Size": "1 pack"
  },
  {
    "Brand_Product_Size": "Head & Shoulders Supreme Smooth Creme Conditioner 550mL",
    "COL Price": 9.5,
    "COL ppu": "$1.73 per 100mL",
    "COL Size": "550mL"
  },
  {
    "Brand_Product_Size": "You Beaut Frozen Mango 400g",
    "COL Price": 6,
    "COL ppu": "$1.50 per 100G",
    "COL Size": "400g"
  },
  {
    "Brand_Product_Size": "Herb & Sons Beef Free Sausages 450g",
    "COL Price": 8.5,
    "COL ppu": "$18.89 per 1Kg",
    "COL Size": "450g"
  },
  {
    "Brand_Product_Size": "Cook & Dine Silicone Whisk each",
    "COL Price": 4,
    "COL ppu": "$4.00 per 1Ea",
    "COL Size": "each"
  },
  {
    "Brand_Product_Size": "Peters Gluten Free Original Vanilla Ice Cream Tub 2L",
    "COL Price": 4.75,
    "COL ppu": "$2.38 per 1L",
    "COL Size": "2L"
  },
  {
    "Brand_Product_Size": "Buderim Ginger Original Ginger Marmalade 365g",
    "COL Price": 3.4,
    "COL ppu": "$0.93 per 100G",
    "COL Size": "365g"
  },
  {
    "Brand_Product_Size": "BioNaturals Magnesium Boost Tablets 70 pack",
    "COL Price": 27,
    "COL ppu": "$0.39 per 1Ea",
    "COL Size": "70 pack"
  },
  {
    "Brand_Product_Size": "Valley Produce Co. Flatbread Sea Salt & Sesame Artisan Crackers 130g",
    "COL Price": 4.9,
    "COL ppu": "$3.77 per 100G",
    "COL Size": "130g"
  },
  {
    "Brand_Product_Size": "Coles Original Breadsticks 125g",
    "COL Price": 2.5,
    "COL ppu": "$2.00 per 100G",
    "COL Size": "125g"
  },
  {
    "Brand_Product_Size": "Nobby's Salted Mixed Nuts 375g",
    "COL Price": 6.65,
    "COL ppu": "$17.73 per 1Kg",
    "COL Size": "375g"
  },
  {
    "Brand_Product_Size": "Coles Fresh Seafood Albacore Tuna Steak approx. 160g",
    "COL Price": 4.8,
    "COL ppu": "$30.00 per 1Kg",
    "COL Size": "approx. 160g"
  },
  {
    "Brand_Product_Size": "Coles Pea Ham With Croutons Soup Serves 2 60g",
    "COL Price": 1,
    "COL ppu": "$1.67 per 100G",
    "COL Size": "60g"
  },
  {
    "Brand_Product_Size": "Smash Blue Glass Bottle 580mL each",
    "COL Price": 20,
    "COL ppu": "$20.00 per 1Ea",
    "COL Size": "each"
  },
  {
    "Brand_Product_Size": "Always Fresh Stuffed Olives Pimento 450g",
    "COL Price": 3.95,
    "COL ppu": "$8.78 per 1Kg",
    "COL Size": "450g"
  },
  {
    "Brand_Product_Size": "Nice & Natural Nut Butter Muesli Bar Almond 5 Pack 175g",
    "COL Price": 5,
    "COL ppu": "$2.86 per 100G",
    "COL Size": "175g"
  },
  {
    "Brand_Product_Size": "Pop Tops Tropical Fruit Drink Multipack 250mL 6 pack",
    "COL Price": 4.9,
    "COL ppu": "$0.82 per 1Ea",
    "COL Size": "6 pack"
  },
  {
    "Brand_Product_Size": "Pepsi Max Soft Drink 375mL 24 pack",
    "COL Price": 24.55,
    "COL ppu": "$2.73 per 1L",
    "COL Size": "24 pack"
  },
  {
    "Brand_Product_Size": "Melrose Premium Liquid Coconut Oil Flavour Free 250mL",
    "COL Price": 8.5,
    "COL ppu": "$3.40 per 100mL",
    "COL Size": "250mL"
  },
  {
    "Brand_Product_Size": "Original Juice Co. Black Label Pulp Free Chilled Orange Juice 1.5L",
    "COL Price": 5.65,
    "COL ppu": "$3.77 per 1L",
    "COL Size": "1.5L"
  },
  {
    "Brand_Product_Size": "Coles Liners Long 26 pack",
    "COL Price": 1.8,
    "COL ppu": "$0.07 per 1Ea",
    "COL Size": "26 pack"
  },
  {
    "Brand_Product_Size": "Mingle All Purpose Seasoning 50g",
    "COL Price": 4.95,
    "COL ppu": "$0.99 per 10G",
    "COL Size": "50g"
  },
  {
    "Brand_Product_Size": "Udder Delights Adelaide Hills Ash Brie Cheese 200g",
    "COL Price": 9,
    "COL ppu": "$45.00 per 1Kg",
    "COL Size": "200g"
  },
  {
    "Brand_Product_Size": "Gaganis Chick Peas 1kg",
    "COL Price": 5.5,
    "COL ppu": "$5.50 per 1Kg",
    "COL Size": "1kg"
  },
  {
    "Brand_Product_Size": "Maybelline Dream Urban Cover Classic Ivory Foundation 30mL",
    "COL Price": 18.2,
    "COL ppu": "$6.07 per 10mL",
    "COL Size": "30mL"
  },
  {
    "Brand_Product_Size": "Coles Kitchen Family Ranch Salad Kit 400g",
    "COL Price": 5,
    "COL ppu": "$1.25 per 100G",
    "COL Size": "400g"
  },
  {
    "Brand_Product_Size": "Val Verde Passata Cooking Sauce 700mL",
    "COL Price": 2,
    "COL ppu": "$0.29 per 100mL",
    "COL Size": "700mL"
  },
  {
    "Brand_Product_Size": "Edgell Garden Peas 420g",
    "COL Price": 1.45,
    "COL ppu": "$3.45 per 1Kg",
    "COL Size": "420g"
  },
  {
    "Brand_Product_Size": "Green's Better Bakes Protein Pancake Shake Buttermilk 325g",
    "COL Price": 3,
    "COL ppu": "$0.92 per 100G",
    "COL Size": "325g"
  },
  {
    "Brand_Product_Size": "Tasti Fruit & Veg Wholefood Balls Strawberry & Beetroot 180g",
    "COL Price": 6.5,
    "COL ppu": "$3.61 per 100G",
    "COL Size": "180g"
  },
  {
    "Brand_Product_Size": "Pauls Milky Max Chocolate Dairy Snack 12 pack 1.2kg",
    "COL Price": 6.9,
    "COL ppu": "$0.58 per 100G",
    "COL Size": "1.2kg"
  },
  {
    "Brand_Product_Size": "Coles Thick Ponytailers Snagless Brown 28 pack",
    "COL Price": 6.8,
    "COL ppu": "$0.24 per 1Ea",
    "COL Size": "28 pack"
  },
  {
    "Brand_Product_Size": "L'Oreal Casting Creme Gloss Chocolate Chesnut Hair Colour 1 pack",
    "COL Price": 12.8,
    "COL ppu": "$12.80 per 1Ea",
    "COL Size": "1 pack"
  },
  {
    "Brand_Product_Size": "Lee Kum Kee Salt Reduced Soy Sauce 150mL",
    "COL Price": 2.9,
    "COL ppu": "$1.93 per 100mL",
    "COL Size": "150mL"
  },
  {
    "Brand_Product_Size": "Coles Colby Cheese Block 1kg",
    "COL Price": 8.9,
    "COL ppu": "$8.90 per 1Kg",
    "COL Size": "1kg"
  },
  {
    "Brand_Product_Size": "Osem Vanilla Instant Pudding 80g",
    "COL Price": 2.45,
    "COL ppu": "$3.06 per 100G",
    "COL Size": "80g"
  },
  {
    "Brand_Product_Size": "Bic Atlantis Black Pens 4 pack",
    "COL Price": 3.67,
    "COL ppu": "$0.92 per 1Ea",
    "COL Size": "4 pack"
  },
  {
    "Brand_Product_Size": "Schwarzkopf Extra Care Ultimate Styling Hair Mousse 150g",
    "COL Price": 5,
    "COL ppu": "$3.33 per 100mL",
    "COL Size": "150g"
  },
  {
    "Brand_Product_Size": "Maybelline Brow Ultra Slim Soft Brown 0.09g",
    "COL Price": 8,
    "COL ppu": "$889.88 per 10G",
    "COL Size": "0.09g"
  },
  {
    "Brand_Product_Size": "Solvol Liquid Scrub 250mL",
    "COL Price": 4,
    "COL ppu": "$1.60 per 100mL",
    "COL Size": "250mL"
  },
  {
    "Brand_Product_Size": "Clearasil Ultra 5 In 1 Exfoliating Scrub 150mL",
    "COL Price": 14.5,
    "COL ppu": "$9.67 per 100mL",
    "COL Size": "150mL"
  },
  {
    "Brand_Product_Size": "My Dog Chicken Supreme Dg Food 6 pack",
    "COL Price": 8.5,
    "COL ppu": "$1.42 per 1Ea",
    "COL Size": "6 pack"
  },
  {
    "Brand_Product_Size": "Cold Power Triple Capsules Sensitive 30 pack",
    "COL Price": 20,
    "COL ppu": "$0.67 per 1Ea",
    "COL Size": "30 pack"
  },
  {
    "Brand_Product_Size": "Coles Dip Corn Relish 200g",
    "COL Price": 1.9,
    "COL ppu": "$0.95 per 100G",
    "COL Size": "200g"
  },
  {
    "Brand_Product_Size": "Calbee Harvest Snaps Baked Pea Crisps Salt & Vinegar 93g",
    "COL Price": 2.5,
    "COL ppu": "$2.69 per 100G",
    "COL Size": "93g"
  },
  {
    "Brand_Product_Size": "Uncle Tobys Plus Antioxidant Cereal 765g",
    "COL Price": 7.5,
    "COL ppu": "$0.98 per 100G",
    "COL Size": "765g"
  },
  {
    "Brand_Product_Size": "Abundance Asian BBQ Beef 400g",
    "COL Price": 6,
    "COL ppu": "$1.50 per 100G",
    "COL Size": "400g"
  },
  {
    "Brand_Product_Size": "Coles Deli Hot Hungarian Salami approx. 125g each",
    "COL Price": 3.125,
    "COL ppu": "$25.00 per 1Kg",
    "COL Size": "approx. 125g each"
  },
  {
    "Brand_Product_Size": "Ocean Spray Craisins Infused Pomegranate 150g",
    "COL Price": 3,
    "COL ppu": "$2.00 per 100G",
    "COL Size": "150g"
  },
  {
    "Brand_Product_Size": "Cook & Dine Footed Mug each",
    "COL Price": 3,
    "COL ppu": "$3.00 per 1Ea",
    "COL Size": "each"
  },
  {
    "Brand_Product_Size": "Coles Asia Premium Thai Coconut Mil 400mL",
    "COL Price": 2.5,
    "COL ppu": "$0.63 per 100mL",
    "COL Size": "400mL"
  },
  {
    "Brand_Product_Size": "Arnott's Honey Soy Chicken Cracker Chips 150g",
    "COL Price": 3,
    "COL ppu": "$2.00 per 100G",
    "COL Size": "150g"
  },
  {
    "Brand_Product_Size": "Tamar Valley Low Fat Greek Style Yoghurt Tubs 6 pack 750g",
    "COL Price": 6.9,
    "COL ppu": "$0.92 per 100G",
    "COL Size": "750g"
  },
  {
    "Brand_Product_Size": "Plant Life Food Co. Crackers Olives & Garlic 110g",
    "COL Price": 3.2,
    "COL ppu": "$2.91 per 100G",
    "COL Size": "110g"
  },
  {
    "Brand_Product_Size": "Roar Protein Manuka Honey Ham Almonds & Cheese 70g",
    "COL Price": 5,
    "COL ppu": "$7.14 per 100G",
    "COL Size": "70g"
  },
  {
    "Brand_Product_Size": "Chobani Fit X Strawberry Choc Hit Yoghurt 140g",
    "COL Price": 3.5,
    "COL ppu": "$2.50 per 100G",
    "COL Size": "140g"
  },
  {
    "Brand_Product_Size": "Pine O Cleen Disinfectant Floor Cleaner Pomegranate Blossom 1L",
    "COL Price": 5,
    "COL ppu": "$5.00 per 1L",
    "COL Size": "1L"
  },
  {
    "Brand_Product_Size": "Coles Vanilla Flavoured Quick Oats Sachets 420g",
    "COL Price": 3.3,
    "COL ppu": "$0.79 per 100G",
    "COL Size": "420g"
  },
  {
    "Brand_Product_Size": "Gippsland Twist Yoghurt Limited Edition 720g",
    "COL Price": 5.5,
    "COL ppu": "$0.76 per 100G",
    "COL Size": "720g"
  },
  {
    "Brand_Product_Size": "Belvita Soft Bake Bites Apple Cinnamon Biscuits",
    "COL Price": 3,
    "COL ppu": "",
    "COL Size": ""
  },
  {
    "Brand_Product_Size": "Grandma Moses Mixed Seed Bagels 4pack 440g",
    "COL Price": 4.6,
    "COL ppu": "$1.05 per 100G",
    "COL Size": "440g"
  },
  {
    "Brand_Product_Size": "Bulldog Sensitive Moisturiser Skincare For Men 100mL",
    "COL Price": 12.5,
    "COL ppu": "$12.50 per 100mL",
    "COL Size": "100mL"
  },
  {
    "Brand_Product_Size": "Kind Crunchy Peanut Butter Protein Bar 50g",
    "COL Price": 3,
    "COL ppu": "$6.00 per 100G",
    "COL Size": "50g"
  },
  {
    "Brand_Product_Size": "Coles Mexican Seasoning Mix Mild 40g",
    "COL Price": 1,
    "COL ppu": "$2.50 per 100G",
    "COL Size": "40g"
  },
  {
    "Brand_Product_Size": "Quit Nits Rapid Head Lice Lotion 200mL",
    "COL Price": 17,
    "COL ppu": "$8.50 per 100mL",
    "COL Size": "200mL"
  },
  {
    "Brand_Product_Size": "McCain Frozen Shredded Potato Hash Browns 750g",
    "COL Price": 3,
    "COL ppu": "$4.00 per 1Kg",
    "COL Size": "750g"
  },
  {
    "Brand_Product_Size": "Patak's Tikka Masala Curry Paste Medium 283g",
    "COL Price": 5.5,
    "COL ppu": "$1.94 per 100G",
    "COL Size": "283g"
  },
  {
    "Brand_Product_Size": "Ocean Spray Reduced Sugar Craisins 150g",
    "COL Price": 4,
    "COL ppu": "$26.67 per 1Kg",
    "COL Size": "150g"
  },
  {
    "Brand_Product_Size": "Coles Soft Drink Diet Raspberry 1.25L",
    "COL Price": 1,
    "COL ppu": "$0.80 per 1L",
    "COL Size": "1.25L"
  },
  {
    "Brand_Product_Size": "Sudafed PE Nasal Decongestant 10 pack",
    "COL Price": 9,
    "COL ppu": "$0.90 per 1Ea",
    "COL Size": "10 pack"
  },
  {
    "Brand_Product_Size": "Lifestyles Regular Condoms 10 pack",
    "COL Price": 6.5,
    "COL ppu": "$0.65 per 1Ea",
    "COL Size": "10 pack"
  },
  {
    "Brand_Product_Size": "Sargents Frozen 18 Party Pies and 18 Sausage Rolls 1.2kg",
    "COL Price": 11,
    "COL ppu": "$0.92 per 100G",
    "COL Size": "1.2kg"
  },
  {
    "Brand_Product_Size": "Coles Table Salt 500g",
    "COL Price": 0.9,
    "COL ppu": "$0.18 per 100G",
    "COL Size": "500g"
  },
  {
    "Brand_Product_Size": "Botanica Island Rose & African Geranium Candle each",
    "COL Price": 8.25,
    "COL ppu": "$8.25 per 1Ea",
    "COL Size": "each"
  },
  {
    "Brand_Product_Size": "Health Lab Hazelnut Choc Nut Butter Balls 3x40g 120g",
    "COL Price": 8,
    "COL ppu": "$6.67 per 100G",
    "COL Size": "120g"
  },
  {
    "Brand_Product_Size": "Coles White Cocktail Onions 150g",
    "COL Price": 1.1,
    "COL ppu": "$7.33 per 1Kg",
    "COL Size": "150g"
  },
  {
    "Brand_Product_Size": "Pureharvest Unsweetened Almond Milk 1L",
    "COL Price": 3.1,
    "COL ppu": "$3.10 per 1L",
    "COL Size": "1L"
  },
  {
    "Brand_Product_Size": "Sunrice Original Thick Rice Cakes 150g",
    "COL Price": 2,
    "COL ppu": "$1.33 per 100G",
    "COL Size": "150g"
  },
  {
    "Brand_Product_Size": "Jbronze Gradual Tanning Cream 150mL",
    "COL Price": 14,
    "COL ppu": "$9.33 per 100mL",
    "COL Size": "150mL"
  },
  {
    "Brand_Product_Size": "Organic Choice Coconut & Lime Candle each",
    "COL Price": 15,
    "COL ppu": "$15.00 per 1Ea",
    "COL Size": "each"
  },
  {
    "Brand_Product_Size": "Harris Smooth Coffee Ground 1kg",
    "COL Price": 20,
    "COL ppu": "$2.00 per 100G",
    "COL Size": "1kg"
  },
  {
    "Brand_Product_Size": "Coles Microwave 7 Grains Rice 250g",
    "COL Price": 2,
    "COL ppu": "$0.80 per 100G",
    "COL Size": "250g"
  },
  {
    "Brand_Product_Size": "Dare Double Espresso Robusta & Arabica Iced Coffee 750mL",
    "COL Price": 4.1,
    "COL ppu": "$5.47 per 1L",
    "COL Size": "750mL"
  },
  {
    "Brand_Product_Size": "Marzena Natural Body Wax Strips 40 pack",
    "COL Price": 16,
    "COL ppu": "$0.40 per 1Ea",
    "COL Size": "40 pack"
  },
  {
    "Brand_Product_Size": "Bepanthen Nappy Rash Ointment 100g",
    "COL Price": 10,
    "COL ppu": "$10.00 per 100G",
    "COL Size": "100g"
  },
  {
    "Brand_Product_Size": "Crave Real Chicken Cuts In Gravy Cat Food 75g",
    "COL Price": 2.2,
    "COL ppu": "$2.93 per 100G",
    "COL Size": "75g"
  },
  {
    "Brand_Product_Size": "Mr.Chen's Frozen Steamed Prawn Roll 5 pack 300g",
    "COL Price": 3.75,
    "COL ppu": "$1.25 per 100G",
    "COL Size": "300g"
  },
  {
    "Brand_Product_Size": "Tena Lady Pads Ultra Thin Mini 20 pack",
    "COL Price": 4.2,
    "COL ppu": "$0.21 per 1Ea",
    "COL Size": "20 pack"
  },
  {
    "Brand_Product_Size": "SPC Tropics Diced & Juicy Mangoes in Juice 120g 4 pack",
    "COL Price": 3,
    "COL ppu": "$6.25 per 1Kg",
    "COL Size": "4 pack"
  },
  {
    "Brand_Product_Size": "MasterFoods Stir Fry Chinese Beef Recipe Base 175g",
    "COL Price": 2.2,
    "COL ppu": "$1.26 per 100G",
    "COL Size": "175g"
  },
  {
    "Brand_Product_Size": "Coles Organic Australian Sultanas 6 Pack 210g",
    "COL Price": 3.5,
    "COL ppu": "$16.67 per 1Kg",
    "COL Size": "210g"
  },
  {
    "Brand_Product_Size": "Coles Deli Fresh Salmon Chilli & Lime Portion approx. 250g each",
    "COL Price": 7.25,
    "COL ppu": "$29.00 per 1Kg",
    "COL Size": "approx. 250g each"
  },
  {
    "Brand_Product_Size": "Coles Original Savoury Mix 400g",
    "COL Price": 7,
    "COL ppu": "$17.50 per 1Kg",
    "COL Size": "400g"
  },
  {
    "Brand_Product_Size": "Coles Zesting Lemons Prepacked 5 pack",
    "COL Price": 5.9,
    "COL ppu": "$1.18 per 1Ea",
    "COL Size": "5 pack"
  },
  {
    "Brand_Product_Size": "Strauss Vanilla Crembo 8 Pack 200g",
    "COL Price": 9,
    "COL ppu": "$4.50 per 100G",
    "COL Size": "200g"
  },
  {
    "Brand_Product_Size": "Colgate Total Original Toothpaste 115g",
    "COL Price": 3.5,
    "COL ppu": "$3.04 per 100G",
    "COL Size": "115g"
  },
  {
    "Brand_Product_Size": "Mortein Outdoor Barrier Crawling Insect Surface Spray 350g",
    "COL Price": 11,
    "COL ppu": "$3.14 per 100G",
    "COL Size": "350g"
  },
  {
    "Brand_Product_Size": "BSC Vanilla Flavour Whey Protein 400g",
    "COL Price": 23,
    "COL ppu": "$5.75 per 100G",
    "COL Size": "400g"
  },
  {
    "Brand_Product_Size": "Coles Fruit Salad in Juice Canned 410g",
    "COL Price": 2,
    "COL ppu": "$4.88 per 1Kg",
    "COL Size": "410g"
  },
  {
    "Brand_Product_Size": "Coles Spiral Hair Coils 5 pack",
    "COL Price": 5.6,
    "COL ppu": "$1.12 per 1Ea",
    "COL Size": "5 pack"
  },
  {
    "Brand_Product_Size": "Lemnos Haloumi Slices 200g",
    "COL Price": 6.5,
    "COL ppu": "$32.50 per 1Kg",
    "COL Size": "200g"
  },
  {
    "Brand_Product_Size": "Nature's Way Protein Figure Vanilla Powder 400g",
    "COL Price": 26,
    "COL ppu": "$6.50 per 100G",
    "COL Size": "400g"
  },
  {
    "Brand_Product_Size": "Tom Organic The Period Cup each",
    "COL Price": 42,
    "COL ppu": "$42.00 per 1Ea",
    "COL Size": "each"
  },
  {
    "Brand_Product_Size": "Bega Peanut Butter Crunchy 2kg",
    "COL Price": 16.5,
    "COL ppu": "$0.83 per 100G",
    "COL Size": "2kg"
  },
  {
    "Brand_Product_Size": "Nescafe Gold Original Premium Instant Coffee 100g",
    "COL Price": 9.5,
    "COL ppu": "$9.50 per 100G",
    "COL Size": "100g"
  },
  {
    "Brand_Product_Size": "Coca-Cola Soft Drink Coke 375mL 24 pack",
    "COL Price": 19.05,
    "COL ppu": "$0.79 per 1Ea",
    "COL Size": "24 pack"
  },
  {
    "Brand_Product_Size": "Coles Peanuts & Cashews Roasted & Salted 800g",
    "COL Price": 9.99,
    "COL ppu": "$1.25 per 100G",
    "COL Size": "800g"
  },
  {
    "Brand_Product_Size": "Nutella Hazelnut Chocolate Spread 400g",
    "COL Price": 5.4,
    "COL ppu": "$1.35 per 100G",
    "COL Size": "400g"
  },
  {
    "Brand_Product_Size": "Soothers Medicated Blackcurrant Throat Lozenges 43g",
    "COL Price": 2.2,
    "COL ppu": "$5.50 per 100G",
    "COL Size": "43g"
  },
  {
    "Brand_Product_Size": "Coles LED Globes BC 9W 840L Warm White 2 pack",
    "COL Price": 10,
    "COL ppu": "$5.00 per 1Ea",
    "COL Size": "2 pack"
  },
  {
    "Brand_Product_Size": "Chicken Tonight Classic Chicken Parmigiana Cooking Sauce 475g",
    "COL Price": 2.5,
    "COL ppu": "$0.53 per 100G",
    "COL Size": "475g"
  },
  {
    "Brand_Product_Size": "Coles White Potatoes Prepacked 2kg",
    "COL Price": 4,
    "COL ppu": "$2.00 per 1Kg",
    "COL Size": "2kg"
  },
  {
    "Brand_Product_Size": "Pepsi Max Vanilla Soft Drink 600mL",
    "COL Price": 3,
    "COL ppu": "$5.00 per 1L",
    "COL Size": "600mL"
  },
  {
    "Brand_Product_Size": "Woofin Good Calming Dog Treat 150g",
    "COL Price": 6,
    "COL ppu": "$4.00 per 100G",
    "COL Size": "150g"
  },
  {
    "Brand_Product_Size": "Nescafe Blend 43 Decaf 100g",
    "COL Price": 9.4,
    "COL ppu": "$9.40 per 100G",
    "COL Size": "100g"
  },
  {
    "Brand_Product_Size": "Always Fresh Black Olives Pitted 220g",
    "COL Price": 3.5,
    "COL ppu": "$15.91 per 1Kg",
    "COL Size": "220g"
  },
  {
    "Brand_Product_Size": "Coles Peach Slices In Syrup 825g",
    "COL Price": 2,
    "COL ppu": "$0.24 per 100G",
    "COL Size": "825g"
  },
  {
    "Brand_Product_Size": "Coles Ultra Sunscreen SPF 50+ 1L",
    "COL Price": 8.5,
    "COL ppu": "$8.50 per 1L",
    "COL Size": "1L"
  },
  {
    "Brand_Product_Size": "Australia's Own Unsweetened Like Milk 1L",
    "COL Price": 3,
    "COL ppu": "$3.00 per 1L",
    "COL Size": "1L"
  },
  {
    "Brand_Product_Size": "Coles Orange Juice Chilled 3L",
    "COL Price": 4.2,
    "COL ppu": "$1.40 per 1L",
    "COL Size": "3L"
  },
  {
    "Brand_Product_Size": "The Natural Confectionary Co. Party Mix Lollies 240g",
    "COL Price": 2,
    "COL ppu": "$0.83 per 100G",
    "COL Size": "240g"
  },
  {
    "Brand_Product_Size": "Arnott's Mini Milk Arrowroot Letters Biscuits 8 pack 168g",
    "COL Price": 3,
    "COL ppu": "$1.79 per 100G",
    "COL Size": "168g"
  },
  {
    "Brand_Product_Size": "Sunny Queen Cage Free Extra Large Eggs 12 pack 700g",
    "COL Price": 5.5,
    "COL ppu": "$0.79 per 100G",
    "COL Size": "700g"
  },
  {
    "Brand_Product_Size": "MasterFoods Tomato Relish 250g",
    "COL Price": 3.3,
    "COL ppu": "$1.32 per 100G",
    "COL Size": "250g"
  },
  {
    "Brand_Product_Size": "Bonds Zippy Wondersuit Boys Dreamweaver Sz Assorted each",
    "COL Price": 22,
    "COL ppu": "$22.00 per 1Ea",
    "COL Size": "each"
  },
  {
    "Brand_Product_Size": "St Dalfour Thick Apricot Spread 284g",
    "COL Price": 3,
    "COL ppu": "$1.06 per 100G",
    "COL Size": "284g"
  },
  {
    "Brand_Product_Size": "Pandaroo Five Spice Powder 100g",
    "COL Price": 2.5,
    "COL ppu": "$2.50 per 100G",
    "COL Size": "100g"
  },
  {
    "Brand_Product_Size": "Chobani Fit Vanilla Yoghurt Pot 170g",
    "COL Price": 2.25,
    "COL ppu": "$1.32 per 100G",
    "COL Size": "170g"
  },
  {
    "Brand_Product_Size": "Cook & Dine Ice Cube Tray each",
    "COL Price": 4,
    "COL ppu": "$4.00 per 1Ea",
    "COL Size": "each"
  },
  {
    "Brand_Product_Size": "Paesanella Cherry Bocconcini Cheese approx. 100g",
    "COL Price": 2.2,
    "COL ppu": "$22.00 per 1Kg",
    "COL Size": "approx. 100g"
  },
  {
    "Brand_Product_Size": "Libra Goodnights Ultra Thin Value Pack Pads 20 pack",
    "COL Price": 7.7,
    "COL ppu": "$0.39 per 1Ea",
    "COL Size": "20 pack"
  },
  {
    "Brand_Product_Size": "Golden Wok Frozen Diana Chan's Korean Beef Dumplings 230g",
    "COL Price": 7.5,
    "COL ppu": "$3.26 per 100G",
    "COL Size": "230g"
  },
  {
    "Brand_Product_Size": "Coles Deli Express Cauliflower & Fennel Dip 150g",
    "COL Price": 3.5,
    "COL ppu": "$2.33 per 100G",
    "COL Size": "150g"
  },
  {
    "Brand_Product_Size": "Darrell Lea Milk Chocolate Rocklea Road 145g",
    "COL Price": 3.5,
    "COL ppu": "$2.41 per 100G",
    "COL Size": "145g"
  },
  {
    "Brand_Product_Size": "Coles Toothpicks 350 pack",
    "COL Price": 2,
    "COL ppu": "$0.01 per 1Ea",
    "COL Size": "350 pack"
  },
  {
    "Brand_Product_Size": "Coles Fresh Seafood Whole Leatherjacket approx. 250g",
    "COL Price": 4.5,
    "COL ppu": "$18.00 per 1Kg",
    "COL Size": "approx. 250g"
  },
  {
    "Brand_Product_Size": "Coles Thawed Seafood Cooked XL Black Tiger Prawn 3kg",
    "COL Price": 87,
    "COL ppu": "$29.00 per 1Kg",
    "COL Size": "3kg"
  },
  {
    "Brand_Product_Size": "Sukin Colour Care Shampoo 500mL",
    "COL Price": 18,
    "COL ppu": "$3.60 per 100mL",
    "COL Size": "500mL"
  },
  {
    "Brand_Product_Size": "Cancer Council Face Moistriser Matte Invsable SPF 50 150mL",
    "COL Price": 17.5,
    "COL ppu": "$11.67 per 100mL",
    "COL Size": "150mL"
  },
  {
    "Brand_Product_Size": "Coles Soy Cat Litter 4kg",
    "COL Price": 16,
    "COL ppu": "$4.00 per 1Kg",
    "COL Size": "4kg"
  },
  {
    "Brand_Product_Size": "Selleys BBQ Tough 25 Wipes 1 pack",
    "COL Price": 10,
    "COL ppu": "$10.00 per 1Ea",
    "COL Size": "1 pack"
  },
  {
    "Brand_Product_Size": "Mazzetti Balsamic Vinegar 1 Leaf 500mL",
    "COL Price": 5,
    "COL ppu": "$1.00 per 100mL",
    "COL Size": "500mL"
  },
  {
    "Brand_Product_Size": "Kellogg's Froot Loops 285g",
    "COL Price": 5.7,
    "COL ppu": "$2.00 per 100G",
    "COL Size": "285g"
  },
  {
    "Brand_Product_Size": "Robert Timms Mocha Kenya Style Coffee Bags 28 pack 160g",
    "COL Price": 9.65,
    "COL ppu": "$0.06 per 1G",
    "COL Size": "160g"
  },
  {
    "Brand_Product_Size": "Coles Irresistable Vanilla Ice Cream Sticks 4 pack 468mL",
    "COL Price": 3.8,
    "COL ppu": "$0.81 per 100mL",
    "COL Size": "468mL"
  },
  {
    "Brand_Product_Size": "V.I.P. Natures Goodness Grain Free Home Style Beef Stew With Carrots & Potatoes Dog Food 700g",
    "COL Price": 2.25,
    "COL ppu": "$0.32 per 100G",
    "COL Size": "700g"
  },
  {
    "Brand_Product_Size": "Dare Triple Espresso Robusta & Arabica Iced Coffee 500mL",
    "COL Price": 2.6,
    "COL ppu": "$5.20 per 1L",
    "COL Size": "500mL"
  },
  {
    "Brand_Product_Size": "Palmolive Milk & Honey Liquid Hand Wash 250mL",
    "COL Price": 2.8,
    "COL ppu": "$1.12 per 100mL",
    "COL Size": "250mL"
  },
  {
    "Brand_Product_Size": "Coles Dinosaur Novelty Bunting each",
    "COL Price": 4,
    "COL ppu": "$4.00 per 1Ea",
    "COL Size": "each"
  },
  {
    "Brand_Product_Size": "Freedom Foods Brekky Heroes Choc Boulders 260g",
    "COL Price": 4,
    "COL ppu": "$1.54 per 100G",
    "COL Size": "260g"
  },
  {
    "Brand_Product_Size": "Nair Sensitive Wax Strips Large 40 pack",
    "COL Price": 15,
    "COL ppu": "$0.38 per 1Ea",
    "COL Size": "40 pack"
  },
  {
    "Brand_Product_Size": "Bostik Super Glue 3mL each",
    "COL Price": 2.65,
    "COL ppu": "$2.65 per 1Ea",
    "COL Size": "each"
  },
  {
    "Brand_Product_Size": "Coles Complete Balance Chicken Rice & Vegetable Adult Dog Food 1.2kg",
    "COL Price": 2.4,
    "COL ppu": "$0.20 per 100G",
    "COL Size": "1.2kg"
  },
  {
    "Brand_Product_Size": "Cancer Council Sensitive Sunscreen Tube SPF 50+ 110mL",
    "COL Price": 13.5,
    "COL ppu": "$12.27 per 100mL",
    "COL Size": "110mL"
  },
  {
    "Brand_Product_Size": "Obela Classic Guacamole Dip 220g",
    "COL Price": 5,
    "COL ppu": "$2.27 per 100G",
    "COL Size": "220g"
  },
  {
    "Brand_Product_Size": "Vittoria Mountain Grown Ground Coffee 1kg",
    "COL Price": 36.5,
    "COL ppu": "$3.65 per 100G",
    "COL Size": "1kg"
  },
  {
    "Brand_Product_Size": "Norsca Hypo-allergenic 245mL",
    "COL Price": 3,
    "COL ppu": "$1.22 per 100mL",
    "COL Size": "245mL"
  },
  {
    "Brand_Product_Size": "Maggi 2 Minute Noodles Fusian Mi Goreng Hot & Spicy 5 Pack 365g",
    "COL Price": 3.95,
    "COL ppu": "$1.08 per 100G",
    "COL Size": "365g"
  },
  {
    "Brand_Product_Size": "Coles RSPCA Approved Chicken Tenderloin Skewers Malaysian Style 400g",
    "COL Price": 8,
    "COL ppu": "$20.00 per 1Kg",
    "COL Size": "400g"
  },
  {
    "Brand_Product_Size": "Elastoplast Plastic Strips 40 pack",
    "COL Price": 3,
    "COL ppu": "$0.08 per 1Ea",
    "COL Size": "40 pack"
  },
  {
    "Brand_Product_Size": "Manicare Fashion Nail Shaper 2 pack",
    "COL Price": 6.3,
    "COL ppu": "$3.15 per 1Ea",
    "COL Size": "2 pack"
  },
  {
    "Brand_Product_Size": "Cook With Curtis Korean Recipe Beef Mince 500g",
    "COL Price": 9,
    "COL ppu": "$18.00 per 1Kg",
    "COL Size": "500g"
  },
  {
    "Brand_Product_Size": "John West Tempters Sweet Chilli Tuna 95g",
    "COL Price": 2.3,
    "COL ppu": "$24.21 per 1Kg",
    "COL Size": "95g"
  },
  {
    "Brand_Product_Size": "Remedy Organic Cherry Plum Kombucha 300mL",
    "COL Price": 3.5,
    "COL ppu": "$11.67 per 1L",
    "COL Size": "300mL"
  },
  {
    "Brand_Product_Size": "Royal Fields Baked BBQ Rice Crackers 350g",
    "COL Price": 4,
    "COL ppu": "$1.14 per 100G",
    "COL Size": "350g"
  },
  {
    "Brand_Product_Size": "Smash Blue Stainless Steel Insulated Bottle 500mL each",
    "COL Price": 25,
    "COL ppu": "$25.00 per 1Ea",
    "COL Size": "each"
  },
  {
    "Brand_Product_Size": "San Remo Instant Curly Large Lasagna Sheets 250g",
    "COL Price": 2.9,
    "COL ppu": "$1.16 per 100G",
    "COL Size": "250g"
  },
  {
    "Brand_Product_Size": "McCain Frozen Ham & Pineapple Pizza Slices 6 pack 600g",
    "COL Price": 7.5,
    "COL ppu": "$1.25 per 100G",
    "COL Size": "600g"
  },
  {
    "Brand_Product_Size": "Coles No Added Hormone Beef Quick Cook VSP Scotch Fillet Steak 170g",
    "COL Price": 7,
    "COL ppu": "$4.12 per 100G",
    "COL Size": "170g"
  },
  {
    "Brand_Product_Size": "San Remo Large Pasta Shells No 29 500g",
    "COL Price": 1.95,
    "COL ppu": "$0.39 per 100G",
    "COL Size": "500g"
  },
  {
    "Brand_Product_Size": "Dolmio Classic Basil Pasta Sauce 500g",
    "COL Price": 2,
    "COL ppu": "$0.40 per 100G",
    "COL Size": "500g"
  },
  {
    "Brand_Product_Size": "Cook & Dine Aluminium Induction Frying Pan 24cm each",
    "COL Price": 14,
    "COL ppu": "$14.00 per 1Ea",
    "COL Size": "each"
  },
  {
    "Brand_Product_Size": "SPC Little Tubs of Apple & Strawberry Puree 120g 4 pack",
    "COL Price": 3,
    "COL ppu": "$6.25 per 1Kg",
    "COL Size": "4 pack"
  },
  {
    "Brand_Product_Size": "Optimum Skin & Coat 1+ Years Chunks In Jelly With Salmon Grainfree Cat Food Pouch 85g",
    "COL Price": 1.9,
    "COL ppu": "$2.24 per 100G",
    "COL Size": "85g"
  },
  {
    "Brand_Product_Size": "Crankt Gluten Free Choc Caramel Flavour Protein + Energy Bar 55g",
    "COL Price": 3.75,
    "COL ppu": "$6.82 per 100G",
    "COL Size": "55g"
  },
  {
    "Brand_Product_Size": "Lean Cuisine Loaded Veggie Frittata 220g",
    "COL Price": 3.5,
    "COL ppu": "$1.59 per 100G",
    "COL Size": "220g"
  },
  {
    "Brand_Product_Size": "Marmarabirlik Dried Natural Black Olives 400g",
    "COL Price": 5.5,
    "COL ppu": "$13.75 per 1Kg",
    "COL Size": "400g"
  },
  {
    "Brand_Product_Size": "Tasmanian Heritage Camembert 125g",
    "COL Price": 5.25,
    "COL ppu": "$42.00 per 1Kg",
    "COL Size": "125g"
  },
  {
    "Brand_Product_Size": "Passage Foods Passage To India Korma Curry Simmer Sauce Pouch 375g",
    "COL Price": 2.35,
    "COL ppu": "$0.63 per 100G",
    "COL Size": "375g"
  },
  {
    "Brand_Product_Size": "Arkadia Chai Tea Low Sugar 240g",
    "COL Price": 6.5,
    "COL ppu": "$2.71 per 100G",
    "COL Size": "240g"
  },
  {
    "Brand_Product_Size": "Trident Thai Sweet Chilli Sauce 730mL",
    "COL Price": 4.3,
    "COL ppu": "$0.59 per 100mL",
    "COL Size": "730mL"
  },
  {
    "Brand_Product_Size": "Pelmeni Foods Frozen Cheese & Spinach Kreplach Dumplings 600g",
    "COL Price": 13.5,
    "COL ppu": "$2.25 per 100G",
    "COL Size": "600g"
  },
  {
    "Brand_Product_Size": "Coles Baby Carrots Prepacked 500g",
    "COL Price": 1.8,
    "COL ppu": "$3.60 per 1Kg",
    "COL Size": "500g"
  },
  {
    "Brand_Product_Size": "Tetley Extra Strong Black Tea Bags 100 pack 200g",
    "COL Price": 4,
    "COL ppu": "$2.00 per 100G",
    "COL Size": "200g"
  },
  {
    "Brand_Product_Size": "Carmans Gourmet Porridge Almond Pecan & Hazelnut 320g",
    "COL Price": 4,
    "COL ppu": "$1.25 per 100G",
    "COL Size": "320g"
  },
  {
    "Brand_Product_Size": "Farmers Union Greek Style Vanilla Yoghurt 950g",
    "COL Price": 5.5,
    "COL ppu": "$0.58 per 100G",
    "COL Size": "950g"
  },
  {
    "Brand_Product_Size": "Republica Organic South American Medium Roast Freeze Dried Instant Coffee 100g",
    "COL Price": 8.5,
    "COL ppu": "$8.50 per 100G",
    "COL Size": "100g"
  },
  {
    "Brand_Product_Size": "Campbell's Real Beef Stock 250mL",
    "COL Price": 1.65,
    "COL ppu": "$0.66 per 100mL",
    "COL Size": "250mL"
  },
  {
    "Brand_Product_Size": "Red Bull Sugar Free Energy Drink Single Can 250mL",
    "COL Price": 3,
    "COL ppu": "$12.00 per 1L",
    "COL Size": "250mL"
  },
  {
    "Brand_Product_Size": "Betty Crocker Vanilla Cake Mix 540g",
    "COL Price": 5.2,
    "COL ppu": "$0.96 per 100G",
    "COL Size": "540g"
  },
  {
    "Brand_Product_Size": "Obento Cooking Sake 250mL",
    "COL Price": 3.3,
    "COL ppu": "$1.32 per 100mL",
    "COL Size": "250mL"
  },
  {
    "Brand_Product_Size": "Diet Rite Strawberry Guava Cordial 1L",
    "COL Price": 3,
    "COL ppu": "$3.00 per 1L",
    "COL Size": "1L"
  },
  {
    "Brand_Product_Size": "Eight Mile Beef Porterhouse Herb Pepper Crusted 380g",
    "COL Price": 14.5,
    "COL ppu": "$38.16 per 1Kg",
    "COL Size": "380g"
  },
  {
    "Brand_Product_Size": "Toolworx Felt Pads 24 pack",
    "COL Price": 8.75,
    "COL ppu": "$0.36 per 1Ea",
    "COL Size": "24 pack"
  },
  {
    "Brand_Product_Size": "Meat Mates Feline Chicken Dinner Cat Food 85g",
    "COL Price": 2.4,
    "COL ppu": "$2.82 per 100G",
    "COL Size": "85g"
  },
  {
    "Brand_Product_Size": "Nicorette Icy Mint Gum 4mg 150 pack",
    "COL Price": 48,
    "COL ppu": "$0.32 per 1Ea",
    "COL Size": "150 pack"
  },
  {
    "Brand_Product_Size": "Schweppes Dry Ginger Ale Classic Mixers Multipack Bottles 300mL 4 pack",
    "COL Price": 5.9,
    "COL ppu": "$4.92 per 1L",
    "COL Size": "4 pack"
  },
  {
    "Brand_Product_Size": "Rexona Women Antiperspirant Aerosol Advanced Sport Deodorant 220mL",
    "COL Price": 7.5,
    "COL ppu": "$3.41 per 100mL",
    "COL Size": "220mL"
  },
  {
    "Brand_Product_Size": "Trill Honey Sticks for Cockatiels Variety Pack Bird Treat 3 pack",
    "COL Price": 4,
    "COL ppu": "$3.81 per 100G",
    "COL Size": "3 pack"
  },
  {
    "Brand_Product_Size": "Blackmores Vitamin D3 1000iu Capsules 200 pack",
    "COL Price": 28,
    "COL ppu": "$14.00 per 100Ea",
    "COL Size": "200 pack"
  },
  {
    "Brand_Product_Size": "Danone The Ultimate Succulent Strawberry Yoghurt 4x115g 4 pack",
    "COL Price": 4.5,
    "COL ppu": "$0.98 per 100G",
    "COL Size": "4 pack"
  },
  {
    "Brand_Product_Size": "Nature's Way Magnesium Sleep Tablets 60 pack",
    "COL Price": 26,
    "COL ppu": "$0.43 per 1Ea",
    "COL Size": "60 pack"
  },
  {
    "Brand_Product_Size": "Avent Straw Cup 9m+ each",
    "COL Price": 12.6,
    "COL ppu": "$12.60 per 1Ea",
    "COL Size": "each"
  },
  {
    "Brand_Product_Size": "Uncle Tobys Shredded Wheat Cereal 270g",
    "COL Price": 5,
    "COL ppu": "$1.85 per 100G",
    "COL Size": "270g"
  },
  {
    "Brand_Product_Size": "Streets Magnum Luxe Ruby Blood Orange 4 pack 360mL",
    "COL Price": 10.5,
    "COL ppu": "$2.92 per 100mL",
    "COL Size": "360mL"
  },
  {
    "Brand_Product_Size": "Atkins Endulge Chocolate Break Bars 3 pack 64g",
    "COL Price": 7,
    "COL ppu": "$10.85 per 100G",
    "COL Size": "64g"
  },
  {
    "Brand_Product_Size": "Coles Kitchen Cottage Pie 400g",
    "COL Price": 7.5,
    "COL ppu": "$1.88 per 100G",
    "COL Size": "400g"
  },
  {
    "Brand_Product_Size": "Coles Frozen Sweet Potato Chicken Schnitzel 500g",
    "COL Price": 7.7,
    "COL ppu": "$1.54 per 100G",
    "COL Size": "500g"
  },
  {
    "Brand_Product_Size": "Swisse Ultivite Men's Multivitamin Tablets 60 pack",
    "COL Price": 30,
    "COL ppu": "$0.50 per 1Ea",
    "COL Size": "60 pack"
  },
  {
    "Brand_Product_Size": "Coles Thai Basil Punnet 15g",
    "COL Price": 3,
    "COL ppu": "$2.00 per 10G",
    "COL Size": "15g"
  },
  {
    "Brand_Product_Size": "David Beckham Classic Blue Man Deodorant Spray 150mL",
    "COL Price": 8,
    "COL ppu": "$5.33 per 100mL",
    "COL Size": "150mL"
  },
  {
    "Brand_Product_Size": "Barilla Mulino Bianco Baiocchi 200g",
    "COL Price": 4.5,
    "COL ppu": "$2.25 per 100G",
    "COL Size": "200g"
  },
  {
    "Brand_Product_Size": "Yoplait Multi Flavoured Classic Yoghurt 12 x100g 12 pack",
    "COL Price": 7,
    "COL ppu": "$0.58 per 1Ea",
    "COL Size": "12 pack"
  },
  {
    "Brand_Product_Size": "Carman's 5 Grain No Added Sugar Oats 650g",
    "COL Price": 6,
    "COL ppu": "$0.92 per 100G",
    "COL Size": "650g"
  },
  {
    "Brand_Product_Size": "Lawson's Traditional Stone Mill Wholemeal Bread 750g",
    "COL Price": 5.8,
    "COL ppu": "$0.77 per 100G",
    "COL Size": "750g"
  },
  {
    "Brand_Product_Size": "Pana Organic Hazelnut Chocolate 45g",
    "COL Price": 6,
    "COL ppu": "$13.33 per 100G",
    "COL Size": "45g"
  },
  {
    "Brand_Product_Size": "Marcel Petit Comte approx. 100g",
    "COL Price": 7.5,
    "COL ppu": "$75.00 per 1Kg",
    "COL Size": "approx. 100g"
  },
  {
    "Brand_Product_Size": "Cadbury Crunchie Chocolate bar 50g",
    "COL Price": 1,
    "COL ppu": "$2.00 per 100G",
    "COL Size": "50g"
  },
  {
    "Brand_Product_Size": "Sanitarium Up & Go Dairy Free Vanilla 3x250mL 750mL",
    "COL Price": 4.95,
    "COL ppu": "$6.60 per 1L",
    "COL Size": "750mL"
  },
  {
    "Brand_Product_Size": "Natural Chip Co. Sea Salt Potato Chips 175g",
    "COL Price": 3.5,
    "COL ppu": "$2.00 per 100G",
    "COL Size": "175g"
  },
  {
    "Brand_Product_Size": "Coles Strawberry Yoghurt Pouch 70g",
    "COL Price": 0.75,
    "COL ppu": "$1.07 per 100G",
    "COL Size": "70g"
  },
  {
    "Brand_Product_Size": "Cadbury Drinking Chocolate 450g",
    "COL Price": 5,
    "COL ppu": "$1.11 per 100G",
    "COL Size": "450g"
  },
  {
    "Brand_Product_Size": "Mr Chen's Malaysian Curry Laksa Kit 605g",
    "COL Price": 7.5,
    "COL ppu": "$1.24 per 100G",
    "COL Size": "605g"
  },
  {
    "Brand_Product_Size": "Schwarzkopf Extra Care Bio-Tech Colour 4in1 Mask 250mL",
    "COL Price": 15,
    "COL ppu": "$6.00 per 100mL",
    "COL Size": "250mL"
  },
  {
    "Brand_Product_Size": "Coles Deli Danube Rare Blackforest Rare Roast Beef approx. 2kg",
    "COL Price": 50.4,
    "COL ppu": "$25.20 per 1Kg",
    "COL Size": "approx. 2kg"
  },
  {
    "Brand_Product_Size": "Coles Roasted & Salted Macadamia Nuts Prepacked 400g",
    "COL Price": 19,
    "COL ppu": "$47.50 per 1Kg",
    "COL Size": "400g"
  },
  {
    "Brand_Product_Size": "Belvita Cranberry & Sultana Soft Bakes Biscuit 200g",
    "COL Price": 3,
    "COL ppu": "$1.50 per 100G",
    "COL Size": "200g"
  },
  {
    "Brand_Product_Size": "Coles Real Chicken Salt Reduced Liquid Stock 1L",
    "COL Price": 1.9,
    "COL ppu": "$0.19 per 100mL",
    "COL Size": "1L"
  },
  {
    "Brand_Product_Size": "Batchelors Chip Shop Style Mushy Peas 300g",
    "COL Price": 2,
    "COL ppu": "$0.67 per 100G",
    "COL Size": "300g"
  },
  {
    "Brand_Product_Size": "Campbell's Country Ladle Hearty Beef & Vegetable Soup Carton 500g",
    "COL Price": 3.5,
    "COL ppu": "$0.70 per 100G",
    "COL Size": "500g"
  },
  {
    "Brand_Product_Size": "Smith's Cheese Twisties 6 pack 114g",
    "COL Price": 3.14,
    "COL ppu": "$2.75 per 100G",
    "COL Size": "114g"
  },
  {
    "Brand_Product_Size": "Bexters Soda Crystals 800g",
    "COL Price": 10,
    "COL ppu": "$1.25 per 100G",
    "COL Size": "800g"
  },
  {
    "Brand_Product_Size": "Coles Thinly Sliced Smoked Salmon 250g",
    "COL Price": 10.5,
    "COL ppu": "$42.00 per 1Kg",
    "COL Size": "250g"
  },
  {
    "Brand_Product_Size": "Lavazza Qualita ORO Mountain Grown Ground Coffee 500g",
    "COL Price": 8,
    "COL ppu": "$1.60 per 100G",
    "COL Size": "500g"
  },
  {
    "Brand_Product_Size": "Continental Sensation Moroccan Vegetable Medley Soup Serves 2 68g",
    "COL Price": 2,
    "COL ppu": "$2.94 per 100G",
    "COL Size": "68g"
  },
  {
    "Brand_Product_Size": "Coles Australian Natural Almonds Snack Pack 6x30g 180g",
    "COL Price": 4,
    "COL ppu": "$22.22 per 1Kg",
    "COL Size": "180g"
  },
  {
    "Brand_Product_Size": "Waxworks Citronella Vintage Jar Candle each",
    "COL Price": 5,
    "COL ppu": "$5.00 per 1Ea",
    "COL Size": "each"
  },
  {
    "Brand_Product_Size": "Coles Deli Snack Greek Salad each",
    "COL Price": 3,
    "COL ppu": "$3.00 per 1Ea",
    "COL Size": "each"
  },
  {
    "Brand_Product_Size": "Kellogg's All-Bran Wheat Flakes Breakfast Cereal 330g",
    "COL Price": 4.5,
    "COL ppu": "$1.36 per 100G",
    "COL Size": "330g"
  },
  {
    "Brand_Product_Size": "Coles Turkish Delight 190g",
    "COL Price": 6,
    "COL ppu": "$3.16 per 100G",
    "COL Size": "190g"
  },
  {
    "Brand_Product_Size": "Aveeno Daily Moisturising Body Wash 1L",
    "COL Price": 24,
    "COL ppu": "$2.40 per 100mL",
    "COL Size": "1L"
  },
  {
    "Brand_Product_Size": "Remedy Kombucha Wild Berry 750mL",
    "COL Price": 7.5,
    "COL ppu": "$10.00 per 1L",
    "COL Size": "750mL"
  },
  {
    "Brand_Product_Size": "Coles Automatic Insect Control Refill Odourless 152g",
    "COL Price": 4,
    "COL ppu": "$2.63 per 100G",
    "COL Size": "152g"
  },
  {
    "Brand_Product_Size": "Primo Lite Dairy Ham Shaved Honey Baked 100g",
    "COL Price": 3.25,
    "COL ppu": "$32.50 per 1Kg",
    "COL Size": "100g"
  },
  {
    "Brand_Product_Size": "Robertsons Fruit Mince 410g",
    "COL Price": 4.8,
    "COL ppu": "$11.71 per 1Kg",
    "COL Size": "410g"
  },
  {
    "Brand_Product_Size": "Game Farm Whole Spatchcock approx. 450g pack",
    "COL Price": 8.1,
    "COL ppu": "$18.00 per 1Kg",
    "COL Size": "approx. 450g pack"
  },
  {
    "Brand_Product_Size": "Dare Mocha Iced Coffee 500mL",
    "COL Price": 2.6,
    "COL ppu": "$5.20 per 1L",
    "COL Size": "500mL"
  },
  {
    "Brand_Product_Size": "Powerade Mountain Blast Zero Sports Drink 600mL",
    "COL Price": 3.65,
    "COL ppu": "$6.08 per 1L",
    "COL Size": "600mL"
  },
  {
    "Brand_Product_Size": "Coles Acrylic Plaque Gold & Silver Oh Baby each",
    "COL Price": 5,
    "COL ppu": "$5.00 per 1Ea",
    "COL Size": "each"
  },
  {
    "Brand_Product_Size": "Olina's Bakehouse Gluten Free Cranberry & Pumpkin Seed Crackers 100g",
    "COL Price": 5,
    "COL ppu": "$5.00 per 100G",
    "COL Size": "100g"
  },
  {
    "Brand_Product_Size": "Kan Tong Satay Chicken Paste 180g",
    "COL Price": 2.9,
    "COL ppu": "$1.61 per 100G",
    "COL Size": "180g"
  },
  {
    "Brand_Product_Size": "Sambucol Cold & Flu Liquid 120mL",
    "COL Price": 18,
    "COL ppu": "$15.00 per 100mL",
    "COL Size": "120mL"
  },
  {
    "Brand_Product_Size": "Coles Deli Salad Large Tubs Potato Egg & Bacon Salad Salad Large",
    "COL Price": 7,
    "COL ppu": "$7.00 per 1Ea",
    "COL Size": "Large"
  },
  {
    "Brand_Product_Size": "Clairol Nice N Easy Repair 6C Light Ash Brown Hair Colour 177mL",
    "COL Price": 11,
    "COL ppu": "$6.21 per 100mL",
    "COL Size": "177mL"
  },
  {
    "Brand_Product_Size": "Helga's 10 Grains & Seeds Wholemeal Square Bread Loaf 750g",
    "COL Price": 3.9,
    "COL ppu": "$0.52 per 100G",
    "COL Size": "750g"
  },
  {
    "Brand_Product_Size": "Cucina Matese Penne Rigate No.118 Italian Pasta 500g",
    "COL Price": 2.8,
    "COL ppu": "$0.56 per 100G",
    "COL Size": "500g"
  },
  {
    "Brand_Product_Size": "Pyrex Simply Store Rectangle Container 750mL each",
    "COL Price": 7.7,
    "COL ppu": "$7.70 per 1Ea",
    "COL Size": "each"
  },
  {
    "Brand_Product_Size": "Aeroplane Ready To Eat Orange Jelly 120g",
    "COL Price": 1.4,
    "COL ppu": "$1.17 per 100G",
    "COL Size": "120g"
  },
  {
    "Brand_Product_Size": "Sharwood's Creamy Coconut Korma Cooking Sauce Pouch 250g",
    "COL Price": 3.5,
    "COL ppu": "$1.40 per 100G",
    "COL Size": "250g"
  },
  {
    "Brand_Product_Size": "Coles Lemon Dishwashing Liquid 1L",
    "COL Price": 1,
    "COL ppu": "$1.00 per 1L",
    "COL Size": "1L"
  },
  {
    "Brand_Product_Size": "Wrigley's Extra Bubblemint Sugar Free Chewing Gum 3 x 14 Piece Pack 81g",
    "COL Price": 4,
    "COL ppu": "$4.94 per 100G",
    "COL Size": "81g"
  },
  {
    "Brand_Product_Size": "Coles Deli Express Mild Hungarian Sliced Salami 150g",
    "COL Price": 5.5,
    "COL ppu": "$3.67 per 100G",
    "COL Size": "150g"
  },
  {
    "Brand_Product_Size": "Nutella Hazelnut Spread with Pretzel Sticks 50g",
    "COL Price": 2,
    "COL ppu": "$4.00 per 100G",
    "COL Size": "50g"
  },
  {
    "Brand_Product_Size": "Coles Crunchy Combo Sprouts Prepacked 200g",
    "COL Price": 2.2,
    "COL ppu": "$11.00 per 1Kg",
    "COL Size": "200g"
  },
  {
    "Brand_Product_Size": "Coles Organic Beans Chick Peas 400g",
    "COL Price": 1.3,
    "COL ppu": "$3.25 per 1Kg",
    "COL Size": "400g"
  },
  {
    "Brand_Product_Size": "PaperMate InkJoy 300RT Pen Assorted 4 pack",
    "COL Price": 4.5,
    "COL ppu": "$1.13 per 1Ea",
    "COL Size": "4 pack"
  },
  {
    "Brand_Product_Size": "Nicorette Quickmist Mouth Spray Cool Berry 13.2mL",
    "COL Price": 36,
    "COL ppu": "$272.73 per 100mL",
    "COL Size": "13.2mL"
  },
  {
    "Brand_Product_Size": "Zooper Dooper No Sugar Multi Flavoured Ice Confection Mix 70mL Tubes 24 pack",
    "COL Price": 5.8,
    "COL ppu": "$0.35 per 100mL",
    "COL Size": "24 pack"
  },
  {
    "Brand_Product_Size": "Babybel Mini Original Cheese 10 Pack 200g",
    "COL Price": 8.5,
    "COL ppu": "$4.25 per 100G",
    "COL Size": "200g"
  },
  {
    "Brand_Product_Size": "Coles Deli Fresh Salmon Chilli & Lime Portion approx. 250g each",
    "COL Price": 7.25,
    "COL ppu": "$29.00 per 1Kg",
    "COL Size": "approx. 250g each"
  },
  {
    "Brand_Product_Size": "McCain Quick Cook Straight Cut 750g",
    "COL Price": 4.3,
    "COL ppu": "$5.73 per 1Kg",
    "COL Size": "750g"
  },
  {
    "Brand_Product_Size": "Helga's Continental Bakehouse Wholemeal Grain Bread 850g",
    "COL Price": 3.9,
    "COL ppu": "$0.46 per 100G",
    "COL Size": "850g"
  },
  {
    "Brand_Product_Size": "Natures Nutrients Frozen Chopped Spinach 250g",
    "COL Price": 1,
    "COL ppu": "$4.00 per 1Kg",
    "COL Size": "250g"
  },
  {
    "Brand_Product_Size": "Coles Saline Nasal Spray 30mL",
    "COL Price": 7,
    "COL ppu": "$23.33 per 100mL",
    "COL Size": "30mL"
  },
  {
    "Brand_Product_Size": "Coles Made Easy Slow Cooked Beef Brisket With American Style BBQ Sauce 800g",
    "COL Price": 16,
    "COL ppu": "$2.00 per 100G",
    "COL Size": "800g"
  },
  {
    "Brand_Product_Size": "Praise Whole Egg Mayonnaise 445g",
    "COL Price": 5,
    "COL ppu": "$1.12 per 100G",
    "COL Size": "445g"
  },
  {
    "Brand_Product_Size": "Moondarra Cranberry & Macadamia Cheese 120g",
    "COL Price": 2.4,
    "COL ppu": "$20.00 per 1Kg",
    "COL Size": "120g"
  },
  {
    "Brand_Product_Size": "Passage Foods Passage To India Butter Chicken Simmer Sauce Pouch 375g",
    "COL Price": 2.35,
    "COL ppu": "$0.63 per 100G",
    "COL Size": "375g"
  },
  {
    "Brand_Product_Size": "Oak Iced Coffee 300mL",
    "COL Price": 2.1,
    "COL ppu": "$7.00 per 1L",
    "COL Size": "300mL"
  },
  {
    "Brand_Product_Size": "Brut Antiperspirant Endurance Ultra Dry Deodorant For Men 245mL",
    "COL Price": 3.15,
    "COL ppu": "$1.29 per 100mL",
    "COL Size": "245mL"
  },
  {
    "Brand_Product_Size": "Coles Deli Express Italian Style Sliced Salami 150g",
    "COL Price": 5.5,
    "COL ppu": "$3.67 per 100G",
    "COL Size": "150g"
  },
  {
    "Brand_Product_Size": "Coles Thawed Seafood Garlic Prawn Skewers 5 pack",
    "COL Price": 7.5,
    "COL ppu": "$1.50 per 1Ea",
    "COL Size": "5 pack"
  },
  {
    "Brand_Product_Size": "Nivea Men Sensitive Protect Aerosol Antiperspirant Deodorant 250mL",
    "COL Price": 6.5,
    "COL ppu": "$2.60 per 100mL",
    "COL Size": "250mL"
  },
  {
    "Brand_Product_Size": "Wild Tides Responsibly Fished Tuna Teriyaki 95g",
    "COL Price": 1,
    "COL ppu": "$10.53 per 1Kg",
    "COL Size": "95g"
  },
  {
    "Brand_Product_Size": "99th Monkey Natural Almond Butter 200g",
    "COL Price": 7,
    "COL ppu": "$3.50 per 100G",
    "COL Size": "200g"
  },
  {
    "Brand_Product_Size": "3M Command Adhesive Hook Large each",
    "COL Price": 6,
    "COL ppu": "$6.00 per 1ea",
    "COL Size": "each"
  },
  {
    "Brand_Product_Size": "Cook & Dine Large Plastic Tumblers 450mL 24 pack",
    "COL Price": 3,
    "COL ppu": "$0.13 per 1Ea",
    "COL Size": "24 pack"
  },
  {
    "Brand_Product_Size": "Coles Seafood Whole Flathead approx. 500g",
    "COL Price": 8.5,
    "COL ppu": "$17.00 per 1Kg",
    "COL Size": "approx. 500g"
  },
  {
    "Brand_Product_Size": "Birds Eye Snap Frozen Country Harvest Garden Mixed Vegetables 1kg",
    "COL Price": 4,
    "COL ppu": "$4.00 per 1Kg",
    "COL Size": "1kg"
  },
  {
    "Brand_Product_Size": "Cook & Dine Embossed Large Jug each",
    "COL Price": 14,
    "COL ppu": "$14.00 per 1Ea",
    "COL Size": "each"
  },
  {
    "Brand_Product_Size": "Banana Boat Kids Sunscreen Lotion SPF 50+ 400g",
    "COL Price": 21,
    "COL ppu": "$5.25 per 100G",
    "COL Size": "400g"
  },
  {
    "Brand_Product_Size": "Cadbury Favourites 570g",
    "COL Price": 20,
    "COL ppu": "$3.51 per 100G",
    "COL Size": "570g"
  },
  {
    "Brand_Product_Size": "Freedom Foods Fructose Free Ancient Grain Muesli 300g",
    "COL Price": 6.5,
    "COL ppu": "$2.17 per 100G",
    "COL Size": "300g"
  },
  {
    "Brand_Product_Size": "Coles Shepard Avocados each",
    "COL Price": 2,
    "COL ppu": "$2.00 per 1Ea",
    "COL Size": "each"
  },
  {
    "Brand_Product_Size": "Creative Gourmet Frozen Lychees 300g",
    "COL Price": 5.65,
    "COL ppu": "$1.88 per 100G",
    "COL Size": "300g"
  },
  {
    "Brand_Product_Size": "Quilton 3 Ply Double Length White Toilet Paper 4 pack",
    "COL Price": 5.25,
    "COL ppu": "$0.36 per 100Ea",
    "COL Size": "4 pack"
  },
  {
    "Brand_Product_Size": "Well Naturally Chocolate Orange Bar Sugar Free 45g",
    "COL Price": 2.85,
    "COL ppu": "$6.33 per 100G",
    "COL Size": "45g"
  },
  {
    "Brand_Product_Size": "Eco Tools Full Powder Brush 1 pack",
    "COL Price": 20,
    "COL ppu": "$20.00 per 1Ea",
    "COL Size": "1 pack"
  },
  {
    "Brand_Product_Size": "Coles Plant Based Protein Snack Mix 400g",
    "COL Price": 7,
    "COL ppu": "$17.50 per 1Kg",
    "COL Size": "400g"
  },
  {
    "Brand_Product_Size": "Dove Hair Therapy Intensive Repair Shampoo 640mL",
    "COL Price": 11.9,
    "COL ppu": "$1.86 per 100mL",
    "COL Size": "640mL"
  },
  {
    "Brand_Product_Size": "Gourmet Garden Lightly Dried Coriander 8g",
    "COL Price": 3.5,
    "COL ppu": "$4.38 per 10G",
    "COL Size": "8g"
  },
  {
    "Brand_Product_Size": "No Doz Plus Tablets 24 pack",
    "COL Price": 6.3,
    "COL ppu": "$0.26 per 1Ea",
    "COL Size": "24 pack"
  },
  {
    "Brand_Product_Size": "Fountain Hoi Sin Sauce 250mL",
    "COL Price": 2.7,
    "COL ppu": "$1.08 per 100mL",
    "COL Size": "250mL"
  },
  {
    "Brand_Product_Size": "Dark Fantasy Luxuria Choco Fill Biscuits 150g",
    "COL Price": 2.5,
    "COL ppu": "$1.67 per 100G",
    "COL Size": "150g"
  },
  {
    "Brand_Product_Size": "Heinz Strawberry & Vanilla Custard 8+ Months 120g",
    "COL Price": 1.5,
    "COL ppu": "$1.25 per 100G",
    "COL Size": "120g"
  },
  {
    "Brand_Product_Size": "Coles Deli Express Beetroot With Dukkah Dip 150g",
    "COL Price": 3.5,
    "COL ppu": "$2.33 per 100G",
    "COL Size": "150g"
  },
  {
    "Brand_Product_Size": "L'Oreal Pure Clay Exfoliating Scrub 150mL",
    "COL Price": 10.5,
    "COL ppu": "$7.00 per 100mL",
    "COL Size": "150mL"
  },
  {
    "Brand_Product_Size": "Golden Wholemeal Crumpets 6 Pack 300g",
    "COL Price": 3.1,
    "COL ppu": "$1.03 per 100G",
    "COL Size": "300g"
  },
  {
    "Brand_Product_Size": "Donna Hay Salted Caramel Chocolate Brownie Mix 500 gram",
    "COL Price": 3.5,
    "COL ppu": "",
    "COL Size": "500 gram"
  },
  {
    "Brand_Product_Size": "Coles Finest Thai Red Chicken Curry 400g",
    "COL Price": 8.5,
    "COL ppu": "$2.13 per 100G",
    "COL Size": "400g"
  },
  {
    "Brand_Product_Size": "Huggies Dry Nites Pyjama Pants For Boys 8-15 Years 9 pack",
    "COL Price": 12,
    "COL ppu": "$1.33 per 1Ea",
    "COL Size": "9 pack"
  },
  {
    "Brand_Product_Size": "Flora ProActiv Margarine Spread Original 750g",
    "COL Price": 9.5,
    "COL ppu": "$1.27 per 100G",
    "COL Size": "750g"
  },
  {
    "Brand_Product_Size": "Vitapet Litter Scoop With Rake each",
    "COL Price": 2.9,
    "COL ppu": "$2.90 per 1Ea",
    "COL Size": "each"
  },
  {
    "Brand_Product_Size": "The Dutch Company Rusks Toast 100g",
    "COL Price": 2.5,
    "COL ppu": "$2.50 per 100G",
    "COL Size": "100g"
  },
  {
    "Brand_Product_Size": "Coles Lemonade Ice Blocks 8 pack 600 mL",
    "COL Price": 3.6,
    "COL ppu": "$0.60 per 100mL",
    "COL Size": "600 mL"
  },
  {
    "Brand_Product_Size": "Coles Carrots Loose approx. 170g",
    "COL Price": 0.374,
    "COL ppu": "$2.20 per 1Kg",
    "COL Size": "approx. 170g"
  },
  {
    "Brand_Product_Size": "The Wholesome Food Company Organic Blue Corn & Quinoa Chips 150g",
    "COL Price": 4,
    "COL ppu": "$2.67 per 100G",
    "COL Size": "150g"
  },
  {
    "Brand_Product_Size": "Marcalan Nipple Cream 30g",
    "COL Price": 10,
    "COL ppu": "$33.33 per 100G",
    "COL Size": "30g"
  },
  {
    "Brand_Product_Size": "Lynx Aerosol Gold Temptation Deodorant 165mL",
    "COL Price": 7,
    "COL ppu": "$4.24 per 100mL",
    "COL Size": "165mL"
  },
  {
    "Brand_Product_Size": "Huggies Ultra Dry Nappy Pants For Boys 12-17 Kg Size 5 26 pack",
    "COL Price": 17,
    "COL ppu": "$0.65 per 1Ea",
    "COL Size": "26 pack"
  },
  {
    "Brand_Product_Size": "Suimin Chicken Noodle Noodle Cup 70g",
    "COL Price": 1.2,
    "COL ppu": "$1.71 per 100G",
    "COL Size": "70g"
  },
  {
    "Brand_Product_Size": "Lenny And Larry's The Complete Cookie White Choc Macadamia 113g",
    "COL Price": 4.5,
    "COL ppu": "$3.98 per 100G",
    "COL Size": "113g"
  },
  {
    "Brand_Product_Size": "Faber-Castell Colour Connector Pens 20 pack",
    "COL Price": 7.5,
    "COL ppu": "$0.38 per 1Ea",
    "COL Size": "20 pack"
  },
  {
    "Brand_Product_Size": "Huggies Ultra-Dry Nappy Pants For Boys 12-17 Kg Size 5 52 pack",
    "COL Price": 25,
    "COL ppu": "$0.48 per 1Ea",
    "COL Size": "52 pack"
  },
  {
    "Brand_Product_Size": "Olympian Biscota With Cocoa 250g",
    "COL Price": 5.25,
    "COL ppu": "$2.10 per 100G",
    "COL Size": "250g"
  },
  {
    "Brand_Product_Size": "Swisspers Eco Wipes Sensitive 25 pack",
    "COL Price": 6.5,
    "COL ppu": "$26.00 per 100Ea",
    "COL Size": "25 pack"
  },
  {
    "Brand_Product_Size": "Tic Tac Peppermint Mints 24g",
    "COL Price": 1.5,
    "COL ppu": "$6.25 per 100G",
    "COL Size": "24g"
  },
  {
    "Brand_Product_Size": "Lindor Double Chocolate Bag 123g",
    "COL Price": 6,
    "COL ppu": "$4.88 per 100G",
    "COL Size": "123g"
  },
  {
    "Brand_Product_Size": "Continental Kosher Butchers Beef Goulash approx. 500g",
    "COL Price": 15.75,
    "COL ppu": "$31.50 per 1Kg",
    "COL Size": "approx. 500g"
  },
  {
    "Brand_Product_Size": "The Spice Tailor Fiery Goan Curry 300g",
    "COL Price": 5.5,
    "COL ppu": "$1.83 per 100G",
    "COL Size": "300g"
  },
  {
    "Brand_Product_Size": "Waxworks Citronella & Sandalwood Mozzie Repellent Coils 10 pack",
    "COL Price": 5,
    "COL ppu": "$0.50 per 1Ea",
    "COL Size": "10 pack"
  },
  {
    "Brand_Product_Size": "Wallaby Thins Almond 130g",
    "COL Price": 5,
    "COL ppu": "$3.85 per 100G",
    "COL Size": "130g"
  },
  {
    "Brand_Product_Size": "Pralines Master Collection 184g",
    "COL Price": 20,
    "COL ppu": "$10.87 per 100G",
    "COL Size": "184g"
  },
  {
    "Brand_Product_Size": "Skyn Original Condoms 10 pack",
    "COL Price": 9,
    "COL ppu": "$0.90 per 1Ea",
    "COL Size": "10 pack"
  },
  {
    "Brand_Product_Size": "Nescafe Gold Oat Latte Coffee Sachets 6 pack",
    "COL Price": 6.3,
    "COL ppu": "$1.05 per 1Ea",
    "COL Size": "6 pack"
  },
  {
    "Brand_Product_Size": "Toblerone Lava Cake 2 pack 180g",
    "COL Price": 6.5,
    "COL ppu": "$3.61 per 100G",
    "COL Size": "180g"
  },
  {
    "Brand_Product_Size": "Lavazza A Modo Mio Tierra Organic Capsules 12 pack",
    "COL Price": 11,
    "COL ppu": "$0.92 per 1Ea",
    "COL Size": "12 pack"
  },
  {
    "Brand_Product_Size": "Primo Gluten Free Hot Pepperoni Salami 80g",
    "COL Price": 3.25,
    "COL ppu": "$40.63 per 1Kg",
    "COL Size": "80g"
  },
  {
    "Brand_Product_Size": "Coles Hungarian Salami Knob 200g",
    "COL Price": 6.2,
    "COL ppu": "$31.00 per 1Kg",
    "COL Size": "200g"
  },
  {
    "Brand_Product_Size": "Coles Womens 5 System Razor 1 pack",
    "COL Price": 6.5,
    "COL ppu": "$6.50 per 1Ea",
    "COL Size": "1 pack"
  },
  {
    "Brand_Product_Size": "Kooka's Jam Cookies 500g",
    "COL Price": 4.2,
    "COL ppu": "$0.84 per 100G",
    "COL Size": "500g"
  },
  {
    "Brand_Product_Size": "Coles Multigrain Dinner Rolls 260g 6 pack",
    "COL Price": 2,
    "COL ppu": "$0.33 per 1Ea",
    "COL Size": "6 pack"
  },
  {
    "Brand_Product_Size": "Mountain Dew Energised Multipack Soft Drink Cans 375mL 24 pack",
    "COL Price": 24.55,
    "COL ppu": "$2.73 per 1L",
    "COL Size": "24 pack"
  },
  {
    "Brand_Product_Size": "Mayver's Cacao Super Spread 280g",
    "COL Price": 6.5,
    "COL ppu": "$2.32 per 100G",
    "COL Size": "280g"
  },
  {
    "Brand_Product_Size": "Cook & Dine Patterned Serviettes 50 pack",
    "COL Price": 3,
    "COL ppu": "$0.06 per 1Ea",
    "COL Size": "50 pack"
  },
  {
    "Brand_Product_Size": "Continental Cup A Soup Asian Laksa Serves 2 65g",
    "COL Price": 2.1,
    "COL ppu": "$3.23 per 100G",
    "COL Size": "65g"
  },
  {
    "Brand_Product_Size": "Femfresh Wash Soothing 250mL",
    "COL Price": 6.75,
    "COL ppu": "$2.70 per 100mL",
    "COL Size": "250mL"
  },
  {
    "Brand_Product_Size": "Shan Chicken Biryani 60g",
    "COL Price": 1.75,
    "COL ppu": "$2.92 per 100G",
    "COL Size": "60g"
  },
  {
    "Brand_Product_Size": "Campbell's V8 Breakfast Fusion Juice 1.25L",
    "COL Price": 4.6,
    "COL ppu": "$3.68 per 1L",
    "COL Size": "1.25L"
  },
  {
    "Brand_Product_Size": "Coles Chicken & Salmon Flavour Dry Adult Cat Food 4kg",
    "COL Price": 11,
    "COL ppu": "$0.28 per 100G",
    "COL Size": "4kg"
  },
  {
    "Brand_Product_Size": "Gaganis Lentils Brown 1kg",
    "COL Price": 4.75,
    "COL ppu": "$4.75 per 1Kg",
    "COL Size": "1kg"
  },
  {
    "Brand_Product_Size": "Pureharvest Organic Long Life Oat Milk 1L",
    "COL Price": 2.8,
    "COL ppu": "$2.80 per 1L",
    "COL Size": "1L"
  },
  {
    "Brand_Product_Size": "Antonio Tomas Spanish Paella Rice 1kg",
    "COL Price": 6.35,
    "COL ppu": "$0.64 per 100G",
    "COL Size": "1kg"
  },
  {
    "Brand_Product_Size": "Betty Crocker Cinnamon Crumble Muffin Mix 500g",
    "COL Price": 5.2,
    "COL ppu": "$1.04 per 100G",
    "COL Size": "500g"
  },
  {
    "Brand_Product_Size": "Passage Foods Passage to India Vindaloo Simmer Sauce Pouch 375g",
    "COL Price": 2.35,
    "COL ppu": "$0.63 per 100G",
    "COL Size": "375g"
  },
  {
    "Brand_Product_Size": "Coles Kitchen Thai Red Vegetable Curry & Rice 350g",
    "COL Price": 6.5,
    "COL ppu": "$1.86 per 100G",
    "COL Size": "350g"
  },
  {
    "Brand_Product_Size": "Barista Bros Iced Coffee Flavoured Milk 500mL",
    "COL Price": 3.2,
    "COL ppu": "$6.40 per 1L",
    "COL Size": "500mL"
  },
  {
    "Brand_Product_Size": "Ural Sugar Free 20 Effervescent Powder Sachets 1 pack",
    "COL Price": 8,
    "COL ppu": "$8.00 per 1Ea",
    "COL Size": "1 pack"
  },
  {
    "Brand_Product_Size": "Coles Kitchen Mash Potato 350g",
    "COL Price": 6,
    "COL ppu": "$1.71 per 100G",
    "COL Size": "350g"
  },
  {
    "Brand_Product_Size": "Devondale Whipping Cream 250mL",
    "COL Price": 2.5,
    "COL ppu": "$10.00 per 1L",
    "COL Size": "250mL"
  },
  {
    "Brand_Product_Size": "Safcol Smoked Mussels In Oil 85g",
    "COL Price": 1.7,
    "COL ppu": "$20.00 per 1Kg",
    "COL Size": "85g"
  },
  {
    "Brand_Product_Size": "Roundup Fast Action Weed Killer 1L",
    "COL Price": 17.85,
    "COL ppu": "$17.85 per 1L",
    "COL Size": "1L"
  },
  {
    "Brand_Product_Size": "Otway Pork Meatballs Italian 500g",
    "COL Price": 8,
    "COL ppu": "$16.00 per 1Kg",
    "COL Size": "500g"
  },
  {
    "Brand_Product_Size": "Amy's Kitchen Frozen Gluten Free Broccoli & Cheddar Bake 270g",
    "COL Price": 7.8,
    "COL ppu": "$2.89 per 100G",
    "COL Size": "270g"
  },
  {
    "Brand_Product_Size": "Pepsi Mountain Dew Soft Drink 2L",
    "COL Price": 2.15,
    "COL ppu": "$1.08 per 1L",
    "COL Size": "2L"
  },
  {
    "Brand_Product_Size": "Steggles Frozen Flaming Chicken Wing Nibbles 1kg",
    "COL Price": 11,
    "COL ppu": "$11.00 per 1Kg",
    "COL Size": "1kg"
  },
  {
    "Brand_Product_Size": "Rexona Men Sport Defence Antiperspirant Roll On Deodorant 52g",
    "COL Price": 5,
    "COL ppu": "$9.62 per 100G",
    "COL Size": "52g"
  },
  {
    "Brand_Product_Size": "Carman's Greek Style Yoghurt & Blueberry Nut Bars 5 pack 160g",
    "COL Price": 6,
    "COL ppu": "$3.75 per 100G",
    "COL Size": "160g"
  },
  {
    "Brand_Product_Size": "Valcom Yellow Curry Paste 230g",
    "COL Price": 3.2,
    "COL ppu": "$1.39 per 100G",
    "COL Size": "230g"
  },
  {
    "Brand_Product_Size": "Sunraysia Prune Juice Bottle 1L",
    "COL Price": 4.5,
    "COL ppu": "$4.50 per 1L",
    "COL Size": "1L"
  },
  {
    "Brand_Product_Size": "Darrell Lea Twists Raspberry 280g",
    "COL Price": 4.4,
    "COL ppu": "$1.57 per 100G",
    "COL Size": "280g"
  },
  {
    "Brand_Product_Size": "Thursday Plantation Tea Tree Face Wash For Acne 150mL",
    "COL Price": 9.75,
    "COL ppu": "$6.50 per 100mL",
    "COL Size": "150mL"
  },
  {
    "Brand_Product_Size": "San Remo Instant Lasagna Sheets Family Pack 375g",
    "COL Price": 3,
    "COL ppu": "$0.80 per 100G",
    "COL Size": "375g"
  },
  {
    "Brand_Product_Size": "Mission Whole Wheat Mini Wraps 8 pack 384g",
    "COL Price": 5,
    "COL ppu": "$1.30 per 100G",
    "COL Size": "384g"
  },
  {
    "Brand_Product_Size": "Coles Urban Coffee Culture Intensity 12 Intense Coffee  Capsules 10 Pack 52g",
    "COL Price": 3.7,
    "COL ppu": "$7.12 per 100G",
    "COL Size": "52g"
  },
  {
    "Brand_Product_Size": "Durex KY Jelly Personal Lubricant 50g",
    "COL Price": 5.5,
    "COL ppu": "$11.00 per 100G",
    "COL Size": "50g"
  },
  {
    "Brand_Product_Size": "Coles Candles 24 pack",
    "COL Price": 2,
    "COL ppu": "$0.08 per 1Ea",
    "COL Size": "24 pack"
  },
  {
    "Brand_Product_Size": "Coles Liquorice Bullets Milk Chocolate 190g",
    "COL Price": 2,
    "COL ppu": "$1.05 per 100G",
    "COL Size": "190g"
  },
  {
    "Brand_Product_Size": "Well & Good Traditional Cheddar Flavour Vegan Cheesy Mac 110g",
    "COL Price": 4.75,
    "COL ppu": "$4.32 per 100G",
    "COL Size": "110g"
  },
  {
    "Brand_Product_Size": "Mars Chocolate Bar Iced Confectionery Multipack 6 x 51mL 306mL",
    "COL Price": 8.5,
    "COL ppu": "$2.78 per 100mL",
    "COL Size": "306mL"
  },
  {
    "Brand_Product_Size": "Jif Power & Shine Spray Kitchen 700mL",
    "COL Price": 2.5,
    "COL ppu": "$0.36 per 100mL",
    "COL Size": "700mL"
  },
  {
    "Brand_Product_Size": "Dairy Farmers Classic Smooth & Creamy Strawberry Flavoured Milk 500mL",
    "COL Price": 3,
    "COL ppu": "$6.00 per 1L",
    "COL Size": "500mL"
  },
  {
    "Brand_Product_Size": "Cadbury Marvellous Creations Jelly Popping Candy Beanies Chocolate Block 190g",
    "COL Price": 5,
    "COL ppu": "$2.63 per 100G",
    "COL Size": "190g"
  },
  {
    "Brand_Product_Size": "Bega Tasty Cheese Block 500g",
    "COL Price": 8,
    "COL ppu": "$16.00 per 1Kg",
    "COL Size": "500g"
  },
  {
    "Brand_Product_Size": "Peck's Salmon & Lobster Spread 50g",
    "COL Price": 1.6,
    "COL ppu": "$3.20 per 100G",
    "COL Size": "50g"
  },
  {
    "Brand_Product_Size": "Branston Original Pickle 360g",
    "COL Price": 6.5,
    "COL ppu": "$1.81 per 100G",
    "COL Size": "360g"
  },
  {
    "Brand_Product_Size": "Coles Colby Cheese Slices 12 Pack 250g",
    "COL Price": 4.4,
    "COL ppu": "$17.60 per 1Kg",
    "COL Size": "250g"
  },
  {
    "Brand_Product_Size": "SPC Diced Tropical Fruit Salad in Juice 113g 4 pack",
    "COL Price": 3,
    "COL ppu": "$6.64 per 1Kg",
    "COL Size": "4 pack"
  },
  {
    "Brand_Product_Size": "Peters Gluten Free Frosty Fruits Watermelon Slice Ice Cream Stick 8 pack 520mL",
    "COL Price": 7,
    "COL ppu": "$1.35 per 100mL",
    "COL Size": "520mL"
  },
  {
    "Brand_Product_Size": "Sistema Splits Container 820mL each",
    "COL Price": 4.2,
    "COL ppu": "$4.20 per 1Ea",
    "COL Size": "each"
  },
  {
    "Brand_Product_Size": "Surf Laundry Liquid Tropical Lily 4L",
    "COL Price": 15,
    "COL ppu": "$3.75 per 1L",
    "COL Size": "4L"
  },
  {
    "Brand_Product_Size": "Beerenberg Australian Orange Marmalade 300g",
    "COL Price": 5,
    "COL ppu": "$1.67 per 100G",
    "COL Size": "300g"
  },
  {
    "Brand_Product_Size": "Fine Foods Sesame Wafer Crackers 100g",
    "COL Price": 3,
    "COL ppu": "$3.00 per 100G",
    "COL Size": "100g"
  },
  {
    "Brand_Product_Size": "Coles Ultra Disinfectant Surface Spray 300g",
    "COL Price": 4,
    "COL ppu": "$1.33 per 100G",
    "COL Size": "300g"
  },
  {
    "Brand_Product_Size": "MasterFoods Garlic Steak Seasoning 50g",
    "COL Price": 3.4,
    "COL ppu": "$0.68 per 10G",
    "COL Size": "50g"
  },
  {
    "Brand_Product_Size": "Uncle Ben's Microwave Coconut Rice 250g",
    "COL Price": 2.5,
    "COL ppu": "$1.00 per 100G",
    "COL Size": "250g"
  },
  {
    "Brand_Product_Size": "Vegeta Gluten Free Real Chicken Stock Powder Canned 200g",
    "COL Price": 2.5,
    "COL ppu": "$1.25 per 100G",
    "COL Size": "200g"
  },
  {
    "Brand_Product_Size": "Darrell Lea Bullet Dark Chocolate Liquorice 250g",
    "COL Price": 4.4,
    "COL ppu": "$1.76 per 100G",
    "COL Size": "250g"
  },
  {
    "Brand_Product_Size": "Koi Coconut & Macadamia Dry Coffee Scrub 100g",
    "COL Price": 8,
    "COL ppu": "$8.00 per 100G",
    "COL Size": "100g"
  },
  {
    "Brand_Product_Size": "Nivea Men Invisible Black & White Fresh Aerosol Antiperspirant Deodorant 250mL",
    "COL Price": 6.5,
    "COL ppu": "$2.60 per 100mL",
    "COL Size": "250mL"
  },
  {
    "Brand_Product_Size": "Santa Vittoria Sparkling Water 750mL",
    "COL Price": 1.8,
    "COL ppu": "$2.40 per 1L",
    "COL Size": "750mL"
  },
  {
    "Brand_Product_Size": "Van Houten Cacao Powder 250g",
    "COL Price": 7.9,
    "COL ppu": "$3.16 per 100G",
    "COL Size": "250g"
  },
  {
    "Brand_Product_Size": "Cook & Dine Chopping Boards 2 pack",
    "COL Price": 6,
    "COL ppu": "$3.00 per 1Ea",
    "COL Size": "2 pack"
  },
  {
    "Brand_Product_Size": "Papermate Woodcase 2B Pencil 3 pack",
    "COL Price": 1.95,
    "COL ppu": "$0.65 per 1Ea",
    "COL Size": "3 pack"
  },
  {
    "Brand_Product_Size": "Wonder White Bread + Vitamins & Mineral 700g",
    "COL Price": 3.4,
    "COL ppu": "$0.49 per 100G",
    "COL Size": "700g"
  },
  {
    "Brand_Product_Size": "Coles Hazelnut Meal 350g",
    "COL Price": 10,
    "COL ppu": "$28.57 per 1Kg",
    "COL Size": "350g"
  },
  {
    "Brand_Product_Size": "Leggo's Pasta Bake Creamy Pesto 500g",
    "COL Price": 3,
    "COL ppu": "$0.60 per 100G",
    "COL Size": "500g"
  },
  {
    "Brand_Product_Size": "Lewis & Son Kalamata Olives 400g",
    "COL Price": 9.75,
    "COL ppu": "$2.44 per 100G",
    "COL Size": "400g"
  },
  {
    "Brand_Product_Size": "Coles Made Easy Slow Cooked Beef Ragu In Tomato Sauce 750g",
    "COL Price": 15.5,
    "COL ppu": "$20.67 per 1Kg",
    "COL Size": "750g"
  },
  {
    "Brand_Product_Size": "Royal Holland Kroon Maasdam approx. 100g",
    "COL Price": 3,
    "COL ppu": "$30.00 per 1Kg",
    "COL Size": "approx. 100g"
  },
  {
    "Brand_Product_Size": "Well Naturally Dark Chocolate Coconut Rough 90g",
    "COL Price": 4,
    "COL ppu": "$4.44 per 100G",
    "COL Size": "90g"
  },
  {
    "Brand_Product_Size": "Coles White Mud Cake 600g",
    "COL Price": 4.8,
    "COL ppu": "$0.80 per 100G",
    "COL Size": "600g"
  },
  {
    "Brand_Product_Size": "Jalna Pot Set Fat Free Natural Yoghurt 1kg",
    "COL Price": 7.5,
    "COL ppu": "$0.75 per 100G",
    "COL Size": "1kg"
  },
  {
    "Brand_Product_Size": "Sabco Tuff Scrub Medium each",
    "COL Price": 3.5,
    "COL ppu": "$3.50 per 1Ea",
    "COL Size": "each"
  },
  {
    "Brand_Product_Size": "Sanitarium UP&GO Liquid Breakfast Caramel 250mL 3 pack",
    "COL Price": 4.95,
    "COL ppu": "$0.66 per 100mL",
    "COL Size": "3 pack"
  },
  {
    "Brand_Product_Size": "Coles Frozen Blackberries Fruit 500g",
    "COL Price": 4,
    "COL ppu": "$8.00 per 1Kg",
    "COL Size": "500g"
  },
  {
    "Brand_Product_Size": "Coles Chorizo Croquette 240g",
    "COL Price": 5,
    "COL ppu": "$2.08 per 100G",
    "COL Size": "240g"
  },
  {
    "Brand_Product_Size": "Dettol Multipurpose Antibacterial Disinfectant Surface Cleaning 120 Wipes Crisp Apple 1 pack",
    "COL Price": 10,
    "COL ppu": "$8.33 per 100Ea",
    "COL Size": "1 pack"
  },
  {
    "Brand_Product_Size": "Willow Insulated Chilli Backpack Cooler each",
    "COL Price": 25,
    "COL ppu": "$25.00 per 1Ea",
    "COL Size": "each"
  },
  {
    "Brand_Product_Size": "Head & Shoulders Supreme Purify & Volume Shampoo 400mL",
    "COL Price": 7.5,
    "COL ppu": "$1.88 per 100mL",
    "COL Size": "400mL"
  },
  {
    "Brand_Product_Size": "Coles A4 Spiral Notebook 200 Page each",
    "COL Price": 5,
    "COL ppu": "$5.00 per 1Ea",
    "COL Size": "each"
  },
  {
    "Brand_Product_Size": "Schweppes Solo Lemon Multipack Cans 375mL 24 pack",
    "COL Price": 24.55,
    "COL ppu": "$2.73 per 1L",
    "COL Size": "24 pack"
  },
  {
    "Brand_Product_Size": "Mitchum Men's Roll On Unscented Antiperspirant Deodorant 50mL",
    "COL Price": 3.8,
    "COL ppu": "$7.60 per 100mL",
    "COL Size": "50mL"
  },
  {
    "Brand_Product_Size": "Simon Johnson Dark Chocolate Salted Butter Caramels 125g",
    "COL Price": 13.5,
    "COL ppu": "$10.80 per 100G",
    "COL Size": "125g"
  },
  {
    "Brand_Product_Size": "Musashi Purple Grape Flavour Pre Workout Powder 225g",
    "COL Price": 32,
    "COL ppu": "$14.22 per 100G",
    "COL Size": "225g"
  },
  {
    "Brand_Product_Size": "Elevate Adult Dog Chicken Chunks With Peas & Sweet Potato In Gravy 100g",
    "COL Price": 1.5,
    "COL ppu": "$1.50 per 100G",
    "COL Size": "100g"
  },
  {
    "Brand_Product_Size": "Cook & Dine Cocktail Skewers 50 pack",
    "COL Price": 2.5,
    "COL ppu": "$0.05 per 1Ea",
    "COL Size": "50 pack"
  },
  {
    "Brand_Product_Size": "Carman's Original Fruit Free Muesli 500g",
    "COL Price": 6,
    "COL ppu": "$1.20 per 100G",
    "COL Size": "500g"
  },
  {
    "Brand_Product_Size": "Norco Full Cream Milk 3L",
    "COL Price": 5.2,
    "COL ppu": "$1.73 per 1L",
    "COL Size": "3L"
  },
  {
    "Brand_Product_Size": "Coles Kitchen Pumpkin Risotto 350g",
    "COL Price": 7.5,
    "COL ppu": "$2.14 per 100G",
    "COL Size": "350g"
  },
  {
    "Brand_Product_Size": "La Famiglia Garlic Bread Slices 9 pack 270g",
    "COL Price": 5.2,
    "COL ppu": "$1.93 per 100G",
    "COL Size": "270g"
  },
  {
    "Brand_Product_Size": "Palmolive Pomegranate & Mango Shower Gel 1L",
    "COL Price": 8.5,
    "COL ppu": "$0.85 per 100mL",
    "COL Size": "1L"
  },
  {
    "Brand_Product_Size": "Rosken Intensive Moisture Hand Cream 75mL",
    "COL Price": 3,
    "COL ppu": "$4.00 per 100mL",
    "COL Size": "75mL"
  },
  {
    "Brand_Product_Size": "Olay Mist Hydrating Face Spray Calming Essence 98mL",
    "COL Price": 35,
    "COL ppu": "$35.71 per 100mL",
    "COL Size": "98mL"
  },
  {
    "Brand_Product_Size": "Clairol Nice 'N Easy 108 Natural Golden Auburn Hair Colour 1 pack",
    "COL Price": 9,
    "COL ppu": "$9.00 per 1Ea",
    "COL Size": "1 pack"
  },
  {
    "Brand_Product_Size": "Mr Muscle Drano Drain Cleaner Gel 750mL",
    "COL Price": 13.7,
    "COL ppu": "$1.83 per 100mL",
    "COL Size": "750mL"
  },
  {
    "Brand_Product_Size": "Don Double Smoked Sliced Ham 4 Pack 400g",
    "COL Price": 7,
    "COL ppu": "$17.50 per 1Kg",
    "COL Size": "400g"
  },
  {
    "Brand_Product_Size": "Coles Made Easy Prosciutto Wrapped Chicken Breasts With Parmigiana Stuffing 450g",
    "COL Price": 12.5,
    "COL ppu": "$2.78 per 100G",
    "COL Size": "450g"
  },
  {
    "Brand_Product_Size": "KCF Lime & Cracked Pepper Club Cheddar 165g",
    "COL Price": 5,
    "COL ppu": "$30.30 per 1Kg",
    "COL Size": "165g"
  },
  {
    "Brand_Product_Size": "Arnott's Raspberry Shortcake Biscuits 250g",
    "COL Price": 3,
    "COL ppu": "$1.20 per 100G",
    "COL Size": "250g"
  },
  {
    "Brand_Product_Size": "Nicabate CQ Clear CQ Patches 14mg 7 pack",
    "COL Price": 35,
    "COL ppu": "$5.00 per 1Ea",
    "COL Size": "7 pack"
  },
  {
    "Brand_Product_Size": "Coles Pork Leg Mini Boneless approx. 1kg each",
    "COL Price": 11,
    "COL ppu": "$11.00 per 1Kg",
    "COL Size": "approx. 1kg each"
  },
  {
    "Brand_Product_Size": "Arnott's Teddy Bear Biscuits 250g",
    "COL Price": 3,
    "COL ppu": "$1.20 per 100G",
    "COL Size": "250g"
  },
  {
    "Brand_Product_Size": "Uncle Tobys Oats Quick Sachets Classic Variety 350g",
    "COL Price": 5,
    "COL ppu": "$1.43 per 100G",
    "COL Size": "350g"
  },
  {
    "Brand_Product_Size": "Sam's Frozen Pelmeni Cheese & Spinach Dumplings 800g",
    "COL Price": 14,
    "COL ppu": "$1.75 per 100G",
    "COL Size": "800g"
  },
  {
    "Brand_Product_Size": "Nature's Way Organic Turmeric 1000mg 60 Tablets 60 pack",
    "COL Price": 16,
    "COL ppu": "$0.27 per 1Ea",
    "COL Size": "60 pack"
  },
  {
    "Brand_Product_Size": "Huggies Ultra Dry Nappy For Girls 13-18 Kg Size 5 64 pack",
    "COL Price": 30,
    "COL ppu": "$0.47 per 1Ea",
    "COL Size": "64 pack"
  },
  {
    "Brand_Product_Size": "Remedy Soda Lemon Lime Bitters 330mL",
    "COL Price": 3,
    "COL ppu": "$9.09 per 1L",
    "COL Size": "330mL"
  },
  {
    "Brand_Product_Size": "Wei Chuan Dumpling Hot Sauce 190mL",
    "COL Price": 3.5,
    "COL ppu": "$1.84 per 100mL",
    "COL Size": "190mL"
  },
  {
    "Brand_Product_Size": "L'Oreal Men Expert Stop Stress Shower Gel 300mL",
    "COL Price": 4.16,
    "COL ppu": "$1.39 per 100mL",
    "COL Size": "300mL"
  },
  {
    "Brand_Product_Size": "Aunty Kath's Cookie Dough M&M 450g",
    "COL Price": 4.8,
    "COL ppu": "$1.07 per 100G",
    "COL Size": "450g"
  },
  {
    "Brand_Product_Size": "Go Natural Macadamia Dream Bar 45g",
    "COL Price": 2.5,
    "COL ppu": "$5.56 per 100G",
    "COL Size": "45g"
  },
  {
    "Brand_Product_Size": "Dimes Sour Cherry Juice 1L",
    "COL Price": 2.5,
    "COL ppu": "$2.50 per 1L",
    "COL Size": "1L"
  },
  {
    "Brand_Product_Size": "CSR Raw Sugar 2kg",
    "COL Price": 3.15,
    "COL ppu": "$0.16 per 100G",
    "COL Size": "2kg"
  },
  {
    "Brand_Product_Size": "Gourmet Garden Lightly Dried Mixed Herbs Prepacked 8g",
    "COL Price": 3.5,
    "COL ppu": "$4.38 per 10G",
    "COL Size": "8g"
  },
  {
    "Brand_Product_Size": "Bic Mega Lighter each",
    "COL Price": 7,
    "COL ppu": "$7.00 per 1Ea",
    "COL Size": "each"
  },
  {
    "Brand_Product_Size": "MasterFoods Tuscan Seasoning 40g",
    "COL Price": 3.75,
    "COL ppu": "$0.94 per 10G",
    "COL Size": "40g"
  },
  {
    "Brand_Product_Size": "Coles Bakery BBQ Cheese And Bacon Tear & Share each",
    "COL Price": 3.5,
    "COL ppu": "$3.50 per 1Ea",
    "COL Size": "each"
  },
  {
    "Brand_Product_Size": "Infintyx1 30 Lumen LED Flashlight 3 Button Batts each",
    "COL Price": 5,
    "COL ppu": "$5.00 per 1Ea",
    "COL Size": "each"
  },
  {
    "Brand_Product_Size": "Latina Fresh Spinach & Ricotta Tortellini 625g",
    "COL Price": 8,
    "COL ppu": "$1.28 per 100G",
    "COL Size": "625g"
  },
  {
    "Brand_Product_Size": "Korbond Scissors 3 pack each",
    "COL Price": 16,
    "COL ppu": "$16.00 per 1ea",
    "COL Size": "each"
  },
  {
    "Brand_Product_Size": "Luv A Duck Peking Duck Pancake Kit 560g",
    "COL Price": 14.5,
    "COL ppu": "$2.59 per 100G",
    "COL Size": "560g"
  },
  {
    "Brand_Product_Size": "Carefree Breathable Liners 48 pack",
    "COL Price": 4.1,
    "COL ppu": "$0.09 per 1Ea",
    "COL Size": "48 pack"
  },
  {
    "Brand_Product_Size": "Olay Hydrating Caviar Lime Scrubs 125mL",
    "COL Price": 19,
    "COL ppu": "$15.20 per 100mL",
    "COL Size": "125mL"
  },
  {
    "Brand_Product_Size": "Aerogard 40% Deet Higher Strength Insect Repellent 150g",
    "COL Price": 12.5,
    "COL ppu": "$8.33 per 100G",
    "COL Size": "150g"
  },
  {
    "Brand_Product_Size": "Schweppes Lemonade Bottles 300mL 4 pack",
    "COL Price": 5.9,
    "COL ppu": "$4.92 per 1L",
    "COL Size": "4 pack"
  },
  {
    "Brand_Product_Size": "Gourmet Garden Garlic Cold Blended Paste 80g",
    "COL Price": 3.5,
    "COL ppu": "$0.44 per 10G",
    "COL Size": "80g"
  },
  {
    "Brand_Product_Size": "Coles Bakery Crusty Round Rolls 6 pack",
    "COL Price": 2,
    "COL ppu": "$0.33 per 1Ea",
    "COL Size": "6 pack"
  },
  {
    "Brand_Product_Size": "Casale Parma Matonella approx. 125g",
    "COL Price": 5.625,
    "COL ppu": "$45.00 per 1Kg",
    "COL Size": "approx. 125g"
  },
  {
    "Brand_Product_Size": "Pantene Repair & Protect Conditioner 375mL",
    "COL Price": 8,
    "COL ppu": "$2.13 per 100mL",
    "COL Size": "375mL"
  },
  {
    "Brand_Product_Size": "Magazine Marie Clare each",
    "COL Price": 8.99,
    "COL ppu": "$8.99 per 1Ea",
    "COL Size": "each"
  },
  {
    "Brand_Product_Size": "Blackmores Vitex Agnus Castus Tablets 40 pack",
    "COL Price": 9,
    "COL ppu": "$0.23 per 1Ea",
    "COL Size": "40 pack"
  },
  {
    "Brand_Product_Size": "Maybelline Superstay Liquid Foundation Nude Beige 30mL",
    "COL Price": 13.5,
    "COL ppu": "$4.50 per 10mL",
    "COL Size": "30mL"
  },
  {
    "Brand_Product_Size": "Coles Sweet Potato & Lentil Fritters 216g",
    "COL Price": 2.5,
    "COL ppu": "$1.16 per 100G",
    "COL Size": "216g"
  },
  {
    "Brand_Product_Size": "Verity Dried Fancy Large Prunes 750g",
    "COL Price": 6,
    "COL ppu": "$8.00 per 1Kg",
    "COL Size": "750g"
  },
  {
    "Brand_Product_Size": "Nissin Tonkotsu Flavour Instant Noodles 100g",
    "COL Price": 1.2,
    "COL ppu": "$1.20 per 100G",
    "COL Size": "100g"
  },
  {
    "Brand_Product_Size": "Pirro Tagliatelle Egg Pasta 500g",
    "COL Price": 4.95,
    "COL ppu": "$0.99 per 100G",
    "COL Size": "500g"
  },
  {
    "Brand_Product_Size": "Rexona Men Antiperspirant Aerosol Deodorant Original 250mL",
    "COL Price": 5,
    "COL ppu": "$2.00 per 100mL",
    "COL Size": "250mL"
  },
  {
    "Brand_Product_Size": "Nivea Men Deep Roll On Antiperspirant Deodorant 50mL",
    "COL Price": 3.5,
    "COL ppu": "$7.00 per 100mL",
    "COL Size": "50mL"
  },
  {
    "Brand_Product_Size": "Always Fresh Pasticcini Hazelnut Biscuits 110g",
    "COL Price": 3.5,
    "COL ppu": "$3.18 per 100G",
    "COL Size": "110g"
  },
  {
    "Brand_Product_Size": "Farm Fresh Cage Eggs 12 pack 700g",
    "COL Price": 3.5,
    "COL ppu": "$0.50 per 100G",
    "COL Size": "700g"
  },
  {
    "Brand_Product_Size": "Fantastic Grainz Rice Cracker Parmesan Herb 100g",
    "COL Price": 3,
    "COL ppu": "$3.00 per 100G",
    "COL Size": "100g"
  },
  {
    "Brand_Product_Size": "Sharwood's Tikka Masala Simmer Sauce 420g",
    "COL Price": 3,
    "COL ppu": "$0.71 per 100G",
    "COL Size": "420g"
  },
  {
    "Brand_Product_Size": "Bubs Stage 2 Follow On Goat Milk Formula 800g",
    "COL Price": 38,
    "COL ppu": "$4.75 per 100G",
    "COL Size": "800g"
  },
  {
    "Brand_Product_Size": "Abbott's Village Bakery Gluten Free Mixed Seeds bread 500g",
    "COL Price": 6,
    "COL ppu": "$1.20 per 100G",
    "COL Size": "500g"
  },
  {
    "Brand_Product_Size": "Tommee Tippee Weighted Straw Cup 240mL",
    "COL Price": 11.2,
    "COL ppu": "$4.67 per 100mL",
    "COL Size": "240mL"
  },
  {
    "Brand_Product_Size": "Coles Cleansing Mitt 1 pack",
    "COL Price": 5,
    "COL ppu": "$5.00 per 1Ea",
    "COL Size": "1 pack"
  },
  {
    "Brand_Product_Size": "Yates Tomato & Vegetable Dust 500g",
    "COL Price": 8.32,
    "COL ppu": "$1.66 per 100G",
    "COL Size": "500g"
  },
  {
    "Brand_Product_Size": "Mutti Green Tomato Pesto Style Stir Through Sauce 280g",
    "COL Price": 2.25,
    "COL ppu": "$0.80 per 100G",
    "COL Size": "280g"
  },
  {
    "Brand_Product_Size": "Red Tractor Paleo Granola Cashew Hemp 300g",
    "COL Price": 10,
    "COL ppu": "$3.33 per 100G",
    "COL Size": "300g"
  },
  {
    "Brand_Product_Size": "Mr Sheen Regular Furniture Polish Spray 250g",
    "COL Price": 6,
    "COL ppu": "$2.40 per 100G",
    "COL Size": "250g"
  },
  {
    "Brand_Product_Size": "White Wings Self Raising Flour 5kg",
    "COL Price": 9,
    "COL ppu": "$1.80 per 1Kg",
    "COL Size": "5kg"
  },
  {
    "Brand_Product_Size": "Cub Nappy Pants Junior Size 6 21 pack",
    "COL Price": 9,
    "COL ppu": "$0.43 per 1Ea",
    "COL Size": "21 pack"
  },
  {
    "Brand_Product_Size": "Fiji Kava Noble Extract Capsules",
    "COL Price": 30,
    "COL ppu": "",
    "COL Size": ""
  },
  {
    "Brand_Product_Size": "Bonds Men's Guyfront Trunk Size XL 1 pack",
    "COL Price": 24,
    "COL ppu": "$24.00 per 1Ea",
    "COL Size": "1 pack"
  },
  {
    "Brand_Product_Size": "Vittoria Italian Blend Coffee Bags 20 pack",
    "COL Price": 9.65,
    "COL ppu": "$0.48 per 1Ea",
    "COL Size": "20 pack"
  },
  {
    "Brand_Product_Size": "Whiskas Furball Sardine And Prawn Adult Dry Cat Food 800g",
    "COL Price": 5,
    "COL ppu": "$0.63 per 100G",
    "COL Size": "800g"
  },
  {
    "Brand_Product_Size": "Coles Advance C Battery 2 pack",
    "COL Price": 2.5,
    "COL ppu": "$1.25 per 1Ea",
    "COL Size": "2 pack"
  },
  {
    "Brand_Product_Size": "Tip Top The One White Toast Bread 700g",
    "COL Price": 3.4,
    "COL ppu": "$0.49 per 100G",
    "COL Size": "700g"
  },
  {
    "Brand_Product_Size": "Allen's Chocolate Coated Black Cats 120g",
    "COL Price": 3.5,
    "COL ppu": "$2.92 per 100G",
    "COL Size": "120g"
  },
  {
    "Brand_Product_Size": "Annabel Karmel Butter Chicken 200g",
    "COL Price": 4,
    "COL ppu": "$2.00 per 100G",
    "COL Size": "200g"
  },
  {
    "Brand_Product_Size": "Coles Travel Hair Brush 1 pack",
    "COL Price": 6.7,
    "COL ppu": "$6.70 per 1Ea",
    "COL Size": "1 pack"
  },
  {
    "Brand_Product_Size": "Jarlsberg Regular Cheese Sliced/Shaved approx. 100g each",
    "COL Price": 2.275,
    "COL ppu": "$22.75 per 1Kg",
    "COL Size": "approx. 100g each"
  },
  {
    "Brand_Product_Size": "Coles English Muffins 6 pack 400g",
    "COL Price": 2.1,
    "COL ppu": "$0.35 per 1Ea",
    "COL Size": "400g"
  },
  {
    "Brand_Product_Size": "Aeroplane Blackcurrant Jelly Crystals 30% Reduced Sugar 85g",
    "COL Price": 1.25,
    "COL ppu": "$1.47 per 100G",
    "COL Size": "85g"
  },
  {
    "Brand_Product_Size": "Cenovis Iron Plus Tablets 80 pack",
    "COL Price": 13,
    "COL ppu": "$16.25 per 100Ea",
    "COL Size": "80 pack"
  },
  {
    "Brand_Product_Size": "Don English Sliced Ham 250g",
    "COL Price": 3.2,
    "COL ppu": "$12.80 per 1Kg",
    "COL Size": "250g"
  },
  {
    "Brand_Product_Size": "Coles Cooked Prawns With Cocktail Sauce 260g",
    "COL Price": 11,
    "COL ppu": "$42.31 per 1Kg",
    "COL Size": "260g"
  },
  {
    "Brand_Product_Size": "L'Oreal Paris Elnett Satin Extra Strength Argan Oil Hairspray 75mL",
    "COL Price": 2.5,
    "COL ppu": "$3.33 per 100mL",
    "COL Size": "75mL"
  },
  {
    "Brand_Product_Size": "Red Rock Deli Sea Salt Potato Chips 165g",
    "COL Price": 3,
    "COL ppu": "$1.82 per 100G",
    "COL Size": "165g"
  },
  {
    "Brand_Product_Size": "Tresemme Violet Blonde Shine Conditioner 675mL",
    "COL Price": 9,
    "COL ppu": "$1.33 per 100mL",
    "COL Size": "675mL"
  },
  {
    "Brand_Product_Size": "Coles Laundry Liquid Tropical Paradise Top & Front 2L",
    "COL Price": 5.5,
    "COL ppu": "$2.75 per 1L",
    "COL Size": "2L"
  },
  {
    "Brand_Product_Size": "Springhill Farm Slice Biscuit Peanutbutter Choc 150g",
    "COL Price": 4,
    "COL ppu": "$2.67 per 100G",
    "COL Size": "150g"
  },
  {
    "Brand_Product_Size": "Comforts Pads Normal 14 pack",
    "COL Price": 7,
    "COL ppu": "$0.50 per 1Ea",
    "COL Size": "14 pack"
  },
  {
    "Brand_Product_Size": "Bounce Gluten Free Coconut Macadamia Natural Energy Ball 40g",
    "COL Price": 2,
    "COL ppu": "$0.50 per 10G",
    "COL Size": "40g"
  },
  {
    "Brand_Product_Size": "NRG Super Alkaline AAA 14 pack",
    "COL Price": 12.5,
    "COL ppu": "$0.89 per 1Ea",
    "COL Size": "14 pack"
  },
  {
    "Brand_Product_Size": "Coles Gourmet Tomatoes Prepacked 1kg",
    "COL Price": 5.9,
    "COL ppu": "$5.90 per 1Kg",
    "COL Size": "1kg"
  },
  {
    "Brand_Product_Size": "Coles Honey Cashews 350g",
    "COL Price": 7.5,
    "COL ppu": "$2.14 per 100G",
    "COL Size": "350g"
  },
  {
    "Brand_Product_Size": "Continental Cup A Soup Creamy Chicken With Lots Of Noodles Serves 2 60g",
    "COL Price": 2.1,
    "COL ppu": "$3.50 per 100G",
    "COL Size": "60g"
  },
  {
    "Brand_Product_Size": "Mojo Activated Kombucha Ginger 330mL",
    "COL Price": 4,
    "COL ppu": "$12.12 per 1L",
    "COL Size": "330mL"
  },
  {
    "Brand_Product_Size": "Nestle Plaistowe Cooking Chocolate Block 70% Dark Cocoa 200g",
    "COL Price": 4,
    "COL ppu": "$2.00 per 100G",
    "COL Size": "200g"
  },
  {
    "Brand_Product_Size": "Nature's Way Apple Cider Vinegar Gummmies 65 pack",
    "COL Price": 20,
    "COL ppu": "$0.31 per 1Ea",
    "COL Size": "65 pack"
  },
  {
    "Brand_Product_Size": "Coles Deli Style Honey Soy Chicken Potato Chips 200g",
    "COL Price": 2.5,
    "COL ppu": "$1.25 per 100G",
    "COL Size": "200g"
  },
  {
    "Brand_Product_Size": "Coles Fresh Swedes approx. 230g each",
    "COL Price": 1.38,
    "COL ppu": "$6.00 per 1Kg",
    "COL Size": "approx. 230g each"
  },
  {
    "Brand_Product_Size": "Dilmah Extra Strength Pure Ceylon Bags 200 Pack 480g",
    "COL Price": 5.9,
    "COL ppu": "$0.03 per 1Ea",
    "COL Size": "480g"
  },
  {
    "Brand_Product_Size": "Lee Kum Kee Hoisin Sauce 240g",
    "COL Price": 3.6,
    "COL ppu": "$1.50 per 100G",
    "COL Size": "240g"
  },
  {
    "Brand_Product_Size": "Helga's Low Carb Soy & Toasted Sesame Bread Loaf 700g",
    "COL Price": 4.2,
    "COL ppu": "$0.60 per 100G",
    "COL Size": "700g"
  },
  {
    "Brand_Product_Size": "Lee Kum Kee Cantonese Beef Stir Fry Sauce Pouch 100g",
    "COL Price": 2.2,
    "COL ppu": "$2.20 per 100G",
    "COL Size": "100g"
  },
  {
    "Brand_Product_Size": "Sole Mare Wild Brisling Sardines Wood Smoked With Chilli 120g",
    "COL Price": 3.5,
    "COL ppu": "$29.17 per 1Kg",
    "COL Size": "120g"
  },
  {
    "Brand_Product_Size": "Johnson & Johnson Baby Shampoo 500mL",
    "COL Price": 9.5,
    "COL ppu": "$1.90 per 100mL",
    "COL Size": "500mL"
  },
  {
    "Brand_Product_Size": "Mr Chen's Japanese Ramen Kit 604g",
    "COL Price": 7.5,
    "COL ppu": "$1.24 per 100G",
    "COL Size": "604g"
  },
  {
    "Brand_Product_Size": "Beechworth Bee Cause Yellow Box Honey 400g",
    "COL Price": 8.5,
    "COL ppu": "$2.13 per 100G",
    "COL Size": "400g"
  },
  {
    "Brand_Product_Size": "Coles Deli Port Salut approx. 100g",
    "COL Price": 5,
    "COL ppu": "$50.00 per 1Kg",
    "COL Size": "approx. 100g"
  },
  {
    "Brand_Product_Size": "Fabulon Citrus Fresh Starch Ironing Aid 385g",
    "COL Price": 5.5,
    "COL ppu": "$14.29 per 1Kg",
    "COL Size": "385g"
  },
  {
    "Brand_Product_Size": "Kind Crunchy Peanut Butter Protein Bar 50g",
    "COL Price": 3,
    "COL ppu": "$6.00 per 100G",
    "COL Size": "50g"
  },
  {
    "Brand_Product_Size": "Spc Puree & Simple Pouch Apple & Strawberry 90g",
    "COL Price": 1.4,
    "COL ppu": "$1.56 per 100G",
    "COL Size": "90g"
  },
  {
    "Brand_Product_Size": "Coles Rapid 5 Razor Cartridges 4 each",
    "COL Price": 6,
    "COL ppu": "$1.50 per 1Ea",
    "COL Size": "4 each"
  },
  {
    "Brand_Product_Size": "Bref Duo Cubes 2 in 1 Formula Cistern Block Toilet Cleaner 2 pack 100g",
    "COL Price": 5,
    "COL ppu": "$5.00 per 100G",
    "COL Size": "100g"
  },
  {
    "Brand_Product_Size": "Coles Slow Cooked Pulled Beef 250g",
    "COL Price": 7.5,
    "COL ppu": "$30.00 per 1Kg",
    "COL Size": "250g"
  },
  {
    "Brand_Product_Size": "Coles Pink Himalayan Fine Table Salt 1kg",
    "COL Price": 3,
    "COL ppu": "$0.03 per 10G",
    "COL Size": "1kg"
  },
  {
    "Brand_Product_Size": "Glico Pocky Chocolate Value Pack 176g",
    "COL Price": 6,
    "COL ppu": "$3.41 per 100G",
    "COL Size": "176g"
  },
  {
    "Brand_Product_Size": "Schweppes Tonic Water Zero Sugar Mixers 1.1L",
    "COL Price": 2.15,
    "COL ppu": "$1.95 per 1L",
    "COL Size": "1.1L"
  },
  {
    "Brand_Product_Size": "Lindt Lindor Heart Tin 147g",
    "COL Price": 15,
    "COL ppu": "$10.20 per 100G",
    "COL Size": "147g"
  },
  {
    "Brand_Product_Size": "Oreo Original Mini Biscuit Multipack 230g",
    "COL Price": 3.95,
    "COL ppu": "$1.72 per 100G",
    "COL Size": "230g"
  },
  {
    "Brand_Product_Size": "Schwarzkopf Extra Care Marrakesh oil And Coconut Conditioner 400mL",
    "COL Price": 6.9,
    "COL ppu": "$1.73 per 100mL",
    "COL Size": "400mL"
  },
  {
    "Brand_Product_Size": "Passage Foods Passage To India Rogan Josh Simmer Sauce Pouch 375g",
    "COL Price": 2.35,
    "COL ppu": "$0.63 per 100G",
    "COL Size": "375g"
  },
  {
    "Brand_Product_Size": "Udder Delights Adelaide Hills Double Cream Brie Cheese 200g",
    "COL Price": 9,
    "COL ppu": "$4.50 per 100G",
    "COL Size": "200g"
  },
  {
    "Brand_Product_Size": "Blackmores Mini Fish Oil Capsules 200 pack",
    "COL Price": 20.5,
    "COL ppu": "$10.25 per 100Ea",
    "COL Size": "200 pack"
  },
  {
    "Brand_Product_Size": "Tibaldi Authentic Ham Off The Bone 500g",
    "COL Price": 12,
    "COL ppu": "$24.00 per 1Kg",
    "COL Size": "500g"
  },
  {
    "Brand_Product_Size": "Heinz Seriously Good Aioli Garlic Lovers 295mL",
    "COL Price": 4,
    "COL ppu": "$1.36 per 100mL",
    "COL Size": "295mL"
  },
  {
    "Brand_Product_Size": "Buttercup Country Split White Bread 450g",
    "COL Price": 3,
    "COL ppu": "$0.67 per 100G",
    "COL Size": "450g"
  },
  {
    "Brand_Product_Size": "Coles Deli Large Greek Salad Large",
    "COL Price": 7,
    "COL ppu": "$7.00 per 1Ea",
    "COL Size": "Large"
  },
  {
    "Brand_Product_Size": "Herbal Essences Bio Renew Argan Oil Of Morocco Repair Shampoo 600mL",
    "COL Price": 18,
    "COL ppu": "$3.00 per 100mL",
    "COL Size": "600mL"
  },
  {
    "Brand_Product_Size": "Sara Lee Classic French Vanilla Ice Cream 1L",
    "COL Price": 10,
    "COL ppu": "$1.00 per 100mL",
    "COL Size": "1L"
  },
  {
    "Brand_Product_Size": "Palmolive Eco Dishwashing Liquid Orange & Ginger 900 mL",
    "COL Price": 9,
    "COL ppu": "",
    "COL Size": "900 mL"
  },
  {
    "Brand_Product_Size": "Maggi 2 Minute Noodles Chicken Wholegrain 12 Pack 828g",
    "COL Price": 8,
    "COL ppu": "$0.97 per 100G",
    "COL Size": "828g"
  },
  {
    "Brand_Product_Size": "The Spice Tailor Rustic Rogan Josh 300g",
    "COL Price": 5.5,
    "COL ppu": "$1.83 per 100G",
    "COL Size": "300g"
  },
  {
    "Brand_Product_Size": "Olay Sensitive Skin Moisturiser Lotion 150mL",
    "COL Price": 13,
    "COL ppu": "$8.67 per 100mL",
    "COL Size": "150mL"
  },
  {
    "Brand_Product_Size": "Serious Organic Mixed Berries 250g",
    "COL Price": 6,
    "COL ppu": "$2.40 per 100G",
    "COL Size": "250g"
  },
  {
    "Brand_Product_Size": "Spam Lite Spiced Ham 340g",
    "COL Price": 5.16,
    "COL ppu": "$15.18 per 1Kg",
    "COL Size": "340g"
  },
  {
    "Brand_Product_Size": "Bear Yo Yo's Strawberry Real Fruit & Veg Rolls 5 Pack 100g",
    "COL Price": 4.4,
    "COL ppu": "$4.40 per 100G",
    "COL Size": "100g"
  },
  {
    "Brand_Product_Size": "Coles Orange Flavour Drink 1.25L",
    "COL Price": 1,
    "COL ppu": "$0.80 per 1L",
    "COL Size": "1.25L"
  },
  {
    "Brand_Product_Size": "Mary's Gone Original Crackers 184g",
    "COL Price": 7.9,
    "COL ppu": "$4.29 per 100G",
    "COL Size": "184g"
  },
  {
    "Brand_Product_Size": "CC's Tasty Cheese Corn Chips 175g",
    "COL Price": 3.5,
    "COL ppu": "$2.00 per 100G",
    "COL Size": "175g"
  },
  {
    "Brand_Product_Size": "Coles Kitchen Pumpkin & Chickpea Stew 700g",
    "COL Price": 12,
    "COL ppu": "$1.71 per 100G",
    "COL Size": "700g"
  },
  {
    "Brand_Product_Size": "Blackmores Fish Oil 1000mg Capsules 200 pack",
    "COL Price": 9.25,
    "COL ppu": "$4.63 per 100Ea",
    "COL Size": "200 pack"
  },
  {
    "Brand_Product_Size": "Bref Fresh Boost Ocean Breeze Toilet Cleaner 450mL",
    "COL Price": 5,
    "COL ppu": "$1.11 per 100mL",
    "COL Size": "450mL"
  },
  {
    "Brand_Product_Size": "Cetaphil Gentle Skin Cleanser 500mL",
    "COL Price": 17,
    "COL ppu": "$3.40 per 100mL",
    "COL Size": "500mL"
  },
  {
    "Brand_Product_Size": "Proud & Punch Coconuts For Mango 450mL",
    "COL Price": 6,
    "COL ppu": "$1.33 per 100mL",
    "COL Size": "450mL"
  },
  {
    "Brand_Product_Size": "Celebrate Health Gluten Free Sweet Chilli Sauce 430mL",
    "COL Price": 5,
    "COL ppu": "$1.16 per 100mL",
    "COL Size": "430mL"
  },
  {
    "Brand_Product_Size": "Coles I'M Free From Double Choc Biscuits 165g",
    "COL Price": 3.5,
    "COL ppu": "$2.12 per 100G",
    "COL Size": "165g"
  },
  {
    "Brand_Product_Size": "Essano Argan Oil Nourishing Conditioner 300mL",
    "COL Price": 16,
    "COL ppu": "$5.33 per 100mL",
    "COL Size": "300mL"
  },
  {
    "Brand_Product_Size": "Coles Gluten Free Beef Flavoured Brown Rice Noodle 210g",
    "COL Price": 5,
    "COL ppu": "$2.38 per 100G",
    "COL Size": "210g"
  },
  {
    "Brand_Product_Size": "Quorn Frozen Meat Free Sausage Rolls 300g",
    "COL Price": 6.2,
    "COL ppu": "$2.07 per 100G",
    "COL Size": "300g"
  },
  {
    "Brand_Product_Size": "Golden Circle Sunshine Punch Fruit Drink Multipack 250mL 6 pack",
    "COL Price": 4.5,
    "COL ppu": "$0.75 per 1Ea",
    "COL Size": "6 pack"
  },
  {
    "Brand_Product_Size": "Coles Peanut Butter Ice Cream Tub 1L",
    "COL Price": 5,
    "COL ppu": "$0.50 per 100mL",
    "COL Size": "1L"
  },
  {
    "Brand_Product_Size": "Cottee's Strawberry Jam 500g",
    "COL Price": 2.8,
    "COL ppu": "$0.56 per 100G",
    "COL Size": "500g"
  },
  {
    "Brand_Product_Size": "McCain Frozen Chicken Parmigiana 320g",
    "COL Price": 7.47,
    "COL ppu": "$2.33 per 100G",
    "COL Size": "320g"
  },
  {
    "Brand_Product_Size": "Kynd Collagen Complete+",
    "COL Price": 30,
    "COL ppu": "",
    "COL Size": ""
  },
  {
    "Brand_Product_Size": "MasterFoods Honey BBQ Chicken Cooking Sauce 520g",
    "COL Price": 3.7,
    "COL ppu": "$0.71 per 100G",
    "COL Size": "520g"
  },
  {
    "Brand_Product_Size": "Voltaren Osteo Anti-Inflammatory Gel 100g",
    "COL Price": 28,
    "COL ppu": "$28.00 per 100G",
    "COL Size": "100g"
  },
  {
    "Brand_Product_Size": "Pilpel Garlic Dip 180g",
    "COL Price": 6,
    "COL ppu": "$3.33 per 100G",
    "COL Size": "180g"
  },
  {
    "Brand_Product_Size": "Kikkoman Soy Sauce 1L",
    "COL Price": 8,
    "COL ppu": "$8.00 per 1L",
    "COL Size": "1L"
  },
  {
    "Brand_Product_Size": "Pringles Minis Sour Cream & Onion Potato Chips 5 pack 95g",
    "COL Price": 3.2,
    "COL ppu": "$3.37 per 100G",
    "COL Size": "95g"
  },
  {
    "Brand_Product_Size": "Praise Whole Egg Mayonnaise 445g",
    "COL Price": 5,
    "COL ppu": "$1.12 per 100G",
    "COL Size": "445g"
  },
  {
    "Brand_Product_Size": "Bosisto's Eucalyptus Oil 175mL",
    "COL Price": 17,
    "COL ppu": "$9.71 per 100mL",
    "COL Size": "175mL"
  },
  {
    "Brand_Product_Size": "T2 Detox Tea 10 pack",
    "COL Price": 7,
    "COL ppu": "$0.70 per 1Ea",
    "COL Size": "10 pack"
  },
  {
    "Brand_Product_Size": "Birds Eye Frozen Farmhouse Seasoned Sides 600g",
    "COL Price": 5,
    "COL ppu": "$8.33 per 1Kg",
    "COL Size": "600g"
  },
  {
    "Brand_Product_Size": "Air Wick Pure Air Freshener Spray Cherry Blossom 159g",
    "COL Price": 7,
    "COL ppu": "$4.40 per 100G",
    "COL Size": "159g"
  },
  {
    "Brand_Product_Size": "Eatrite Gluten Free Sea Salt & Apple Cider Vinegar Crackers 100g",
    "COL Price": 1.85,
    "COL ppu": "$1.85 per 100G",
    "COL Size": "100g"
  },
  {
    "Brand_Product_Size": "Coles Pasta Sauce Tomato & Basil 425g",
    "COL Price": 3.7,
    "COL ppu": "$0.87 per 100G",
    "COL Size": "425g"
  },
  {
    "Brand_Product_Size": "Birds Eye Frozen Steam Fresh Penne Pasta with Mediterranean Vegetables 2 Pack 400g",
    "COL Price": 4.2,
    "COL ppu": "$10.50 per 1Kg",
    "COL Size": "400g"
  },
  {
    "Brand_Product_Size": "Lifestyle Ultimate Pleasure Condoms 20 pack",
    "COL Price": 9.9,
    "COL ppu": "$0.50 per 1Ea",
    "COL Size": "20 pack"
  },
  {
    "Brand_Product_Size": "Arctic Zone 24 Can Cooler each",
    "COL Price": 16.5,
    "COL ppu": "$16.50 per 1Ea",
    "COL Size": "each"
  },
  {
    "Brand_Product_Size": "Babybel Mini Original Cheese 5 pack 100g",
    "COL Price": 4.8,
    "COL ppu": "$4.80 per 100G",
    "COL Size": "100g"
  },
  {
    "Brand_Product_Size": "Cadbury Buzz Chocolate Bar 20g",
    "COL Price": 1,
    "COL ppu": "$5.00 per 100G",
    "COL Size": "20g"
  },
  {
    "Brand_Product_Size": "Coles Australian Apricot Halves in Juice 410g",
    "COL Price": 2,
    "COL ppu": "$4.88 per 1Kg",
    "COL Size": "410g"
  },
  {
    "Brand_Product_Size": "Coles Parsnips Loose approx. 140g each",
    "COL Price": 1.54,
    "COL ppu": "$11.00 per 1Kg",
    "COL Size": "approx. 140g each"
  },
  {
    "Brand_Product_Size": "Patak's Rogan Josh Curry Paste Medium 283g",
    "COL Price": 5.5,
    "COL ppu": "$1.94 per 100G",
    "COL Size": "283g"
  },
  {
    "Brand_Product_Size": "Go Natural Yoghurt Almond & Apricot Bar 40g",
    "COL Price": 1.95,
    "COL ppu": "$4.88 per 100G",
    "COL Size": "40g"
  },
  {
    "Brand_Product_Size": "Nature's Gift Sustain Kangaroo Natural Dry Dog Food 2.5kg",
    "COL Price": 9.5,
    "COL ppu": "$0.38 per 100G",
    "COL Size": "2.5kg"
  },
  {
    "Brand_Product_Size": "Botanica Caribbean Vetiver & Sandalwood Candle each",
    "COL Price": 8.25,
    "COL ppu": "$8.25 per 1Ea",
    "COL Size": "each"
  },
  {
    "Brand_Product_Size": "Oki Fried Chicken Coating Original 120g",
    "COL Price": 1.7,
    "COL ppu": "$1.42 per 100G",
    "COL Size": "120g"
  },
  {
    "Brand_Product_Size": "Coles Deli Salads Tub Large Classic Potato Large",
    "COL Price": 6,
    "COL ppu": "$6.00 per 1Ea",
    "COL Size": "Large"
  },
  {
    "Brand_Product_Size": "BSC High Protein Salted Caramel Bar 60g",
    "COL Price": 4,
    "COL ppu": "$6.67 per 100G",
    "COL Size": "60g"
  },
  {
    "Brand_Product_Size": "Prima Apple Fruit Drink Multipack 200mL 6 pack",
    "COL Price": 3.45,
    "COL ppu": "$0.58 per 1Ea",
    "COL Size": "6 pack"
  },
  {
    "Brand_Product_Size": "Coles Sweet Chilli Cheese 190g",
    "COL Price": 3,
    "COL ppu": "$15.79 per 1Kg",
    "COL Size": "190g"
  },
  {
    "Brand_Product_Size": "Carman's Brownie With Choc Aussie Oat Bar 180g",
    "COL Price": 5,
    "COL ppu": "$2.78 per 100G",
    "COL Size": "180g"
  },
  {
    "Brand_Product_Size": "Dove Men Care Sport Fresh Body and Face Wash 1L",
    "COL Price": 13.7,
    "COL ppu": "$1.37 per 100mL",
    "COL Size": "1L"
  },
  {
    "Brand_Product_Size": "Tomy Take & Toss Sipper Cup 6 pack",
    "COL Price": 6,
    "COL ppu": "$1.00 per 1Ea",
    "COL Size": "6 pack"
  },
  {
    "Brand_Product_Size": "Waffulls Waffles Choco Hazelnut 4 Pack 200g",
    "COL Price": 2.5,
    "COL ppu": "$1.25 per 100G",
    "COL Size": "200g"
  },
  {
    "Brand_Product_Size": "Loma Linda Thai Red Curry With Coconut & Mock Duk 285g",
    "COL Price": 5,
    "COL ppu": "$1.75 per 100G",
    "COL Size": "285g"
  },
  {
    "Brand_Product_Size": "Prime Pantry Nibbles Cat Treat Chicken 40g",
    "COL Price": 3,
    "COL ppu": "$7.50 per 100G",
    "COL Size": "40g"
  },
  {
    "Brand_Product_Size": "Coles Chicken & Rice Dog Roll 3kg",
    "COL Price": 5.5,
    "COL ppu": "$0.18 per 100G",
    "COL Size": "3kg"
  },
  {
    "Brand_Product_Size": "Kleenex Facial Tissues Anti Bacterial Wet Wipes 40 pack",
    "COL Price": 4.4,
    "COL ppu": "$0.11 per 1Ea",
    "COL Size": "40 pack"
  },
  {
    "Brand_Product_Size": "Darrell Lea Lifesavers Bites Choc Blackcurrant 160g",
    "COL Price": 4.4,
    "COL ppu": "$2.75 per 100G",
    "COL Size": "160g"
  },
  {
    "Brand_Product_Size": "Marion's Kitchen San Choy Bow Cooking Kit 375g",
    "COL Price": 7.45,
    "COL ppu": "$2.18 per 100G",
    "COL Size": "375g"
  },
  {
    "Brand_Product_Size": "Coles Traditional Rolled Oats 500g",
    "COL Price": 2.75,
    "COL ppu": "$0.55 per 100G",
    "COL Size": "500g"
  },
  {
    "Brand_Product_Size": "Schweppes Soda Water 1.1L",
    "COL Price": 2.15,
    "COL ppu": "$1.95 per 1L",
    "COL Size": "1.1L"
  },
  {
    "Brand_Product_Size": "Oak Classic Strawberry Flavoured Milk 2L",
    "COL Price": 4.5,
    "COL ppu": "$2.25 per 1L",
    "COL Size": "2L"
  },
  {
    "Brand_Product_Size": "Coles Salted Caramel Dessert Topping 250mL",
    "COL Price": 3.5,
    "COL ppu": "$1.40 per 100mL",
    "COL Size": "250mL"
  },
  {
    "Brand_Product_Size": "Yumi's Mini Kalamata Olive Dip 3 Pack 195g",
    "COL Price": 3.5,
    "COL ppu": "$1.79 per 100G",
    "COL Size": "195g"
  },
  {
    "Brand_Product_Size": "Gravox Roast Chicken With Herbs Gravy 250g",
    "COL Price": 2.85,
    "COL ppu": "$1.14 per 100G",
    "COL Size": "250g"
  },
  {
    "Brand_Product_Size": "Downy Fabric Softener Parfum Collection Mystique 800mL",
    "COL Price": 6.6,
    "COL ppu": "$8.25 per 1L",
    "COL Size": "800mL"
  },
  {
    "Brand_Product_Size": "Obento Tempura Batter Mix 500g",
    "COL Price": 3.3,
    "COL ppu": "$0.66 per 100G",
    "COL Size": "500g"
  },
  {
    "Brand_Product_Size": "Arnott's TeeVee Snacks Biscuits Value Pack Original 315g",
    "COL Price": 5.5,
    "COL ppu": "$1.75 per 100G",
    "COL Size": "315g"
  },
  {
    "Brand_Product_Size": "Coles Antibacterial Hand Wash Sweet Orange 1L",
    "COL Price": 3,
    "COL ppu": "$0.30 per 100mL",
    "COL Size": "1L"
  },
  {
    "Brand_Product_Size": "Nature's Way Kids Smart Vita Gummies Vitamin C + Zinc 120 pack",
    "COL Price": 26,
    "COL ppu": "$0.22 per 1Ea",
    "COL Size": "120 pack"
  },
  {
    "Brand_Product_Size": "Beauty Bites Lemon & Coconut 32g",
    "COL Price": 4,
    "COL ppu": "$12.50 per 100G",
    "COL Size": "32g"
  },
  {
    "Brand_Product_Size": "Campbell's V8 Tropical Juice Multipack 250mL 3 pack",
    "COL Price": 3,
    "COL ppu": "$4.00 per 1L",
    "COL Size": "3 pack"
  },
  {
    "Brand_Product_Size": "Darrell Lea Liquorice Twists 280g",
    "COL Price": 4.4,
    "COL ppu": "$1.57 per 100G",
    "COL Size": "280g"
  },
  {
    "Brand_Product_Size": "Schweppes Lemon Lime Mineral Water 1.1L",
    "COL Price": 2.15,
    "COL ppu": "$1.95 per 1L",
    "COL Size": "1.1L"
  },
  {
    "Brand_Product_Size": "Daley Street Medium/Dark Coffee Ground 200g",
    "COL Price": 4.5,
    "COL ppu": "$2.25 per 100G",
    "COL Size": "200g"
  },
  {
    "Brand_Product_Size": "Passage Foods Passage to Asia Pad Thai Stir Fry Sauce Pouch 200g",
    "COL Price": 3,
    "COL ppu": "$1.50 per 100G",
    "COL Size": "200g"
  },
  {
    "Brand_Product_Size": "Swisse Ultiboost Iron Tablets 30 pack",
    "COL Price": 10,
    "COL ppu": "$33.33 per 100Ea",
    "COL Size": "30 pack"
  },
  {
    "Brand_Product_Size": "Method Antibacterial Kitchen Cleaner 490mL",
    "COL Price": 4.5,
    "COL ppu": "$0.92 per 100mL",
    "COL Size": "490mL"
  },
  {
    "Brand_Product_Size": "Good Yums Kids Strawberry Yoghurt Pouch 100g",
    "COL Price": 1.2,
    "COL ppu": "$1.20 per 100G",
    "COL Size": "100g"
  },
  {
    "Brand_Product_Size": "Coles Ultimate Salted Caramel Fudge 473mL",
    "COL Price": 6,
    "COL ppu": "$1.27 per 100mL",
    "COL Size": "473mL"
  },
  {
    "Brand_Product_Size": "Lucky Smart Snax Energy 140g",
    "COL Price": 4,
    "COL ppu": "$28.57 per 1Kg",
    "COL Size": "140g"
  },
  {
    "Brand_Product_Size": "Aussie Bodies Nourish Vanilla Protein Powder 450g",
    "COL Price": 25,
    "COL ppu": "$5.56 per 100G",
    "COL Size": "450g"
  },
  {
    "Brand_Product_Size": "Sunbeam Mixed Dried Fruit 375g",
    "COL Price": 4.7,
    "COL ppu": "$12.53 per 1Kg",
    "COL Size": "375g"
  },
  {
    "Brand_Product_Size": "Hart & Soul Creamy Makhani Lentil Curry 300g",
    "COL Price": 4,
    "COL ppu": "$1.33 per 100G",
    "COL Size": "300g"
  },
  {
    "Brand_Product_Size": "Herbal Essences Aloe & Mango Shampoo 400mL",
    "COL Price": 20,
    "COL ppu": "$5.00 per 100mL",
    "COL Size": "400mL"
  },
  {
    "Brand_Product_Size": "Old El Paso Crispy Chicken Soft Taco Kit Mild 370g",
    "COL Price": 5,
    "COL ppu": "$1.35 per 100G",
    "COL Size": "370g"
  },
  {
    "Brand_Product_Size": "Yarra Valley Persian Fetta Cheese 350g",
    "COL Price": 10,
    "COL ppu": "$28.57 per 1Kg",
    "COL Size": "350g"
  },
  {
    "Brand_Product_Size": "Coles Bake & Create Polka Dot Party Candles 16 piece",
    "COL Price": 3,
    "COL ppu": "$0.19 per 1Ea",
    "COL Size": "16 piece"
  },
  {
    "Brand_Product_Size": "Coles Kitchen BBQ Vegetable Medley 400g",
    "COL Price": 4,
    "COL ppu": "$1.00 per 100G",
    "COL Size": "400g"
  },
  {
    "Brand_Product_Size": "Honest Sea Seaweed Teriyaki 5g",
    "COL Price": 1.5,
    "COL ppu": "$30.00 per 100G",
    "COL Size": "5g"
  },
  {
    "Brand_Product_Size": "Pana Organic Hazelnut Chocolate 45g",
    "COL Price": 6,
    "COL ppu": "$13.33 per 100G",
    "COL Size": "45g"
  },
  {
    "Brand_Product_Size": "Coles Organic Wholemeal Spaghetti 500g",
    "COL Price": 1.65,
    "COL ppu": "$0.33 per 100G",
    "COL Size": "500g"
  },
  {
    "Brand_Product_Size": "Campbell's V8 Juice Super Orange 1.25L",
    "COL Price": 4.6,
    "COL ppu": "$3.68 per 1L",
    "COL Size": "1.25L"
  },
  {
    "Brand_Product_Size": "Proud & Punch Chocolate Banana Smoothie Pop 6 pack 450mL",
    "COL Price": 6,
    "COL ppu": "$1.33 per 100mL",
    "COL Size": "450mL"
  },
  {
    "Brand_Product_Size": "Western Star Chef's Choice Unsalted Cultured Butter 500g",
    "COL Price": 6.5,
    "COL ppu": "$1.30 per 100G",
    "COL Size": "500g"
  },
  {
    "Brand_Product_Size": "Coles Frozen Hoki Fillets 700g",
    "COL Price": 11.5,
    "COL ppu": "$16.43 per 1Kg",
    "COL Size": "700g"
  },
  {
    "Brand_Product_Size": "Hydralyte Effervescent Tablets Apple Blackcurrant 40 pack",
    "COL Price": 22,
    "COL ppu": "$0.55 per 1Ea",
    "COL Size": "40 pack"
  },
  {
    "Brand_Product_Size": "Tresemme Botanique Restore & Shine Conditioner 675mL",
    "COL Price": 9,
    "COL ppu": "$1.33 per 100mL",
    "COL Size": "675mL"
  },
  {
    "Brand_Product_Size": "Coles Deli Salad Tubs Small Quinoa Tabouleh Salad smaLL",
    "COL Price": 5,
    "COL ppu": "$5.00 per 1Ea",
    "COL Size": "smaLL"
  },
  {
    "Brand_Product_Size": "Coles Kitchen Carrots And Green Beans 150g",
    "COL Price": 2,
    "COL ppu": "$13.33 per 1Kg",
    "COL Size": "150g"
  },
  {
    "Brand_Product_Size": "Noshu 98% Sugar Free Choc Baking Chips 150g",
    "COL Price": 4,
    "COL ppu": "$2.67 per 100G",
    "COL Size": "150g"
  },
  {
    "Brand_Product_Size": "Olga's Fine Foods Chicken Patties 500g",
    "COL Price": 6,
    "COL ppu": "$12.00 per 1Kg",
    "COL Size": "500g"
  },
  {
    "Brand_Product_Size": "Tip Top White Bread Hot Dog Rolls 6 pack",
    "COL Price": 4,
    "COL ppu": "$0.67 per 1Ea",
    "COL Size": "6 pack"
  },
  {
    "Brand_Product_Size": "Coles Bakery Apple Fresh Cream Turnover each",
    "COL Price": 3.5,
    "COL ppu": "$3.50 per 1Ea",
    "COL Size": "each"
  },
  {
    "Brand_Product_Size": "Powerade Berry Ice Sports Drink 1L",
    "COL Price": 4.65,
    "COL ppu": "$4.65 per 1L",
    "COL Size": "1L"
  },
  {
    "Brand_Product_Size": "Udder Delights Heysen Blue Vein Wheel approx. 100g",
    "COL Price": 5,
    "COL ppu": "$50.00 per 1Kg",
    "COL Size": "approx. 100g"
  },
  {
    "Brand_Product_Size": "Kezs Kitchen Gluten Free Brownie Bar Protein Fudgy Choc 45g",
    "COL Price": 2,
    "COL ppu": "$4.44 per 100G",
    "COL Size": "45g"
  },
  {
    "Brand_Product_Size": "Fix & Go Stand Up Tube 3mL 1 pack",
    "COL Price": 2.7,
    "COL ppu": "$2.70 per 1Ea",
    "COL Size": "1 pack"
  },
  {
    "Brand_Product_Size": "L'Oreal Paris False Lash X Fiber Mascara 14mL",
    "COL Price": 20.3,
    "COL ppu": "$145.00 per 100mL",
    "COL Size": "14mL"
  },
  {
    "Brand_Product_Size": "Hoyts Ground Cumin 25g",
    "COL Price": 1.95,
    "COL ppu": "$0.78 per 10G",
    "COL Size": "25g"
  },
  {
    "Brand_Product_Size": "Colgate Tartar Control Dental Floss 25m",
    "COL Price": 3.5,
    "COL ppu": "$0.14 per 1M",
    "COL Size": "25m"
  },
  {
    "Brand_Product_Size": "Natural Chip Co. Sea Salt & Vinegar Potato Chips 175g",
    "COL Price": 3.5,
    "COL ppu": "$2.00 per 100G",
    "COL Size": "175g"
  },
  {
    "Brand_Product_Size": "Multix Greener Plant Based Sandwich Bags 30 pack",
    "COL Price": 3.1,
    "COL ppu": "$0.10 per 1Ea",
    "COL Size": "30 pack"
  },
  {
    "Brand_Product_Size": "Coles Kitchen Green Goddess Dressing 250mL",
    "COL Price": 4,
    "COL ppu": "$1.60 per 100mL",
    "COL Size": "250mL"
  },
  {
    "Brand_Product_Size": "Pukka Three Mint Herbal Tea Sachets 20 pack 32g",
    "COL Price": 7.5,
    "COL ppu": "$0.38 per 1Ea",
    "COL Size": "32g"
  },
  {
    "Brand_Product_Size": "Batiste Dry Shampoo & Volume With Plumping Collagen 200mL",
    "COL Price": 13,
    "COL ppu": "$6.50 per 100mL",
    "COL Size": "200mL"
  },
  {
    "Brand_Product_Size": "Kettle Herb & Spice Potato Chips 165g",
    "COL Price": 4.65,
    "COL ppu": "$2.82 per 100G",
    "COL Size": "165g"
  },
  {
    "Brand_Product_Size": "Birds Eye Frozen Steam Fresh Carrot Broccoli & Corn Mix 5 pack 750g",
    "COL Price": 5,
    "COL ppu": "$6.67 per 1Kg",
    "COL Size": "750g"
  },
  {
    "Brand_Product_Size": "Nice & Natural Apricot & Pumpkin Seeds Probiotic Oat Bars 175g",
    "COL Price": 6,
    "COL ppu": "$3.43 per 100G",
    "COL Size": "175g"
  },
  {
    "Brand_Product_Size": "Red Rock Deli Zesty Avo & Feta Green Goddess Dip 150g",
    "COL Price": 3.5,
    "COL ppu": "$2.33 per 100G",
    "COL Size": "150g"
  },
  {
    "Brand_Product_Size": "Boost Energy Lift Juice Chilled 1L",
    "COL Price": 4.4,
    "COL ppu": "$4.40 per 1L",
    "COL Size": "1L"
  },
  {
    "Brand_Product_Size": "Arnott's Nice Biscuits 250g",
    "COL Price": 2.3,
    "COL ppu": "$0.92 per 100G",
    "COL Size": "250g"
  },
  {
    "Brand_Product_Size": "Sun Valley Plum & Apple Bars True Fruit Bars 120g",
    "COL Price": 4.5,
    "COL ppu": "$3.75 per 100G",
    "COL Size": "120g"
  },
  {
    "Brand_Product_Size": "Kirks Sugar Free Creaming Soda 1.25L",
    "COL Price": 1.15,
    "COL ppu": "$0.92 per 1L",
    "COL Size": "1.25L"
  },
  {
    "Brand_Product_Size": "Colour Shock Grooming Bruch each",
    "COL Price": 9,
    "COL ppu": "$9.00 per 1Ea",
    "COL Size": "each"
  },
  {
    "Brand_Product_Size": "Orgran Multigrain With Quinoa Crispbread 125g",
    "COL Price": 3.65,
    "COL ppu": "$2.92 per 100G",
    "COL Size": "125g"
  },
  {
    "Brand_Product_Size": "Coles Chives Punnet 10g",
    "COL Price": 3,
    "COL ppu": "$3.00 per 10G",
    "COL Size": "10g"
  },
  {
    "Brand_Product_Size": "Coles Thawed Seafood Marinara Mix approx. 250g",
    "COL Price": 3.375,
    "COL ppu": "$13.50 per 1Kg",
    "COL Size": "approx. 250g"
  },
  {
    "Brand_Product_Size": "Wellness Road Psyllium Husk Powder 450g",
    "COL Price": 8,
    "COL ppu": "$1.78 per 100G",
    "COL Size": "450g"
  },
  {
    "Brand_Product_Size": "Vegemite Spread 220g",
    "COL Price": 4,
    "COL ppu": "$1.82 per 100G",
    "COL Size": "220g"
  },
  {
    "Brand_Product_Size": "Sirena Kale & Quinoa Salad With Tuna 170g",
    "COL Price": 4,
    "COL ppu": "$23.53 per 1Kg",
    "COL Size": "170g"
  },
  {
    "Brand_Product_Size": "Bio-Oil Dry Skin Gel 100mL",
    "COL Price": 15,
    "COL ppu": "$15.00 per 100mL",
    "COL Size": "100mL"
  },
  {
    "Brand_Product_Size": "Nescafe Gold Almond Latte Coffee Sachets 6 pack",
    "COL Price": 6.3,
    "COL ppu": "$1.05 per 1Ea",
    "COL Size": "6 pack"
  },
  {
    "Brand_Product_Size": "Mckenzie's Coconut Flour 330g",
    "COL Price": 3.6,
    "COL ppu": "$10.91 per 1Kg",
    "COL Size": "330g"
  },
  {
    "Brand_Product_Size": "Gillette Skin Guard Manual Razor 1 pack",
    "COL Price": 15,
    "COL ppu": "$15.00 per 1Ea",
    "COL Size": "1 pack"
  },
  {
    "Brand_Product_Size": "Kirks Lemonade Multipack Cans 375mL 10 pack",
    "COL Price": 6.2,
    "COL ppu": "$1.65 per 1L",
    "COL Size": "10 pack"
  },
  {
    "Brand_Product_Size": "Nutella Hazelnut Chocolate Spread 400g",
    "COL Price": 5.4,
    "COL ppu": "$1.35 per 100G",
    "COL Size": "400g"
  },
  {
    "Brand_Product_Size": "L'OR Espresso Ristretto Capsules 40 pack",
    "COL Price": 18,
    "COL ppu": "$0.45 per 1Ea",
    "COL Size": "40 pack"
  },
  {
    "Brand_Product_Size": "Heinz Baked Beans & Sausages 420g",
    "COL Price": 2.2,
    "COL ppu": "$5.24 per 1Kg",
    "COL Size": "420g"
  },
  {
    "Brand_Product_Size": "Betadine Antiseptic Ointment 25g",
    "COL Price": 11.3,
    "COL ppu": "$45.20 per 100G",
    "COL Size": "25g"
  },
  {
    "Brand_Product_Size": "Ferrero Raffaello Heart T10 100g",
    "COL Price": 12,
    "COL ppu": "$12.00 per 100G",
    "COL Size": "100g"
  },
  {
    "Brand_Product_Size": "Crest Power Board 6 Socket each",
    "COL Price": 6,
    "COL ppu": "$6.00 per 1KGM",
    "COL Size": "each"
  },
  {
    "Brand_Product_Size": "Coles Muesli 750g",
    "COL Price": 2.1,
    "COL ppu": "$0.28 per 100G",
    "COL Size": "750g"
  },
  {
    "Brand_Product_Size": "Sunsilk Longer & Stronger Shampoo 350mL",
    "COL Price": 5.5,
    "COL ppu": "$1.57 per 100mL",
    "COL Size": "350mL"
  },
  {
    "Brand_Product_Size": "Sanitarium So Good Long Life Lite Soy Milk 1L 1L",
    "COL Price": 1.9,
    "COL ppu": "$1.90 per 1L",
    "COL Size": "1L"
  },
  {
    "Brand_Product_Size": "Neutrogena Ultra Sheer Body Mist SPF 50+ Sunscreen Spray 140g",
    "COL Price": 15,
    "COL ppu": "$10.71 per 100G",
    "COL Size": "140g"
  },
  {
    "Brand_Product_Size": "MEB Foods Pittes Souvlaki & Pizza 450g",
    "COL Price": 3,
    "COL ppu": "$0.67 per 100G",
    "COL Size": "450g"
  },
  {
    "Brand_Product_Size": "Grain Waves Caramelised Onion & Balsamic Vinegar 170g",
    "COL Price": 1.75,
    "COL ppu": "$1.03 per 100G",
    "COL Size": "170g"
  },
  {
    "Brand_Product_Size": "Goulburn Valley Apricots In Juice 700g",
    "COL Price": 3.7,
    "COL ppu": "$5.29 per 1Kg",
    "COL Size": "700g"
  },
  {
    "Brand_Product_Size": "Coles Apple Sauce 375g",
    "COL Price": 1.8,
    "COL ppu": "$0.48 per 100G",
    "COL Size": "375g"
  },
  {
    "Brand_Product_Size": "Dairylea Original Cheese Slices 24 Pack 432g",
    "COL Price": 5.5,
    "COL ppu": "$12.73 per 1Kg",
    "COL Size": "432g"
  },
  {
    "Brand_Product_Size": "Coles Deli Salad Jumbo Tubs Potato Egg & Bacon Salad Salad each",
    "COL Price": 11,
    "COL ppu": "$11.00 per 1Ea",
    "COL Size": "each"
  },
  {
    "Brand_Product_Size": "Bosisto's Kakadu Plum & Lemon Myrtle Nourishing Body Wash 500mL",
    "COL Price": 8,
    "COL ppu": "$1.60 per 100mL",
    "COL Size": "500mL"
  },
  {
    "Brand_Product_Size": "Elite Must Cubes Spearmint 58g",
    "COL Price": 5.2,
    "COL ppu": "$8.97 per 100G",
    "COL Size": "58g"
  },
  {
    "Brand_Product_Size": "Tommee Tippee Roll N Go Bib each",
    "COL Price": 8,
    "COL ppu": "$8.00 per 1Ea",
    "COL Size": "each"
  },
  {
    "Brand_Product_Size": "Nature Valley Crunchy Variety 6 Twin Bars 252g",
    "COL Price": 5.5,
    "COL ppu": "$2.18 per 100G",
    "COL Size": "252g"
  },
  {
    "Brand_Product_Size": "Heinz Seriously Good Peri Peri Mayonnaise 500g",
    "COL Price": 5,
    "COL ppu": "$1.00 per 100G",
    "COL Size": "500g"
  },
  {
    "Brand_Product_Size": "Coles Coriander Punnet 15g",
    "COL Price": 3,
    "COL ppu": "$2.00 per 10G",
    "COL Size": "15g"
  },
  {
    "Brand_Product_Size": "Royal Fields Pretzels 400g",
    "COL Price": 3,
    "COL ppu": "$0.75 per 100G",
    "COL Size": "400g"
  },
  {
    "Brand_Product_Size": "Atkins Advantage Chocolate Mint Bar 60g",
    "COL Price": 4.5,
    "COL ppu": "$7.50 per 100G",
    "COL Size": "60g"
  },
  {
    "Brand_Product_Size": "Glad To Be Green Compostable Kitchen Liners Mini 25 pack",
    "COL Price": 4,
    "COL ppu": "$0.16 per 1Ea",
    "COL Size": "25 pack"
  },
  {
    "Brand_Product_Size": "Green & Black's Organic Dark Chocolate Block 90g",
    "COL Price": 3,
    "COL ppu": "$3.33 per 100G",
    "COL Size": "90g"
  },
  {
    "Brand_Product_Size": "Starbucks By Nespresso Single Origin Coffee Sumatra Capsules 10 pack",
    "COL Price": 6.9,
    "COL ppu": "$0.69 per 1Ea",
    "COL Size": "10 pack"
  },
  {
    "Brand_Product_Size": "Bonds Sheer Pantyhose Slim Nude Large 1 pack",
    "COL Price": 8,
    "COL ppu": "",
    "COL Size": "1 pack"
  },
  {
    "Brand_Product_Size": "Clairol Root Touch Up Colour Blending Gel Medium Brown 45mL",
    "COL Price": 12.6,
    "COL ppu": "$2.80 per 10mL",
    "COL Size": "45mL"
  },
  {
    "Brand_Product_Size": "Fibre One Salted Caramel Squares 5 pack 120g",
    "COL Price": 5.5,
    "COL ppu": "$4.58 per 100G",
    "COL Size": "120g"
  },
  {
    "Brand_Product_Size": "Anticol Medicated Throat Lozenges Original Menthol 3 pack",
    "COL Price": 4,
    "COL ppu": "$4.00 per 1Ea",
    "COL Size": "3 pack"
  },
  {
    "Brand_Product_Size": "S & B Wasabi Paste 43g",
    "COL Price": 3,
    "COL ppu": "$6.98 per 100G",
    "COL Size": "43g"
  },
  {
    "Brand_Product_Size": "Harpic Germ Fighting Hook Bleach Lime 2 Pack 70g",
    "COL Price": 6,
    "COL ppu": "$3.00 per 1Ea",
    "COL Size": "70g"
  },
  {
    "Brand_Product_Size": "Sukin Brightening Illuminating Eye Gel Tube 15mL",
    "COL Price": 20,
    "COL ppu": "$13.33 per 10mL",
    "COL Size": "15mL"
  },
  {
    "Brand_Product_Size": "NRG Alkaline A76 4 pack",
    "COL Price": 6,
    "COL ppu": "$1.50 per 1Ea",
    "COL Size": "4 pack"
  },
  {
    "Brand_Product_Size": "Casalingo Porchetta approx. 125g each",
    "COL Price": 3.75,
    "COL ppu": "$30.00 per 1Kg",
    "COL Size": "approx. 125g each"
  },
  {
    "Brand_Product_Size": "Keens Curry Powder 60g",
    "COL Price": 2.95,
    "COL ppu": "$0.49 per 10G",
    "COL Size": "60g"
  },
  {
    "Brand_Product_Size": "Sacla Free From Tomato Pesto 190g",
    "COL Price": 3.8,
    "COL ppu": "$2.00 per 100G",
    "COL Size": "190g"
  },
  {
    "Brand_Product_Size": "Coles Spring Water 1.5L 8 pack",
    "COL Price": 6.3,
    "COL ppu": "$0.53 per 1L",
    "COL Size": "8 pack"
  },
  {
    "Brand_Product_Size": "Birds Eye Frozen Fish Fillets With Lemon Crumb Oven Bake 6 pack 425g",
    "COL Price": 10,
    "COL ppu": "$23.53 per 1Kg",
    "COL Size": "425g"
  },
  {
    "Brand_Product_Size": "Coles Graze Lamb Leg Butterflied approx. 1.12kg",
    "COL Price": 28,
    "COL ppu": "$25.00 per 1Kg",
    "COL Size": "approx. 1.12kg"
  },
  {
    "Brand_Product_Size": "Bega Cream Cheese Spread Light 250g",
    "COL Price": 3.8,
    "COL ppu": "$15.20 per 1Kg",
    "COL Size": "250g"
  },
  {
    "Brand_Product_Size": "Dilmah Ginger & Peppermint Tea Bags 20 Pack 40g",
    "COL Price": 2,
    "COL ppu": "$0.10 per 1Ea",
    "COL Size": "40g"
  },
  {
    "Brand_Product_Size": "Dollar Sweets Extra Strong Peppermints 150g",
    "COL Price": 2.25,
    "COL ppu": "$1.50 per 100G",
    "COL Size": "150g"
  },
  {
    "Brand_Product_Size": "Dilmah Caffeine Free Rooibos Cinnamon, Turmeric, Ginger & Nutmeg Tea Bags 20 pack 40g",
    "COL Price": 2,
    "COL ppu": "$0.10 per 1Ea",
    "COL Size": "40g"
  },
  {
    "Brand_Product_Size": "Coles Metal Ruler With Cork Back 30Cm each",
    "COL Price": 4,
    "COL ppu": "$4.00 per 1Ea",
    "COL Size": "each"
  },
  {
    "Brand_Product_Size": "Herbert Adams Frozen Gourmet Chunky Sous Vide Beef In Rich Gravy Pies 2 pack 400g",
    "COL Price": 6.6,
    "COL ppu": "$1.65 per 100G",
    "COL Size": "400g"
  },
  {
    "Brand_Product_Size": "Coles Fresh Seafood Sydney Rock Oysters 12 pack",
    "COL Price": 15,
    "COL ppu": "$1.25 per 1Ea",
    "COL Size": "12 pack"
  },
  {
    "Brand_Product_Size": "Patties Frozen Party Sausage Rolls 12 pack 450g",
    "COL Price": 8.5,
    "COL ppu": "$1.89 per 100G",
    "COL Size": "450g"
  },
  {
    "Brand_Product_Size": "Medjool Dates Medjol Date 5kg Gift Box each",
    "COL Price": 55,
    "COL ppu": "$11.00 per 1Kg",
    "COL Size": "each"
  },
  {
    "Brand_Product_Size": "Happy Snack Company Dark Choc & Raspberry Roasted Chickpeas 5 pack 100g",
    "COL Price": 4.2,
    "COL ppu": "$4.20 per 100G",
    "COL Size": "100g"
  },
  {
    "Brand_Product_Size": "Coles Kitchen Sweet Potato Salad 250g",
    "COL Price": 3.5,
    "COL ppu": "$1.40 per 100G",
    "COL Size": "250g"
  },
  {
    "Brand_Product_Size": "Radiant Sensitive Top & Front Loader Laundry Powder 2kg",
    "COL Price": 9,
    "COL ppu": "$4.50 per 1Kg",
    "COL Size": "2kg"
  },
  {
    "Brand_Product_Size": "Coles Spring Breeze Iron Aid Trigger Pack 500mL",
    "COL Price": 3,
    "COL ppu": "$6.00 per 1L",
    "COL Size": "500mL"
  },
  {
    "Brand_Product_Size": "BSC Lemon Cashew Clean Bar 50g",
    "COL Price": 4,
    "COL ppu": "$0.80 per 10G",
    "COL Size": "50g"
  },
  {
    "Brand_Product_Size": "Coles Deli Style Chips Kebab 160g",
    "COL Price": 3,
    "COL ppu": "$1.88 per 100G",
    "COL Size": "160g"
  },
  {
    "Brand_Product_Size": "Slendier Rice Style Konjac 400g",
    "COL Price": 3.9,
    "COL ppu": "$0.98 per 100G",
    "COL Size": "400g"
  },
  {
    "Brand_Product_Size": "Cadbury Milk Chocolate Mini Rolls 5 pack 115g",
    "COL Price": 3.75,
    "COL ppu": "$3.26 per 100G",
    "COL Size": "115g"
  },
  {
    "Brand_Product_Size": "Coles Apricot & Almond Cheese 190g",
    "COL Price": 3,
    "COL ppu": "$15.79 per 1Kg",
    "COL Size": "190g"
  },
  {
    "Brand_Product_Size": "S-26 Gold Alula Formula Progress 900g",
    "COL Price": 23,
    "COL ppu": "$2.56 per 100G",
    "COL Size": "900g"
  },
  {
    "Brand_Product_Size": "U By Kotex Overnight Briefs 4 pack",
    "COL Price": 6,
    "COL ppu": "$1.50 per 1Ea",
    "COL Size": "4 pack"
  },
  {
    "Brand_Product_Size": "Coles Topless Pineapple each",
    "COL Price": 4.9,
    "COL ppu": "$4.90 per 1Ea",
    "COL Size": "each"
  },
  {
    "Brand_Product_Size": "SPC Apricot Less Sugar 4 pack",
    "COL Price": 3,
    "COL ppu": "$6.25 per 1Kg",
    "COL Size": "4 pack"
  },
  {
    "Brand_Product_Size": "Peters Drumstick Chocolate Mint Ice Cream Cones 4 pack 475mL",
    "COL Price": 5,
    "COL ppu": "$1.05 per 100mL",
    "COL Size": "475mL"
  },
  {
    "Brand_Product_Size": "La Zuppa Rustic Vegetable Soup Pouch 540g",
    "COL Price": 4.4,
    "COL ppu": "$0.81 per 100G",
    "COL Size": "540g"
  },
  {
    "Brand_Product_Size": "Farmers Union Regular Greek Yoghurt 4 pack 640g",
    "COL Price": 4.2,
    "COL ppu": "$0.66 per 100G",
    "COL Size": "640g"
  },
  {
    "Brand_Product_Size": "Cook & Dine White Plastic Cups 200ml 20 pack",
    "COL Price": 1.5,
    "COL ppu": "$0.08 per 1Ea",
    "COL Size": "20 pack"
  },
  {
    "Brand_Product_Size": "Coles LSA Mix 350g",
    "COL Price": 4,
    "COL ppu": "$11.43 per 1Kg",
    "COL Size": "350g"
  },
  {
    "Brand_Product_Size": "Carmans Goodness & Grains Cereal Flakes Almond & Coconut 375g",
    "COL Price": 5.6,
    "COL ppu": "$1.49 per 100G",
    "COL Size": "375g"
  },
  {
    "Brand_Product_Size": "Mission Original White Corn Tortilla Strips 230g",
    "COL Price": 3.1,
    "COL ppu": "$1.35 per 100G",
    "COL Size": "230g"
  },
  {
    "Brand_Product_Size": "Mount Zero Red Wine Vinegar 330mL",
    "COL Price": 13,
    "COL ppu": "$39.39 per 1L",
    "COL Size": "330mL"
  },
  {
    "Brand_Product_Size": "Coles Bake & Create Pink Heart Icing Decorations 16 piece",
    "COL Price": 3,
    "COL ppu": "$0.19 per 1Ea",
    "COL Size": "16 piece"
  },
  {
    "Brand_Product_Size": "Dose & Co. Dairy Free Creamer Vanilla 340g",
    "COL Price": 33,
    "COL ppu": "$9.71 per 100G",
    "COL Size": "340g"
  },
  {
    "Brand_Product_Size": "Coles 4 Leaf Salad Mix Prepacked 120g",
    "COL Price": 2,
    "COL ppu": "$16.67 per 1Kg",
    "COL Size": "120g"
  },
  {
    "Brand_Product_Size": "Decor Match Ups Basics Container Oblong Purple 375ml each",
    "COL Price": 3.5,
    "COL ppu": "$9.33 per 1ea",
    "COL Size": "each"
  },
  {
    "Brand_Product_Size": "Continental Spaghetti Bolognaise Recipe Base Serves 4 50g",
    "COL Price": 1.6,
    "COL ppu": "$3.20 per 100G",
    "COL Size": "50g"
  },
  {
    "Brand_Product_Size": "Coles Cinnamon Ground 41g",
    "COL Price": 1.9,
    "COL ppu": "$0.46 per 10G",
    "COL Size": "41g"
  },
  {
    "Brand_Product_Size": "Illy Classico Ground Coffee 250g",
    "COL Price": 15,
    "COL ppu": "$6.00 per 100G",
    "COL Size": "250g"
  },
  {
    "Brand_Product_Size": "Cleaver's Beef Porterhouse Steak Organic approx. 350g pack",
    "COL Price": 16.1,
    "COL ppu": "$46.00 per 1Kg",
    "COL Size": "approx. 350g pack"
  },
  {
    "Brand_Product_Size": "Skin Republic Charcoal Peel-Off Face Mask 3 each",
    "COL Price": 10,
    "COL ppu": "$3.33 per 1Ea",
    "COL Size": "3 each"
  },
  {
    "Brand_Product_Size": "Garnier Micellar Rose Water each",
    "COL Price": 7,
    "COL ppu": "$7.00 per 1Ea",
    "COL Size": "each"
  },
  {
    "Brand_Product_Size": "Coles Deli Fresh Squid approx. 250g each",
    "COL Price": 3.75,
    "COL ppu": "$15.00 per 1Kg",
    "COL Size": "approx. 250g each"
  },
  {
    "Brand_Product_Size": "Coles Urban Coffee Culture Intense Coffee Beans 1 kg",
    "COL Price": 12,
    "COL ppu": "$1.20 per 100G",
    "COL Size": "1 kg"
  },
  {
    "Brand_Product_Size": "Coles Kitchen Slow Cooked Beef Brisket Bourguignon 500g",
    "COL Price": 14,
    "COL ppu": "$2.80 per 100G",
    "COL Size": "500g"
  },
  {
    "Brand_Product_Size": "Tic Tac Orange Mints 24g",
    "COL Price": 1.5,
    "COL ppu": "$6.25 per 100G",
    "COL Size": "24g"
  },
  {
    "Brand_Product_Size": "Coles Fresh Chokoes - Loose each",
    "COL Price": 3.6,
    "COL ppu": "$12.00 per 1Kg",
    "COL Size": "each"
  },
  {
    "Brand_Product_Size": "Keep It Cleaner Fermented Vegetables Kimchi 400g",
    "COL Price": 10,
    "COL ppu": "$2.50 per 100G",
    "COL Size": "400g"
  },
  {
    "Brand_Product_Size": "Coles Protein Bar Dark Choc 190g",
    "COL Price": 3.5,
    "COL ppu": "$1.84 per 100G",
    "COL Size": "190g"
  },
  {
    "Brand_Product_Size": "Taste Traders Beef Rendang Crackers 150g",
    "COL Price": 2,
    "COL ppu": "$1.33 per 100G",
    "COL Size": "150g"
  },
  {
    "Brand_Product_Size": "Aqua Pura Fruit Splash Tropical 1L",
    "COL Price": 2.65,
    "COL ppu": "$2.65 per 1L",
    "COL Size": "1L"
  },
  {
    "Brand_Product_Size": "TIGI Bed Head Hair Cream After Party Treatment 100mL",
    "COL Price": 20,
    "COL ppu": "$20.00 per 100mL",
    "COL Size": "100mL"
  },
  {
    "Brand_Product_Size": "Latina Fresh Creamy Carbonara Pasta Sauce 425g",
    "COL Price": 6,
    "COL ppu": "$1.41 per 100G",
    "COL Size": "425g"
  },
  {
    "Brand_Product_Size": "Nexba Ice Tea Watermelon 1L",
    "COL Price": 3.15,
    "COL ppu": "$3.15 per 1L",
    "COL Size": "1L"
  },
  {
    "Brand_Product_Size": "Coles Deli Jumbo Greek Salad each",
    "COL Price": 11,
    "COL ppu": "$11.00 per 1Ea",
    "COL Size": "each"
  },
  {
    "Brand_Product_Size": "Tempo Mild Cheddar Cheese Block 250g",
    "COL Price": 6.05,
    "COL ppu": "$24.20 per 1Kg",
    "COL Size": "250g"
  },
  {
    "Brand_Product_Size": "Scentory Room Spray Luscious Petals Air Freshener 250mL",
    "COL Price": 7.5,
    "COL ppu": "$3.00 per 100mL",
    "COL Size": "250mL"
  },
  {
    "Brand_Product_Size": "Optimum Dog Food Chicken And Rice 6 pack",
    "COL Price": 8.75,
    "COL ppu": "$1.46 per 100G",
    "COL Size": "6 pack"
  },
  {
    "Brand_Product_Size": "Mars Chocolate Bar 2 Pack 72g",
    "COL Price": 1.5,
    "COL ppu": "$2.08 per 100G",
    "COL Size": "72g"
  },
  {
    "Brand_Product_Size": "Coles Hot Dog Rolls 6 pack",
    "COL Price": 2.5,
    "COL ppu": "$0.42 per 1Ea",
    "COL Size": "6 pack"
  },
  {
    "Brand_Product_Size": "Coles Platter Classic Grazing each",
    "COL Price": 25,
    "COL ppu": "$25.00 per 1Ea",
    "COL Size": "each"
  },
  {
    "Brand_Product_Size": "Rexona Clinical Protection Summer Strength Antiperspirant Roll On 50mL",
    "COL Price": 8,
    "COL ppu": "$16.00 per 100mL",
    "COL Size": "50mL"
  },
  {
    "Brand_Product_Size": "Coles Shortbreads 200g",
    "COL Price": 5,
    "COL ppu": "$2.50 per 100G",
    "COL Size": "200g"
  },
  {
    "Brand_Product_Size": "Coles Finest Chicken Tikka Masala 400g",
    "COL Price": 8.5,
    "COL ppu": "$2.13 per 100G",
    "COL Size": "400g"
  },
  {
    "Brand_Product_Size": "Nicabate Extra Fresh Mint Gum Quit Smoking 4mg 100 pack",
    "COL Price": 28,
    "COL ppu": "$0.28 per 1Ea",
    "COL Size": "100 pack"
  },
  {
    "Brand_Product_Size": "Morning Fresh Ultra Concentrate Botanicals Plum & Cherry Blossom Dishwashing Liquid 350mL",
    "COL Price": 4.3,
    "COL ppu": "$1.23 per 100mL",
    "COL Size": "350mL"
  },
  {
    "Brand_Product_Size": "Aptamil Gold 3 Formula Toddler 900g",
    "COL Price": 23,
    "COL ppu": "$2.56 per 100G",
    "COL Size": "900g"
  },
  {
    "Brand_Product_Size": "Natural Chip Co. Sea Salt & Cracked Pepper Potato Chips 175g",
    "COL Price": 3.5,
    "COL ppu": "$2.00 per 100G",
    "COL Size": "175g"
  },
  {
    "Brand_Product_Size": "Heidi Iced Spicy Gingerbread Pfeffernusse 200g",
    "COL Price": 3,
    "COL ppu": "$1.50 per 100G",
    "COL Size": "200g"
  },
  {
    "Brand_Product_Size": "Grinders Organic Mellow & Smooth Coffee Beans 1kg",
    "COL Price": 32,
    "COL ppu": "$32.00 per 1Kg",
    "COL Size": "1kg"
  },
  {
    "Brand_Product_Size": "Coles Finest Traditional Lavosh With Sea Salt 100g",
    "COL Price": 5,
    "COL ppu": "$5.00 per 100G",
    "COL Size": "100g"
  },
  {
    "Brand_Product_Size": "Coles Banana Crunch Mix 75g",
    "COL Price": 2,
    "COL ppu": "$26.67 per 1Kg",
    "COL Size": "75g"
  },
  {
    "Brand_Product_Size": "Botanica Moroccan Mint & Pink Grapefruit Candle each",
    "COL Price": 8.25,
    "COL ppu": "$8.25 per 1Ea",
    "COL Size": "each"
  },
  {
    "Brand_Product_Size": "Campbell's Country Ladle Soup With Bone Broth Moroccan Chicken & Chickpea 505g",
    "COL Price": 4,
    "COL ppu": "$0.79 per 100G",
    "COL Size": "505g"
  },
  {
    "Brand_Product_Size": "Patties Vegetarian Party Platter 800g",
    "COL Price": 14.25,
    "COL ppu": "$1.78 per 100G",
    "COL Size": "800g"
  },
  {
    "Brand_Product_Size": "Coles Ultimate Salted Caramel Fudge 473mL",
    "COL Price": 6,
    "COL ppu": "$1.27 per 100mL",
    "COL Size": "473mL"
  },
  {
    "Brand_Product_Size": "St Johns First Aid Kit 80 piece 1 pack",
    "COL Price": 20,
    "COL ppu": "$20.00 per 1Ea",
    "COL Size": "1 pack"
  },
  {
    "Brand_Product_Size": "Betty Crocker Salted Caramel Cookie Mix 400g",
    "COL Price": 5.2,
    "COL ppu": "$1.30 per 100G",
    "COL Size": "400g"
  },
  {
    "Brand_Product_Size": "Coles Conforming Bandage each",
    "COL Price": 3,
    "COL ppu": "$3.00 per 1Ea",
    "COL Size": "each"
  },
  {
    "Brand_Product_Size": "Sukin Blemish Control Oil Free Moisturiser 125mL",
    "COL Price": 16,
    "COL ppu": "$12.80 per 100mL",
    "COL Size": "125mL"
  },
  {
    "Brand_Product_Size": "Red Tractor Creamy Style Protein Porridge Oats 750g",
    "COL Price": 6,
    "COL ppu": "$0.80 per 100G",
    "COL Size": "750g"
  },
  {
    "Brand_Product_Size": "Mirabella Tube Straight Tri Phosphorous T8 36 watt 2 pack",
    "COL Price": 14,
    "COL ppu": "$7.00 per 1Ea",
    "COL Size": "2 pack"
  },
  {
    "Brand_Product_Size": "Ozi Choice Calcium + Vitamin C Strawberry Flavour Milky Bites 50 pack",
    "COL Price": 7,
    "COL ppu": "$14.00 per 100Ea",
    "COL Size": "50 pack"
  },
  {
    "Brand_Product_Size": "Lavazza Expresso Intensita 10 Ground Coffee 16 Capsules 16 pack",
    "COL Price": 11,
    "COL ppu": "$0.69 per 1Ea",
    "COL Size": "16 pack"
  },
  {
    "Brand_Product_Size": "Galaxy Caramel Chocolate Bar 48g",
    "COL Price": 3.3,
    "COL ppu": "$6.88 per 100G",
    "COL Size": "48g"
  },
  {
    "Brand_Product_Size": "Coles Vegan Dark Chocolate Orange 80g",
    "COL Price": 5,
    "COL ppu": "$6.25 per 100G",
    "COL Size": "80g"
  },
  {
    "Brand_Product_Size": "Coles Thin Brown Ponytailers 28 pack",
    "COL Price": 5.6,
    "COL ppu": "$0.20 per 1Ea",
    "COL Size": "28 pack"
  },
  {
    "Brand_Product_Size": "Arnott's Favourites Crackers Variety 15 pack 375g",
    "COL Price": 5,
    "COL ppu": "$1.33 per 100G",
    "COL Size": "375g"
  },
  {
    "Brand_Product_Size": "Connoisseur Mint With Cookies Gourmet Ice Cream Tub 1L",
    "COL Price": 7.5,
    "COL ppu": "$7.50 per 1L",
    "COL Size": "1L"
  },
  {
    "Brand_Product_Size": "Kellogg's LCMs Kaleidos Puffed Rice Snack Bars 6 pack 132g",
    "COL Price": 4,
    "COL ppu": "$3.03 per 100G",
    "COL Size": "132g"
  },
  {
    "Brand_Product_Size": "Oreo Chocolate Coated Biscuit 204g",
    "COL Price": 3.8,
    "COL ppu": "$1.86 per 100G",
    "COL Size": "204g"
  },
  {
    "Brand_Product_Size": "KOi Natural Alcohol Hand Sanitiser 50mL",
    "COL Price": 5,
    "COL ppu": "$10.00 per 100mL",
    "COL Size": "50mL"
  },
  {
    "Brand_Product_Size": "Yeo's Satay BBQ Sauce 250mL",
    "COL Price": 3.3,
    "COL ppu": "$1.32 per 100mL",
    "COL Size": "250mL"
  },
  {
    "Brand_Product_Size": "Dimes Mango Juice 1L",
    "COL Price": 2.5,
    "COL ppu": "$2.50 per 1L",
    "COL Size": "1L"
  },
  {
    "Brand_Product_Size": "Mirabella Pearl Globe Led Candle 5.5w Es each",
    "COL Price": 6.5,
    "COL ppu": "$6.50 per 1Ea",
    "COL Size": "each"
  },
  {
    "Brand_Product_Size": "Coles Wellness Road Organic Red Rice Noodles With Chia 225g",
    "COL Price": 3.75,
    "COL ppu": "$1.67 per 100G",
    "COL Size": "225g"
  },
  {
    "Brand_Product_Size": "Uncle Tobys Fruity Bites Wildberry Flavour Cereal 500g",
    "COL Price": 5.5,
    "COL ppu": "$1.10 per 100G",
    "COL Size": "500g"
  },
  {
    "Brand_Product_Size": "Mckenzie's Pepper & Lemon Grinder 300g",
    "COL Price": 7.5,
    "COL ppu": "$0.25 per 10G",
    "COL Size": "300g"
  },
  {
    "Brand_Product_Size": "Coles Bakery Stonebaked Mini Rye Pane Di Casa each",
    "COL Price": 2.85,
    "COL ppu": "$2.85 per 1Ea",
    "COL Size": "each"
  },
  {
    "Brand_Product_Size": "Carman's Pink Lady Apple & Blueberry 5 Grain & Seed Granola 450g",
    "COL Price": 6.9,
    "COL ppu": "$1.53 per 100G",
    "COL Size": "450g"
  },
  {
    "Brand_Product_Size": "Lifesavers Single Roll Fruit Tingles 34g",
    "COL Price": 1.1,
    "COL ppu": "$3.24 per 100G",
    "COL Size": "34g"
  },
  {
    "Brand_Product_Size": "Eureka Tea Tree Soluble Solution Water 200mL",
    "COL Price": 8.5,
    "COL ppu": "$4.25 per 100mL",
    "COL Size": "200mL"
  },
  {
    "Brand_Product_Size": "South Cape Mellow & Creamy Gouda Cheese Wedge 200g",
    "COL Price": 4.7,
    "COL ppu": "$23.50 per 1Kg",
    "COL Size": "200g"
  },
  {
    "Brand_Product_Size": "Bonjela Mouth Ulcer and Teething Gel 87mg/g Choline Salicylate 15g",
    "COL Price": 9.4,
    "COL ppu": "$62.67 per 100mL",
    "COL Size": "15g"
  },
  {
    "Brand_Product_Size": "Jindi Triple Cream Brie 180g",
    "COL Price": 7,
    "COL ppu": "$38.89 per 1Kg",
    "COL Size": "180g"
  },
  {
    "Brand_Product_Size": "Ambi Pur Air Freshener Aerosol Garden Fresh 275g",
    "COL Price": 7,
    "COL ppu": "$2.55 per 100G",
    "COL Size": "275g"
  },
  {
    "Brand_Product_Size": "Coles Organic Valencia Oranges Prepacked 2kg",
    "COL Price": 13,
    "COL ppu": "$6.50 per 1Kg",
    "COL Size": "2kg"
  },
  {
    "Brand_Product_Size": "Cook & Dine Purple Soup Mug each",
    "COL Price": 4,
    "COL ppu": "$4.00 per 1Ea",
    "COL Size": "each"
  },
  {
    "Brand_Product_Size": "Palmolive Naturals Liquid Hand Wash Antibacterial Lime 2 pack",
    "COL Price": 15.4,
    "COL ppu": "$0.77 per 100mL",
    "COL Size": "2 pack"
  },
  {
    "Brand_Product_Size": "Coles Anti-Bacterial Wipes for Normal Skin 15 pack",
    "COL Price": 1.4,
    "COL ppu": "$0.09 per 1Ea",
    "COL Size": "15 pack"
  },
  {
    "Brand_Product_Size": "Coles Fuji Apples approx. 180g each",
    "COL Price": 0.522,
    "COL ppu": "$2.90 per 1Kg",
    "COL Size": "approx. 180g each"
  },
  {
    "Brand_Product_Size": "Arnott's Orange Slice Biscuits 250g",
    "COL Price": 3,
    "COL ppu": "$1.20 per 100G",
    "COL Size": "250g"
  },
  {
    "Brand_Product_Size": "Coles Sour Cream & Onion Stacked Chips 160g",
    "COL Price": 1.75,
    "COL ppu": "$1.09 per 100G",
    "COL Size": "160g"
  },
  {
    "Brand_Product_Size": "Neutrogena T Gel Anti Dandruff  2 in 1 Shampoo 200mL",
    "COL Price": 6.3,
    "COL ppu": "$3.15 per 100mL",
    "COL Size": "200mL"
  },
  {
    "Brand_Product_Size": "Peckish Cheese Rice Crackers 100g",
    "COL Price": 2.2,
    "COL ppu": "$2.20 per 100G",
    "COL Size": "100g"
  },
  {
    "Brand_Product_Size": "Rafferty's Garden Apple Snack Bars 12+ Months 128g",
    "COL Price": 3.5,
    "COL ppu": "$2.73 per 100G",
    "COL Size": "128g"
  },
  {
    "Brand_Product_Size": "Rexona Men Antiperspirant Aerosol Advanced Extra Cool Deodorant 220mL",
    "COL Price": 7.5,
    "COL ppu": "$3.41 per 100mL",
    "COL Size": "220mL"
  },
  {
    "Brand_Product_Size": "The Juice Brothers Apple Mango Juice 1.5L",
    "COL Price": 6.9,
    "COL ppu": "$4.60 per 1L",
    "COL Size": "1.5L"
  },
  {
    "Brand_Product_Size": "Clairol Nice 'N Easy 106B Natural Dark Champagne Blonde Hair Colour 1 pack",
    "COL Price": 9,
    "COL ppu": "$9.00 per 1Ea",
    "COL Size": "1 pack"
  },
  {
    "Brand_Product_Size": "Palmer's Cocoa Butter Formula With Vitamin E Sunscreen Stick Lip Balm SPF15 4g",
    "COL Price": 4,
    "COL ppu": "$100.00 per 100G",
    "COL Size": "4g"
  },
  {
    "Brand_Product_Size": "Herbert Adams Frozen Mixed Vegetable Pasties 4 pack 700g",
    "COL Price": 7.95,
    "COL ppu": "$1.14 per 100G",
    "COL Size": "700g"
  },
  {
    "Brand_Product_Size": "Hans Gluten Free Polish 375g",
    "COL Price": 4.2,
    "COL ppu": "$1.12 per 100G",
    "COL Size": "375g"
  },
  {
    "Brand_Product_Size": "Daley Street Dark Roast Coffee Beans 200g",
    "COL Price": 4.5,
    "COL ppu": "$2.25 per 100G",
    "COL Size": "200g"
  },
  {
    "Brand_Product_Size": "MasterFoods Lemon Pepper Seasoning 170g",
    "COL Price": 4.9,
    "COL ppu": "$0.29 per 10G",
    "COL Size": "170g"
  },
  {
    "Brand_Product_Size": "Vege Deli Crisps Yellow Sweet Potato 100g",
    "COL Price": 2.75,
    "COL ppu": "$2.75 per 100G",
    "COL Size": "100g"
  },
  {
    "Brand_Product_Size": "Schmackos Marrowbones Dog Treats 737g",
    "COL Price": 6.8,
    "COL ppu": "$0.92 per 100G",
    "COL Size": "737g"
  },
  {
    "Brand_Product_Size": "Health Lab Peanut Butter Nut Butter Balls 40g",
    "COL Price": 3,
    "COL ppu": "$7.50 per 100G",
    "COL Size": "40g"
  },
  {
    "Brand_Product_Size": "Nivea Men All Purpose Cream Moisturiser for Face Body & Hands 150mL",
    "COL Price": 8,
    "COL ppu": "$5.33 per 100mL",
    "COL Size": "150mL"
  },
  {
    "Brand_Product_Size": "Coles Red Birdseye Chillies loose approx. 50g",
    "COL Price": 1.4,
    "COL ppu": "$28.00 per 1Kg",
    "COL Size": "approx. 50g"
  },
  {
    "Brand_Product_Size": "Smith's Crinkle Cut Chicken Potato Chips 170g",
    "COL Price": 3.5,
    "COL ppu": "$2.06 per 100G",
    "COL Size": "170g"
  },
  {
    "Brand_Product_Size": "Sanitarium Weet-Bix Protein Honey Breakfast Cereal 500g",
    "COL Price": 6,
    "COL ppu": "$1.20 per 100G",
    "COL Size": "500g"
  },
  {
    "Brand_Product_Size": "Veet Spawax Sugar Fig Refill 150g",
    "COL Price": 15,
    "COL ppu": "$10.00 per 100G",
    "COL Size": "150g"
  },
  {
    "Brand_Product_Size": "Tibaldi Ham Off The Bone 120g",
    "COL Price": 4.5,
    "COL ppu": "$37.50 per 1Kg",
    "COL Size": "120g"
  },
  {
    "Brand_Product_Size": "Restaurant Collection Grilled Lemon Thyme Split Chicken 800g",
    "COL Price": 17,
    "COL ppu": "$2.13 per 100G",
    "COL Size": "800g"
  },
  {
    "Brand_Product_Size": "Masterlock Padlock Brass Economy 2 pack",
    "COL Price": 10,
    "COL ppu": "$10.00 per 1ea",
    "COL Size": "2 pack"
  },
  {
    "Brand_Product_Size": "Tasti Smooshed Wholefood Balls Berry Cashew & Cacao 207g",
    "COL Price": 6.5,
    "COL ppu": "$3.14 per 100G",
    "COL Size": "207g"
  },
  {
    "Brand_Product_Size": "Moccona Caramel Flavor Infused Instant Coffee 95g",
    "COL Price": 9.95,
    "COL ppu": "$10.47 per 100G",
    "COL Size": "95g"
  },
  {
    "Brand_Product_Size": "Huggies Ultra-Dry Nappy Pants For Girls 15 Kg & Over Size 6 46 pack",
    "COL Price": 25,
    "COL ppu": "$0.54 per 1Ea",
    "COL Size": "46 pack"
  },
  {
    "Brand_Product_Size": "VO5 Frizz Free Cream 125mL",
    "COL Price": 6,
    "COL ppu": "$4.80 per 100mL",
    "COL Size": "125mL"
  },
  {
    "Brand_Product_Size": "Mirabella Globe LED Candle 5.5w Small Edison Screw Pearl each",
    "COL Price": 6.5,
    "COL ppu": "$6.50 per 1Ea",
    "COL Size": "each"
  },
  {
    "Brand_Product_Size": "Coles Corned Silverside approx. 1.5kg",
    "COL Price": 13.5,
    "COL ppu": "$9.00 per 1Kg",
    "COL Size": "approx. 1.5kg"
  },
  {
    "Brand_Product_Size": "Freedom Foods Messy Monkeys Chocolate Rice Puff Bars 6 pack 96g",
    "COL Price": 5.5,
    "COL ppu": "$5.73 per 100G",
    "COL Size": "96g"
  },
  {
    "Brand_Product_Size": "Able Foods Baked Beans Hot Chilli 200g",
    "COL Price": 2.5,
    "COL ppu": "$1.25 per 100G",
    "COL Size": "200g"
  },
  {
    "Brand_Product_Size": "Murray River Organics Tropical Muesli 400g",
    "COL Price": 7.5,
    "COL ppu": "$1.88 per 100G",
    "COL Size": "400g"
  },
  {
    "Brand_Product_Size": "Coles Cheese And Tomato Pizza 470g",
    "COL Price": 3.5,
    "COL ppu": "$0.74 per 100G",
    "COL Size": "470g"
  },
  {
    "Brand_Product_Size": "Boursin Herb & Garlic Cheese 80g",
    "COL Price": 7,
    "COL ppu": "$87.50 per 1Kg",
    "COL Size": "80g"
  },
  {
    "Brand_Product_Size": "Vitasoy Dairy Soy Light Calcium Plus 1L",
    "COL Price": 3.2,
    "COL ppu": "$3.20 per 1L",
    "COL Size": "1L"
  },
  {
    "Brand_Product_Size": "Imodium Zapid Tablets 1 pack",
    "COL Price": 11.2,
    "COL ppu": "$1.87 per 1Ea",
    "COL Size": "1 pack"
  },
  {
    "Brand_Product_Size": "Connoisseur Vanilla With Fresh Gourmet Ice Cream Sticks 4 pack 456mL",
    "COL Price": 8.6,
    "COL ppu": "$1.89 per 100mL",
    "COL Size": "456mL"
  },
  {
    "Brand_Product_Size": "Coles Vietnamese Inspired Chicken Pho Liquid Stock 1L",
    "COL Price": 3,
    "COL ppu": "$0.30 per 100mL",
    "COL Size": "1L"
  },
  {
    "Brand_Product_Size": "Nestle Kit Kat Large Funpack 306 gram",
    "COL Price": 5,
    "COL ppu": "",
    "COL Size": "306 gram"
  },
  {
    "Brand_Product_Size": "Pureharvest Organic Almond Coconut Quench 1L",
    "COL Price": 3.5,
    "COL ppu": "$3.50 per 1L",
    "COL Size": "1L"
  },
  {
    "Brand_Product_Size": "Hanabi Frozen Surimi Fish Balls 500g",
    "COL Price": 4,
    "COL ppu": "$0.80 per 100G",
    "COL Size": "500g"
  },
  {
    "Brand_Product_Size": "Coles Organic Red Kidney Beans 400g",
    "COL Price": 1.3,
    "COL ppu": "$3.25 per 1Kg",
    "COL Size": "400g"
  },
  {
    "Brand_Product_Size": "Coles Baby Rocket Lettuce Prepacked 120g",
    "COL Price": 3,
    "COL ppu": "$25.00 per 1Kg",
    "COL Size": "120g"
  },
  {
    "Brand_Product_Size": "Abe's Bagels Natural Bagels 4 Pack 360g",
    "COL Price": 5,
    "COL ppu": "$1.39 per 100G",
    "COL Size": "360g"
  },
  {
    "Brand_Product_Size": "Coles Free Range RSPCA Approved Chicken Breast Fillet Large approx. 1.25kg",
    "COL Price": 17.5,
    "COL ppu": "$14.00 per 1Kg",
    "COL Size": "approx. 1.25kg"
  },
  {
    "Brand_Product_Size": "Primo Diced Ham & Cookies Bites 45g",
    "COL Price": 4,
    "COL ppu": "$8.89 per 100G",
    "COL Size": "45g"
  },
  {
    "Brand_Product_Size": "Bonne Maman Orange Marmalade 370g",
    "COL Price": 5.2,
    "COL ppu": "$1.41 per 100G",
    "COL Size": "370g"
  },
  {
    "Brand_Product_Size": "Garnier Nutrisse 7.3 Honey Dip Permanent Hair Colour 1 pack",
    "COL Price": 7.5,
    "COL ppu": "$7.50 per 1Ea",
    "COL Size": "1 pack"
  },
  {
    "Brand_Product_Size": "Sunbites Snack Crackers Tomato Salsa 110g",
    "COL Price": 3,
    "COL ppu": "$2.73 per 100G",
    "COL Size": "110g"
  },
  {
    "Brand_Product_Size": "Peters Light & Creamy Choc Caramel & Vanilla Swirl Ice Cream Tub 1.8L",
    "COL Price": 5,
    "COL ppu": "$0.28 per 100mL",
    "COL Size": "1.8L"
  },
  {
    "Brand_Product_Size": "Tassal Tasmanian Smoked Salmon Pieces 200g",
    "COL Price": 7.5,
    "COL ppu": "$37.50 per 1Kg",
    "COL Size": "200g"
  },
  {
    "Brand_Product_Size": "Coles Organic Whole Egg Mayonnaise 445g",
    "COL Price": 5.5,
    "COL ppu": "$1.24 per 100G",
    "COL Size": "445g"
  },
  {
    "Brand_Product_Size": "Coles Dual Tip Markers 12 pack",
    "COL Price": 6.5,
    "COL ppu": "$0.54 per 1Ea",
    "COL Size": "12 pack"
  },
  {
    "Brand_Product_Size": "Sukin Natural Balance Scalp Scrub Tube 200mL",
    "COL Price": 21.95,
    "COL ppu": "$10.98 per 100mL",
    "COL Size": "200mL"
  },
  {
    "Brand_Product_Size": "Vitapet Jerhigh Chicken Sticks Dog Treats 400g",
    "COL Price": 16.5,
    "COL ppu": "$4.13 per 100G",
    "COL Size": "400g"
  },
  {
    "Brand_Product_Size": "L'Oreal Elvive Extraordinary Oil Conditioner 700mL",
    "COL Price": 10,
    "COL ppu": "$1.43 per 100mL",
    "COL Size": "700mL"
  },
  {
    "Brand_Product_Size": "Barker's Three Berry Jam 455g",
    "COL Price": 5,
    "COL ppu": "$1.10 per 100G",
    "COL Size": "455g"
  },
  {
    "Brand_Product_Size": "Veet For Men Hair Removal Cream 200mL",
    "COL Price": 11.5,
    "COL ppu": "$5.75 per 100G",
    "COL Size": "200mL"
  },
  {
    "Brand_Product_Size": "Our Pure Planet Hand Sanitiser 50mL",
    "COL Price": 2.5,
    "COL ppu": "$5.00 per 100mL",
    "COL Size": "50mL"
  },
  {
    "Brand_Product_Size": "Perfect Italiano Perfect Bakes Cheddar, Mozzarella & Parmesan Grated Cheese 450g",
    "COL Price": 6,
    "COL ppu": "$1.33 per 100G",
    "COL Size": "450g"
  },
  {
    "Brand_Product_Size": "Beerenberg Tomato Chutney 260g",
    "COL Price": 5.35,
    "COL ppu": "$2.06 per 100G",
    "COL Size": "260g"
  },
  {
    "Brand_Product_Size": "Cottons Natural Ultra Thin Long Liners 32 pack",
    "COL Price": 5.2,
    "COL ppu": "$0.16 per 1Ea",
    "COL Size": "32 pack"
  },
  {
    "Brand_Product_Size": "Campbell's V8 Tropical Juice 1.25L",
    "COL Price": 4.6,
    "COL ppu": "$3.68 per 1L",
    "COL Size": "1.25L"
  },
  {
    "Brand_Product_Size": "Voss Artesian Still Spring Water 800mL",
    "COL Price": 4.65,
    "COL ppu": "$5.81 per 1L",
    "COL Size": "800mL"
  },
  {
    "Brand_Product_Size": "Calbee Harvest Snaps Baked Pea Crisps Salt & Vinegar 93g",
    "COL Price": 2.5,
    "COL ppu": "$2.69 per 100G",
    "COL Size": "93g"
  },
  {
    "Brand_Product_Size": "Blackmores Superkids Multi Gummies 60 pack",
    "COL Price": 10.05,
    "COL ppu": "$16.75 per 100Ea",
    "COL Size": "60 pack"
  },
  {
    "Brand_Product_Size": "Arnott's Shortbread Cream Biscuits Tiramisu 250g",
    "COL Price": 3,
    "COL ppu": "$1.20 per 100G",
    "COL Size": "250g"
  },
  {
    "Brand_Product_Size": "Queen Victoria Green Tea 100 pack",
    "COL Price": 10,
    "COL ppu": "$0.10 per 1Ea",
    "COL Size": "100 pack"
  },
  {
    "Brand_Product_Size": "NRG Lithium Batteries 2025 4 pack",
    "COL Price": 10,
    "COL ppu": "$2.50 per 1Ea",
    "COL Size": "4 pack"
  },
  {
    "Brand_Product_Size": "Mighty Bellies Brown Rice Cocoa Flavour Crispy 6 Bars 120g",
    "COL Price": 6,
    "COL ppu": "$5.00 per 100G",
    "COL Size": "120g"
  },
  {
    "Brand_Product_Size": "Table Of Plenty Kefir Lactose Free 1kg",
    "COL Price": 6,
    "COL ppu": "$0.60 per 100G",
    "COL Size": "1kg"
  },
  {
    "Brand_Product_Size": "Lee Kum Kee Seasoned Soy Sauce 207mL",
    "COL Price": 3.3,
    "COL ppu": "$1.59 per 100mL",
    "COL Size": "207mL"
  },
  {
    "Brand_Product_Size": "Cedel Light Dry Shampoo 387mL",
    "COL Price": 10,
    "COL ppu": "$2.58 per 100mL",
    "COL Size": "387mL"
  },
  {
    "Brand_Product_Size": "Nature Valley Crunchy Oats & Honey 6 Twin Bars 252g",
    "COL Price": 5.5,
    "COL ppu": "$2.18 per 100G",
    "COL Size": "252g"
  },
  {
    "Brand_Product_Size": "Coles Soft White Sandwich 700g",
    "COL Price": 1.75,
    "COL ppu": "$0.25 per 100G",
    "COL Size": "700g"
  },
  {
    "Brand_Product_Size": "Coles Original Corn Chips 200g",
    "COL Price": 1.9,
    "COL ppu": "$0.95 per 100G",
    "COL Size": "200g"
  },
  {
    "Brand_Product_Size": "Philadelphia Sweet Chilli Philly Pourover Dip 250g",
    "COL Price": 4.3,
    "COL ppu": "$1.72 per 100G",
    "COL Size": "250g"
  },
  {
    "Brand_Product_Size": "McVitie's Original Digestive Biscuits 400g",
    "COL Price": 3.95,
    "COL ppu": "$0.99 per 100G",
    "COL Size": "400g"
  },
  {
    "Brand_Product_Size": "Gourmet Garden Lightly Dried Ginger 12g",
    "COL Price": 3.5,
    "COL ppu": "$2.92 per 10G",
    "COL Size": "12g"
  },
  {
    "Brand_Product_Size": "Lindt Excellence 70% Cocoa Block Plus Orange & Almonds 100g",
    "COL Price": 3.5,
    "COL ppu": "$3.50 per 100G",
    "COL Size": "100g"
  },
  {
    "Brand_Product_Size": "Restaurant Collection Grilled Spanish Style Meatballs With Aioli 770g",
    "COL Price": 17.5,
    "COL ppu": "$2.27 per 100G",
    "COL Size": "770g"
  },
  {
    "Brand_Product_Size": "Nivea Lip Care Limited Edition 4.8g",
    "COL Price": 4,
    "COL ppu": "$83.33 per 100G",
    "COL Size": "4.8g"
  },
  {
    "Brand_Product_Size": "Nescafe Blend 43 Instant Coffee 250g",
    "COL Price": 10.75,
    "COL ppu": "$4.30 per 100G",
    "COL Size": "250g"
  },
  {
    "Brand_Product_Size": "Provedore Mild Chorizo Salami 100g",
    "COL Price": 6,
    "COL ppu": "$6.00 per 100G",
    "COL Size": "100g"
  },
  {
    "Brand_Product_Size": "Evian Natural Mineral Water 1.25L",
    "COL Price": 3.7,
    "COL ppu": "$2.96 per 1L",
    "COL Size": "1.25L"
  },
  {
    "Brand_Product_Size": "MasterFoods Honey Mustard Chicken Simmer Sauce 505g",
    "COL Price": 3.7,
    "COL ppu": "$0.73 per 100G",
    "COL Size": "505g"
  },
  {
    "Brand_Product_Size": "Twinings Infusions Live Well Sleep Well 18 pack",
    "COL Price": 6.5,
    "COL ppu": "$0.36 per 1Ea",
    "COL Size": "18 pack"
  },
  {
    "Brand_Product_Size": "Wellness Road Australian Brown Flaxseed Meal 500g",
    "COL Price": 4,
    "COL ppu": "$0.80 per 100G",
    "COL Size": "500g"
  },
  {
    "Brand_Product_Size": "Purity Concentrate Laundry Liquid 2L",
    "COL Price": 4.8,
    "COL ppu": "$2.40 per 1L",
    "COL Size": "2L"
  },
  {
    "Brand_Product_Size": "My Dog With Gourmet Beef And Roast Vegetable Flavour Dry Dog Food 1.5kg",
    "COL Price": 11,
    "COL ppu": "$0.73 per 100G",
    "COL Size": "1.5kg"
  },
  {
    "Brand_Product_Size": "McCain Pumpkin Mushroom Risotto Healthy Choicebowl 280g",
    "COL Price": 4,
    "COL ppu": "$1.43 per 100G",
    "COL Size": "280g"
  },
  {
    "Brand_Product_Size": "Schweppes Brown Cream Soda 1.1L",
    "COL Price": 2.15,
    "COL ppu": "$1.95 per 1L",
    "COL Size": "1.1L"
  },
  {
    "Brand_Product_Size": "Macleans Little Teeth Kids Toothpaste 4-6 Years 63g",
    "COL Price": 2,
    "COL ppu": "$3.17 per 100G",
    "COL Size": "63g"
  },
  {
    "Brand_Product_Size": "Botanica Fresh Pineapple & Tunisian Rosemary Fragrance Refills 38mL",
    "COL Price": 12.5,
    "COL ppu": "$32.89 per 100mL",
    "COL Size": "38mL"
  },
  {
    "Brand_Product_Size": "CUB Super Soft Nursing Pads 40 pack",
    "COL Price": 5.3,
    "COL ppu": "$0.13 per 1Ea",
    "COL Size": "40 pack"
  },
  {
    "Brand_Product_Size": "John West Zesty Lemon & Italian Herbs Deli Tuna 90g",
    "COL Price": 2.7,
    "COL ppu": "$30.00 per 1Kg",
    "COL Size": "90g"
  },
  {
    "Brand_Product_Size": "Sard Colour Run Remover For Colours 150mL",
    "COL Price": 3.5,
    "COL ppu": "$23.33 per 1L",
    "COL Size": "150mL"
  },
  {
    "Brand_Product_Size": "Hercules Twinzip Storage Bags Large 27cm x 33cm 15 pack",
    "COL Price": 2.3,
    "COL ppu": "$0.15 per 1Ea",
    "COL Size": "15 pack"
  },
  {
    "Brand_Product_Size": "Laoganma Chilli Oil Black Bean 210g",
    "COL Price": 3,
    "COL ppu": "$1.43 per 100G",
    "COL Size": "210g"
  },
  {
    "Brand_Product_Size": "Luv A Duck Peking Duck Pancake Kit 560g",
    "COL Price": 14.5,
    "COL ppu": "$2.59 per 100G",
    "COL Size": "560g"
  },
  {
    "Brand_Product_Size": "Connoisseur Tasmanian Strawberries With Cream Gourmet Ice Cream Sticks 4 Pack 455mL",
    "COL Price": 8.6,
    "COL ppu": "$1.89 per 100mL",
    "COL Size": "455mL"
  },
  {
    "Brand_Product_Size": "Coles Pork Shoulder Roast Boneless approx. 1.940kg",
    "COL Price": 14.55,
    "COL ppu": "$7.50 per 1Kg",
    "COL Size": "approx. 1.940kg"
  },
  {
    "Brand_Product_Size": "Coles Gourmet Tomatoes Prepacked 6 pack",
    "COL Price": 4.5,
    "COL ppu": "$10.00 per 1Kg",
    "COL Size": "6 pack"
  },
  {
    "Brand_Product_Size": "Coles Kitchen Beef Ravioli With Mushroom Sauce 350g",
    "COL Price": 6.5,
    "COL ppu": "$1.86 per 100G",
    "COL Size": "350g"
  },
  {
    "Brand_Product_Size": "Bin Buddy Citrus Kitchen Bin Freshener each",
    "COL Price": 7.95,
    "COL ppu": "$7.95 per 1Ea",
    "COL Size": "each"
  },
  {
    "Brand_Product_Size": "Schweppes Raspberry Flavoured Drink 1.1L",
    "COL Price": 2.15,
    "COL ppu": "$1.95 per 1L",
    "COL Size": "1.1L"
  },
  {
    "Brand_Product_Size": "Coles Corn Flakes 475g",
    "COL Price": 1.7,
    "COL ppu": "$0.36 per 100G",
    "COL Size": "475g"
  },
  {
    "Brand_Product_Size": "Sanitarium Weet-Bix Blends Apple & Cinnamon Breakfast Cereal 450g",
    "COL Price": 5.3,
    "COL ppu": "$1.18 per 100G",
    "COL Size": "450g"
  },
  {
    "Brand_Product_Size": "Harris Smooth Coffee Beans 1kg",
    "COL Price": 20,
    "COL ppu": "$2.00 per 100G",
    "COL Size": "1kg"
  },
  {
    "Brand_Product_Size": "Chobani Fit X Banana Peanut Punch Yoghurt 140g",
    "COL Price": 3.5,
    "COL ppu": "$2.50 per 100G",
    "COL Size": "140g"
  },
  {
    "Brand_Product_Size": "Coles Deli Fresh Salmon Side approx. 1.5kg",
    "COL Price": 44.25,
    "COL ppu": "$29.50 per 1Kg",
    "COL Size": "approx. 1.5kg"
  },
  {
    "Brand_Product_Size": "Glad Rectangular Roasting Tray 1 pack",
    "COL Price": 4,
    "COL ppu": "$4.00 per 1Ea",
    "COL Size": "1 pack"
  },
  {
    "Brand_Product_Size": "Coles Chai Latte 10 Sachets 250g",
    "COL Price": 3.25,
    "COL ppu": "$1.30 per 100G",
    "COL Size": "250g"
  },
  {
    "Brand_Product_Size": "Soda Stream Gas Cylinder 1pack",
    "COL Price": 35,
    "COL ppu": "$35.00 per 1Ea",
    "COL Size": "1pack"
  },
  {
    "Brand_Product_Size": "Covergirl Advanced Radiance Creamy Natural 110 Pressed Powder 13.1mL",
    "COL Price": 20,
    "COL ppu": "$152.67 per 100mL",
    "COL Size": "13.1mL"
  },
  {
    "Brand_Product_Size": "Kroon Maasdam Dutch Cheese Block 200g",
    "COL Price": 5.5,
    "COL ppu": "$2.75 per 100G",
    "COL Size": "200g"
  },
  {
    "Brand_Product_Size": "Aerogard Repellent For Kids Roll On 50mL",
    "COL Price": 8.5,
    "COL ppu": "$17.00 per 100mL",
    "COL Size": "50mL"
  },
  {
    "Brand_Product_Size": "Hart & Soul Gluten Free All Natural Beef Pho Noodle Soup 155g",
    "COL Price": 4,
    "COL ppu": "$2.58 per 100G",
    "COL Size": "155g"
  },
  {
    "Brand_Product_Size": "Helga's Barley Seed Grain Loaf 700g",
    "COL Price": 4.2,
    "COL ppu": "$0.60 per 100G",
    "COL Size": "700g"
  },
  {
    "Brand_Product_Size": "Kellogg's Crispix Honey Pillows Breakfast Cereal 460g",
    "COL Price": 5.5,
    "COL ppu": "$1.20 per 100G",
    "COL Size": "460g"
  },
  {
    "Brand_Product_Size": "Skin Republic Hyaluronic Acid + Collagen Face Mask Sheet 1 pack",
    "COL Price": 8,
    "COL ppu": "$8.00 per 1Ea",
    "COL Size": "1 pack"
  },
  {
    "Brand_Product_Size": "Coles Vintage Cheddar Cheese Slices 12 Pack 250g",
    "COL Price": 4.4,
    "COL ppu": "$17.60 per 1Kg",
    "COL Size": "250g"
  },
  {
    "Brand_Product_Size": "Hellmann's Real Mayonnaise 400g",
    "COL Price": 6.2,
    "COL ppu": "$1.55 per 100G",
    "COL Size": "400g"
  },
  {
    "Brand_Product_Size": "Aunt Betty's Plum Pudding Caramel Steamy Puds 2 Pack 220g",
    "COL Price": 4,
    "COL ppu": "$1.82 per 100G",
    "COL Size": "220g"
  },
  {
    "Brand_Product_Size": "Nature's Gift Just Natural Meal Time Kangaroo Rice & Vegetables Canned Dog Food 700g",
    "COL Price": 2,
    "COL ppu": "$0.29 per 100G",
    "COL Size": "700g"
  },
  {
    "Brand_Product_Size": "Bundaberg Burgundee Creaming Soda Multipack Bottles 375mL 4 pack",
    "COL Price": 6.35,
    "COL ppu": "$4.23 per 1L",
    "COL Size": "4 pack"
  },
  {
    "Brand_Product_Size": "Myaura Rose Vanilla & Jasmine Organics Deodorant 65g",
    "COL Price": 9,
    "COL ppu": "$13.85 per 100G",
    "COL Size": "65g"
  },
  {
    "Brand_Product_Size": "Damla Assorted Soft Candy With Fruit 300g",
    "COL Price": 3,
    "COL ppu": "$1.00 per 100G",
    "COL Size": "300g"
  },
  {
    "Brand_Product_Size": "Liquid Paper Dryline Imini Correction Tape 3 pack",
    "COL Price": 7,
    "COL ppu": "$2.33 per 1Ea",
    "COL Size": "3 pack"
  },
  {
    "Brand_Product_Size": "Old El Paso Spice Mix For Soft Tacos Mild 35g",
    "COL Price": 2,
    "COL ppu": "$0.57 per 10G",
    "COL Size": "35g"
  },
  {
    "Brand_Product_Size": "Coles Insect Repellent Odourless Low Irritant 150g",
    "COL Price": 4,
    "COL ppu": "$2.67 per 100G",
    "COL Size": "150g"
  },
  {
    "Brand_Product_Size": "Schick Hydro Silk Disposables Razor 2 pack",
    "COL Price": 3.5,
    "COL ppu": "$1.75 per 1Ea",
    "COL Size": "2 pack"
  },
  {
    "Brand_Product_Size": "Heinz Tomato Ketchup 500mL",
    "COL Price": 2.5,
    "COL ppu": "$0.50 per 100mL",
    "COL Size": "500mL"
  },
  {
    "Brand_Product_Size": "Perfect Italiano Grated Cheese Perfect Pizza 250g",
    "COL Price": 4.25,
    "COL ppu": "$17.00 per 1Kg",
    "COL Size": "250g"
  },
  {
    "Brand_Product_Size": "John West Wild Caught Skinless & Boneless Smoked Salmon Slices 125g",
    "COL Price": 3,
    "COL ppu": "$24.00 per 1Kg",
    "COL Size": "125g"
  },
  {
    "Brand_Product_Size": "Coles Bakery Stone Baked White Sourdough Vienna each",
    "COL Price": 4,
    "COL ppu": "$4.00 per 1Ea",
    "COL Size": "each"
  },
  {
    "Brand_Product_Size": "Ajax Eco Multipurpose Wipes Vanilla & Berries 110 pack",
    "COL Price": 10,
    "COL ppu": "$9.09 per 100Ea",
    "COL Size": "110 pack"
  },
  {
    "Brand_Product_Size": "All Natural Bakery Fruit And Nut Oat Slices 100g",
    "COL Price": 2.15,
    "COL ppu": "$2.15 per 100G",
    "COL Size": "100g"
  },
  {
    "Brand_Product_Size": "Always Fresh Asparagus Springwater 340g",
    "COL Price": 4.65,
    "COL ppu": "$13.68 per 1Kg",
    "COL Size": "340g"
  },
  {
    "Brand_Product_Size": "Coles Beef Ribs approx. 650g",
    "COL Price": 8.775,
    "COL ppu": "$13.50 per 1Kg",
    "COL Size": "approx. 650g"
  },
  {
    "Brand_Product_Size": "Inghams Chicken Loaf approx. 125g",
    "COL Price": 1.75,
    "COL ppu": "$14.00 per 1Kg",
    "COL Size": "approx. 125g"
  },
  {
    "Brand_Product_Size": "Taylors of Harrogate Yorkshire Black Tea Bags 100 pack 220g",
    "COL Price": 4.5,
    "COL ppu": "$0.05 per 1Ea",
    "COL Size": "220g"
  },
  {
    "Brand_Product_Size": "Kellogg's LCMs Dino Puffed Rice Breakfast Cereal Bars 6 pack 132g",
    "COL Price": 4,
    "COL ppu": "$3.03 per 100G",
    "COL Size": "132g"
  },
  {
    "Brand_Product_Size": "Cub Milk Powder Container each",
    "COL Price": 5,
    "COL ppu": "$5.00 per 1Ea",
    "COL Size": "each"
  },
  {
    "Brand_Product_Size": "Simply Wize Gluten Free Crusty Bread 330g",
    "COL Price": 5,
    "COL ppu": "$1.52 per 100G",
    "COL Size": "330g"
  },
  {
    "Brand_Product_Size": "Coles Tuna  With Tomato & Basil 95g",
    "COL Price": 0.9,
    "COL ppu": "$9.47 per 1Kg",
    "COL Size": "95g"
  },
  {
    "Brand_Product_Size": "Queen Colour Gel Navy 15g",
    "COL Price": 2.5,
    "COL ppu": "$16.67 per 100G",
    "COL Size": "15g"
  },
  {
    "Brand_Product_Size": "Kinneret Farm Date Syrup 350g",
    "COL Price": 6.9,
    "COL ppu": "$1.97 per 100G",
    "COL Size": "350g"
  },
  {
    "Brand_Product_Size": "Cook & Dine Preserving Jar 250mL each",
    "COL Price": 2.5,
    "COL ppu": "$2.50 per 1Ea",
    "COL Size": "each"
  },
  {
    "Brand_Product_Size": "Health Lab Almond Nut Butter Balls 3x40g 120g",
    "COL Price": 8,
    "COL ppu": "$6.67 per 100G",
    "COL Size": "120g"
  },
  {
    "Brand_Product_Size": "Wicked Sister Rice Pudding 500g",
    "COL Price": 4.5,
    "COL ppu": "$0.90 per 100G",
    "COL Size": "500g"
  },
  {
    "Brand_Product_Size": "Energizer USB-C Cable 2.0 Steel 1.2M Silver 1 pack",
    "COL Price": 30,
    "COL ppu": "$30.00 per 1Ea",
    "COL Size": "1 pack"
  },
  {
    "Brand_Product_Size": "Dare Mocha Iced Coffee 500mL",
    "COL Price": 2.6,
    "COL ppu": "$5.20 per 1L",
    "COL Size": "500mL"
  },
  {
    "Brand_Product_Size": "Toshiba USB 3.0 BE03 16GB each",
    "COL Price": 12.8,
    "COL ppu": "$12.80 per 1Ea",
    "COL Size": "each"
  },
  {
    "Brand_Product_Size": "Cadbury Dairy Milk Rocky Road Chocolate Block 180g",
    "COL Price": 5,
    "COL ppu": "$2.78 per 100G",
    "COL Size": "180g"
  },
  {
    "Brand_Product_Size": "Maybelline Instant Age Rewind Eraser Dark Circles Light 6mL",
    "COL Price": 10,
    "COL ppu": "$16.67 per 10mL",
    "COL Size": "6mL"
  },
  {
    "Brand_Product_Size": "Berocca Energy Vitamin Mango & Orange 45 Effervescent Tablets 1 pack",
    "COL Price": 21.45,
    "COL ppu": "$21.45 per 1Ea",
    "COL Size": "1 pack"
  },
  {
    "Brand_Product_Size": "Halo Top Oat Milk Peanut Butr Choc Overload 473mL",
    "COL Price": 9,
    "COL ppu": "$1.90 per 100mL",
    "COL Size": "473mL"
  },
  {
    "Brand_Product_Size": "Combat Ant Rid Gel Baits 4 pack",
    "COL Price": 12,
    "COL ppu": "$3.00 per 1Ea",
    "COL Size": "4 pack"
  },
  {
    "Brand_Product_Size": "Radox Muscle Soak Bath Salts 500g",
    "COL Price": 6.5,
    "COL ppu": "$1.30 per 100G",
    "COL Size": "500g"
  },
  {
    "Brand_Product_Size": "Coles Kitchen Thai Green Chicken Curry With Rice 350g",
    "COL Price": 6.5,
    "COL ppu": "$1.86 per 100G",
    "COL Size": "350g"
  },
  {
    "Brand_Product_Size": "Schweppes Agrum Blood Orange Mixers 1.1L",
    "COL Price": 2.15,
    "COL ppu": "$1.95 per 1L",
    "COL Size": "1.1L"
  },
  {
    "Brand_Product_Size": "Carmex Squeeze Tube Lip Balm 10g",
    "COL Price": 5,
    "COL ppu": "$50.00 per 100G",
    "COL Size": "10g"
  },
  {
    "Brand_Product_Size": "Norganic Golden Soya Mayonnaise 475mL",
    "COL Price": 5.95,
    "COL ppu": "$1.25 per 100mL",
    "COL Size": "475mL"
  },
  {
    "Brand_Product_Size": "Laxettes Laxatives 24 pack",
    "COL Price": 4.4,
    "COL ppu": "$0.18 per 1Ea",
    "COL Size": "24 pack"
  },
  {
    "Brand_Product_Size": "Tommee Tippee Super Soft Comforter 6m-12m 2 pack",
    "COL Price": 5,
    "COL ppu": "$2.50 per 1Ea",
    "COL Size": "2 pack"
  },
  {
    "Brand_Product_Size": "Vaalia Probiotics Banana Kids Yoghurt Pouch 140g",
    "COL Price": 1.7,
    "COL ppu": "$1.21 per 100G",
    "COL Size": "140g"
  },
  {
    "Brand_Product_Size": "Coles Baby Cucumbers Prepacked 250g",
    "COL Price": 4.5,
    "COL ppu": "$18.00 per 1Kg",
    "COL Size": "250g"
  },
  {
    "Brand_Product_Size": "Coles Smoked Salmon 150g",
    "COL Price": 7.5,
    "COL ppu": "$50.00 per 1Kg",
    "COL Size": "150g"
  },
  {
    "Brand_Product_Size": "Voost Isotonic Tablets:Lemon Lime 10 each",
    "COL Price": 10,
    "COL ppu": "$1.00 per 1Ea",
    "COL Size": "10 each"
  },
  {
    "Brand_Product_Size": "Leggo's Creamy Tomato & Mozarella Pasta Bake Sauce 500g",
    "COL Price": 3,
    "COL ppu": "$0.60 per 100G",
    "COL Size": "500g"
  },
  {
    "Brand_Product_Size": "Bulla Murray St Caramelised Peanut Brittle Ice Cream Tub 460mL",
    "COL Price": 6,
    "COL ppu": "$1.30 per 100mL",
    "COL Size": "460mL"
  },
  {
    "Brand_Product_Size": "Steggles Frozen Sweet Chilli Chicken Fingers 400g",
    "COL Price": 8.5,
    "COL ppu": "$21.25 per 1Kg",
    "COL Size": "400g"
  },
  {
    "Brand_Product_Size": "Vileda Wettex Cloth Sponge 3 pack",
    "COL Price": 4,
    "COL ppu": "$1.33 per 1Ea",
    "COL Size": "3 pack"
  },
  {
    "Brand_Product_Size": "Ostelin Infant Vitamin D3 Drops 2.4mL 1 pack",
    "COL Price": 8.5,
    "COL ppu": "$354.17 per 100mL",
    "COL Size": "1 pack"
  },
  {
    "Brand_Product_Size": "Blackmores Total Calcium + Magnesium Tablets 125 pack",
    "COL Price": 23,
    "COL ppu": "$18.40 per 100Ea",
    "COL Size": "125 pack"
  },
  {
    "Brand_Product_Size": "Bega Simply Nuts Rustic Grind Peanut Butter 325g",
    "COL Price": 4,
    "COL ppu": "$1.23 per 100G",
    "COL Size": "325g"
  },
  {
    "Brand_Product_Size": "Sunlight Laundry Soap Bar 500g",
    "COL Price": 4,
    "COL ppu": "$8.00 per 1Kg",
    "COL Size": "500g"
  },
  {
    "Brand_Product_Size": "KB Thawed Seafood Msc Wa Rock Lobster each",
    "COL Price": 22,
    "COL ppu": "$22.00 per 1Ea",
    "COL Size": "each"
  },
  {
    "Brand_Product_Size": "Noshu 98% Sugar Free Choc Chip Cookies Mix 300g",
    "COL Price": 7.5,
    "COL ppu": "$2.50 per 100G",
    "COL Size": "300g"
  },
  {
    "Brand_Product_Size": "Continental Cup A Soup Tomato Soup Serves 4 80g",
    "COL Price": 2,
    "COL ppu": "$2.50 per 100G",
    "COL Size": "80g"
  },
  {
    "Brand_Product_Size": "Golden Wok Frozen Chicken Mini Dim Sim 660g",
    "COL Price": 10,
    "COL ppu": "$1.52 per 100G",
    "COL Size": "660g"
  },
  {
    "Brand_Product_Size": "Coles Hot Chocolate Sachets 200g",
    "COL Price": 3.25,
    "COL ppu": "$1.63 per 100G",
    "COL Size": "200g"
  },
  {
    "Brand_Product_Size": "Coles Gouda Cheese Slices 200g",
    "COL Price": 3.7,
    "COL ppu": "$18.50 per 1Kg",
    "COL Size": "200g"
  },
  {
    "Brand_Product_Size": "Oral-B Power Vitality Plus Cross Action 1 pack",
    "COL Price": 22.5,
    "COL ppu": "$22.50 per 1Ea",
    "COL Size": "1 pack"
  },
  {
    "Brand_Product_Size": "Gaviscon Dual Action Liquid Sachets 12 pack",
    "COL Price": 8,
    "COL ppu": "$0.67 per 1Ea",
    "COL Size": "12 pack"
  },
  {
    "Brand_Product_Size": "Carman's Nutty Delights Health Snacks Sticky Date & Caramel 160g",
    "COL Price": 6,
    "COL ppu": "$3.75 per 100G",
    "COL Size": "160g"
  },
  {
    "Brand_Product_Size": "Munchme Almond Blueberry 120g",
    "COL Price": 4.4,
    "COL ppu": "$3.67 per 100G",
    "COL Size": "120g"
  },
  {
    "Brand_Product_Size": "I&J Lemon Crumb Fish Fillets 1kg",
    "COL Price": 11,
    "COL ppu": "$11.00 per 1Kg",
    "COL Size": "1kg"
  },
  {
    "Brand_Product_Size": "Coles Deli Express Bresaola 80g",
    "COL Price": 6,
    "COL ppu": "$7.50 per 100G",
    "COL Size": "80g"
  },
  {
    "Brand_Product_Size": "I Love Cookies Cookie Choc Chip Single Big 50g",
    "COL Price": 2,
    "COL ppu": "$4.00 per 100G",
    "COL Size": "50g"
  },
  {
    "Brand_Product_Size": "The Natural Confectionary Co. Fruit Salad Lollies 240g",
    "COL Price": 2,
    "COL ppu": "$0.83 per 100G",
    "COL Size": "240g"
  },
  {
    "Brand_Product_Size": "Coles Organic Bolognese Pasta Sauce 500g",
    "COL Price": 2.6,
    "COL ppu": "$0.52 per 100G",
    "COL Size": "500g"
  },
  {
    "Brand_Product_Size": "Friskies Kitten Discoveries Cat Food 1kg",
    "COL Price": 3.9,
    "COL ppu": "$0.39 per 100G",
    "COL Size": "1kg"
  },
  {
    "Brand_Product_Size": "Coles Finest Chicken & Pancetta Carbonara Linguine 400g",
    "COL Price": 8.5,
    "COL ppu": "$2.13 per 100G",
    "COL Size": "400g"
  },
  {
    "Brand_Product_Size": "Little Bellies Apple & Cinnamon Baby Puffs 12g",
    "COL Price": 1.7,
    "COL ppu": "$14.17 per 100G",
    "COL Size": "12g"
  },
  {
    "Brand_Product_Size": "Coles Bakery Continental By Laurent Ciabatta Loaf each",
    "COL Price": 3.5,
    "COL ppu": "$3.50 per 1Ea",
    "COL Size": "each"
  },
  {
    "Brand_Product_Size": "Rocco's Classic Kransky each",
    "COL Price": 2.3,
    "COL ppu": "$2.30 per 1Ea",
    "COL Size": "each"
  },
  {
    "Brand_Product_Size": "Oak Chocolate Peanut Butter Flavoured Milk 600mL",
    "COL Price": 2,
    "COL ppu": "$3.33 per 1L",
    "COL Size": "600mL"
  },
  {
    "Brand_Product_Size": "Tom's North Woods Men's Antiperspirant 64g",
    "COL Price": 11,
    "COL ppu": "$17.19 per 100G",
    "COL Size": "64g"
  },
  {
    "Brand_Product_Size": "Cook & Dine Food Containers 750mL 5 pack",
    "COL Price": 2,
    "COL ppu": "$0.40 per 1Ea",
    "COL Size": "5 pack"
  },
  {
    "Brand_Product_Size": "Coles Finest British Cavern Aged Cheddar approx .100g",
    "COL Price": 5,
    "COL ppu": "$50.00 per 1Kg",
    "COL Size": "approx .100g"
  },
  {
    "Brand_Product_Size": "Bic Mega Lighter each",
    "COL Price": 7,
    "COL ppu": "$7.00 per 1Ea",
    "COL Size": "each"
  },
  {
    "Brand_Product_Size": "Aptamil Gold+ Colic & Constipation Baby Infant Formula From Birth to 12 Months 900g",
    "COL Price": 28,
    "COL ppu": "$3.11 per 100G",
    "COL Size": "900g"
  },
  {
    "Brand_Product_Size": "Codral Relief Cold & Flu Capsules 16 pack",
    "COL Price": 15.4,
    "COL ppu": "$0.96 per 1Ea",
    "COL Size": "16 pack"
  },
  {
    "Brand_Product_Size": "York Foods Lard 250g",
    "COL Price": 4.5,
    "COL ppu": "$1.80 per 100G",
    "COL Size": "250g"
  },
  {
    "Brand_Product_Size": "Swisse High Strength Australian Apple Cider Vinegar 60 pack",
    "COL Price": 17,
    "COL ppu": "",
    "COL Size": "60 pack"
  },
  {
    "Brand_Product_Size": "Cadbury Large Sharepack Freddo Mix 234 gram",
    "COL Price": 5,
    "COL ppu": "",
    "COL Size": "234 gram"
  },
  {
    "Brand_Product_Size": "Cadbury Favourites 373g",
    "COL Price": 7,
    "COL ppu": "$1.88 per 100G",
    "COL Size": "373g"
  },
  {
    "Brand_Product_Size": "Golden Circle Apple 50% Less Sugar 2L",
    "COL Price": 3.3,
    "COL ppu": "$1.65 per 1L",
    "COL Size": "2L"
  },
  {
    "Brand_Product_Size": "Bonds No Show Footlets Black size 4-7 1 pack",
    "COL Price": 4,
    "COL ppu": "$4.00 per 1Ea",
    "COL Size": "1 pack"
  },
  {
    "Brand_Product_Size": "Butterfingers Macadamia Shortbread 175g",
    "COL Price": 3.9,
    "COL ppu": "$2.23 per 100G",
    "COL Size": "175g"
  },
  {
    "Brand_Product_Size": "Amy's Kitchen Organic Lentil Soup 411g",
    "COL Price": 3.9,
    "COL ppu": "$0.95 per 100G",
    "COL Size": "411g"
  },
  {
    "Brand_Product_Size": "Revlon Colorstay Makeup For Normal/Dry Skin Sand Beige Foundation 30mL",
    "COL Price": 35,
    "COL ppu": "$11.67 per 10mL",
    "COL Size": "30mL"
  },
  {
    "Brand_Product_Size": "Air Wick Pure Cherry Blossom Fragrance Infused With Essential Oil 19mL 1 pack",
    "COL Price": 11,
    "COL ppu": "$11.00 per 1Ea",
    "COL Size": "1 pack"
  },
  {
    "Brand_Product_Size": "Australia's Own Skim Milk 2L",
    "COL Price": 2.4,
    "COL ppu": "$1.20 per 1L",
    "COL Size": "2L"
  },
  {
    "Brand_Product_Size": "Veet Face Precision Wax Strips Sensitive Skin 20 pack",
    "COL Price": 9,
    "COL ppu": "$0.45 per 1Ea",
    "COL Size": "20 pack"
  },
  {
    "Brand_Product_Size": "Queen Fabulous Flamingo Sprinkles 110g",
    "COL Price": 4,
    "COL ppu": "$3.64 per 100G",
    "COL Size": "110g"
  },
  {
    "Brand_Product_Size": "NUK Mickey Soother 6-18m 2 pack",
    "COL Price": 9.1,
    "COL ppu": "$4.55 per 1Ea",
    "COL Size": "2 pack"
  },
  {
    "Brand_Product_Size": "Gillette Fusion Hydra Shaving Gel Sensitive Skin 195g",
    "COL Price": 7.5,
    "COL ppu": "$3.85 per 100G",
    "COL Size": "195g"
  },
  {
    "Brand_Product_Size": "Streets Bubble O Bill 1L",
    "COL Price": 6,
    "COL ppu": "$0.60 per 100mL",
    "COL Size": "1L"
  },
  {
    "Brand_Product_Size": "Carman's Super Berry Muesli 875g",
    "COL Price": 8,
    "COL ppu": "$0.91 per 100G",
    "COL Size": "875g"
  },
  {
    "Brand_Product_Size": "Coles Italian Parmigiano Reggiano Cheese 250g",
    "COL Price": 10,
    "COL ppu": "$40.00 per 1Kg",
    "COL Size": "250g"
  },
  {
    "Brand_Product_Size": "Creative Gourmet Frozen Organic Acai Puree 400g",
    "COL Price": 8,
    "COL ppu": "$20.00 per 1Kg",
    "COL Size": "400g"
  },
  {
    "Brand_Product_Size": "Clairol Nice 'N Easy Root Touch-Up 5 Medium Brown Hair Colour 1 pack",
    "COL Price": 7.8,
    "COL ppu": "$7.80 per 1Ea",
    "COL Size": "1 pack"
  },
  {
    "Brand_Product_Size": "Coles Easy Tie Top Garbage Bags 20 pack",
    "COL Price": 2.2,
    "COL ppu": "$0.11 per 1Ea",
    "COL Size": "20 pack"
  },
  {
    "Brand_Product_Size": "Coon Tasty Cheese Slices 12 pack 250g",
    "COL Price": 6,
    "COL ppu": "$24.00 per 1Kg",
    "COL Size": "250g"
  },
  {
    "Brand_Product_Size": "Beyblades Starter Pack each",
    "COL Price": 18,
    "COL ppu": "$18.00 per 1Ea",
    "COL Size": "each"
  },
  {
    "Brand_Product_Size": "Golden Circle Apple Blackcurrant Fruit Drink Multipack 250mL 6 pack",
    "COL Price": 4.5,
    "COL ppu": "$0.75 per 1Ea",
    "COL Size": "6 pack"
  },
  {
    "Brand_Product_Size": "Coles Lime Soft Drink 1.25L",
    "COL Price": 1,
    "COL ppu": "$0.80 per 1L",
    "COL Size": "1.25L"
  },
  {
    "Brand_Product_Size": "Fodmapped Gluten Free Minestrone Soup 500g",
    "COL Price": 8,
    "COL ppu": "$1.60 per 100G",
    "COL Size": "500g"
  },
  {
    "Brand_Product_Size": "Buono Boru Boru Thai Tea Non-Dairy Dessert 473g",
    "COL Price": 8,
    "COL ppu": "$1.69 per 100G",
    "COL Size": "473g"
  },
  {
    "Brand_Product_Size": "Duracell Ultra AA Batteries 20 pack",
    "COL Price": 29.9,
    "COL ppu": "$1.50 per 1Ea",
    "COL Size": "20 pack"
  },
  {
    "Brand_Product_Size": "Four Farms Garden Peas 1kg",
    "COL Price": 3.5,
    "COL ppu": "$3.50 per 1Kg",
    "COL Size": "1kg"
  },
  {
    "Brand_Product_Size": "Coles Baby Cos Lettuce 2 pack",
    "COL Price": 4,
    "COL ppu": "$2.00 per 1Ea",
    "COL Size": "2 pack"
  },
  {
    "Brand_Product_Size": "Bega Stringers Original Cheese 12 Pack 240g",
    "COL Price": 5.8,
    "COL ppu": "$2.42 per 100G",
    "COL Size": "240g"
  },
  {
    "Brand_Product_Size": "Pantene Daily Moisture Renewal Conditioner 900mL",
    "COL Price": 17,
    "COL ppu": "$1.89 per 100mL",
    "COL Size": "900mL"
  },
  {
    "Brand_Product_Size": "Carman's Cranberry & Blueberry Oat Slice 210g",
    "COL Price": 6,
    "COL ppu": "$2.86 per 100G",
    "COL Size": "210g"
  },
  {
    "Brand_Product_Size": "Betty Crocker Salted Caramel Flavoured Frosting 400g",
    "COL Price": 4,
    "COL ppu": "$1.00 per 100G",
    "COL Size": "400g"
  },
  {
    "Brand_Product_Size": "Multix Recycled Garbage Bags 80CM X 70CM 12 pack",
    "COL Price": 3.65,
    "COL ppu": "$0.30 per 1Ea",
    "COL Size": "12 pack"
  },
  {
    "Brand_Product_Size": "John West Peeled & Prepared Garlic & Herb Marinade Prawns 270g",
    "COL Price": 12,
    "COL ppu": "$44.44 per 1Kg",
    "COL Size": "270g"
  },
  {
    "Brand_Product_Size": "MasterFoods Wholegrain Mustard 175g",
    "COL Price": 2.5,
    "COL ppu": "$1.43 per 100G",
    "COL Size": "175g"
  },
  {
    "Brand_Product_Size": "Maggi Cup Malaysian Laksa Fusian Soupy Noodle 61g",
    "COL Price": 1.8,
    "COL ppu": "$2.95 per 100G",
    "COL Size": "61g"
  },
  {
    "Brand_Product_Size": "Coles Finest Sourdough Pane Di Casa With Sesame 1 pack",
    "COL Price": 6,
    "COL ppu": "$6.00 per 1Ea",
    "COL Size": "1 pack"
  },
  {
    "Brand_Product_Size": "Coles Strawberry Jelly Cups 4 Pack 500g",
    "COL Price": 2.2,
    "COL ppu": "$0.44 per 100G",
    "COL Size": "500g"
  },
  {
    "Brand_Product_Size": "Libra Invisible Pads Regular Wing 12 pack",
    "COL Price": 4.5,
    "COL ppu": "$0.38 per 1Ea",
    "COL Size": "12 pack"
  },
  {
    "Brand_Product_Size": "Golden Circle Apple Tropical Punch Sparkling Multipack Juice Can 250mL 4 pack",
    "COL Price": 6.4,
    "COL ppu": "$6.40 per 1L",
    "COL Size": "4 pack"
  },
  {
    "Brand_Product_Size": "MasterFoods Onion Powder 40g",
    "COL Price": 2.95,
    "COL ppu": "$0.74 per 10G",
    "COL Size": "40g"
  },
  {
    "Brand_Product_Size": "Heinz Tangy Crunchy Sandwich Spread 300g",
    "COL Price": 6.1,
    "COL ppu": "$2.03 per 100G",
    "COL Size": "300g"
  },
  {
    "Brand_Product_Size": "I&J Raw Prawns Extra Large Tail On 500g",
    "COL Price": 22,
    "COL ppu": "$4.40 per 100G",
    "COL Size": "500g"
  },
  {
    "Brand_Product_Size": "Cleaver's Beef Rump Steak Free Range Organic approx. 400g pack",
    "COL Price": 14.8,
    "COL ppu": "$37.00 per 1Kg",
    "COL Size": "approx. 400g pack"
  },
  {
    "Brand_Product_Size": "Coles Finest French 18 Month Aged Comte approx. 100g",
    "COL Price": 6.65,
    "COL ppu": "$66.50 per 1Kg",
    "COL Size": "approx. 100g"
  },
  {
    "Brand_Product_Size": "Leggo's Tomato Squeezy Paste 400g",
    "COL Price": 3.4,
    "COL ppu": "$0.85 per 100G",
    "COL Size": "400g"
  },
  {
    "Brand_Product_Size": "Capilano Low Gi 100% Australian Honey 250g",
    "COL Price": 6,
    "COL ppu": "$2.40 per 100G",
    "COL Size": "250g"
  },
  {
    "Brand_Product_Size": "Nestle Chokito Chocolate Bites 110g",
    "COL Price": 3.5,
    "COL ppu": "$3.18 per 100G",
    "COL Size": "110g"
  },
  {
    "Brand_Product_Size": "Nescafe Gold Smooth Mild Ground Coffee 180g",
    "COL Price": 11.5,
    "COL ppu": "$6.39 per 100G",
    "COL Size": "180g"
  },
  {
    "Brand_Product_Size": "Smith's Original Thinly Cut Potato Chips 175g",
    "COL Price": 2,
    "COL ppu": "$1.14 per 100G",
    "COL Size": "175g"
  },
  {
    "Brand_Product_Size": "Skittles Wildberry 190g",
    "COL Price": 3,
    "COL ppu": "$1.58 per 100G",
    "COL Size": "190g"
  },
  {
    "Brand_Product_Size": "MasterFoods Garlic & Herb Salt 62g",
    "COL Price": 2.3,
    "COL ppu": "$0.37 per 10G",
    "COL Size": "62g"
  },
  {
    "Brand_Product_Size": "V2 Plant Based Mince 250g",
    "COL Price": 5,
    "COL ppu": "$2.00 per 100G",
    "COL Size": "250g"
  },
  {
    "Brand_Product_Size": "Nutty Bruce Organic Coconut Milk 1L",
    "COL Price": 5.5,
    "COL ppu": "$5.50 per 1L",
    "COL Size": "1L"
  },
  {
    "Brand_Product_Size": "Nescafe Gold Cappuccino Original Coffee Sachets Medium 8 pack 123g",
    "COL Price": 6.3,
    "COL ppu": "$5.12 per 100G",
    "COL Size": "123g"
  },
  {
    "Brand_Product_Size": "Poise Thin & Discreet Pad Regular 16 each",
    "COL Price": 6,
    "COL ppu": "",
    "COL Size": "16 each"
  },
  {
    "Brand_Product_Size": "Coles Seafood Cocktail Adult Cat Food 400g",
    "COL Price": 0.85,
    "COL ppu": "$0.21 per 100G",
    "COL Size": "400g"
  },
  {
    "Brand_Product_Size": "Swisse Ultiboost High Strength Organic Tumeric 30 pack",
    "COL Price": 25,
    "COL ppu": "",
    "COL Size": "30 pack"
  },
  {
    "Brand_Product_Size": "Sam's Frozen Pierogi Potato & Onion Pasta 800g",
    "COL Price": 14,
    "COL ppu": "$1.75 per 100G",
    "COL Size": "800g"
  },
  {
    "Brand_Product_Size": "Coles I'm Perfect Apples Prepacked 2kg",
    "COL Price": 7.5,
    "COL ppu": "$3.75 per 1Kg",
    "COL Size": "2kg"
  },
  {
    "Brand_Product_Size": "Nurofen Gel 100g",
    "COL Price": 19,
    "COL ppu": "$19.00 per 100G",
    "COL Size": "100g"
  },
  {
    "Brand_Product_Size": "Metamucil Orange Smooth Daily Fibre Supplement 30 pack",
    "COL Price": 10,
    "COL ppu": "$0.33 per 1Ea",
    "COL Size": "30 pack"
  },
  {
    "Brand_Product_Size": "Yarra Valley Fresh Goats Cheese 120g",
    "COL Price": 7.4,
    "COL ppu": "$61.67 per 1Kg",
    "COL Size": "120g"
  },
  {
    "Brand_Product_Size": "Dairy Farmers Full Cream Milk 1L",
    "COL Price": 2.25,
    "COL ppu": "$2.25 per 1L",
    "COL Size": "1L"
  },
  {
    "Brand_Product_Size": "Vegemite Spread 560g",
    "COL Price": 8.35,
    "COL ppu": "$1.49 per 100G",
    "COL Size": "560g"
  },
  {
    "Brand_Product_Size": "Vitasoy Chocolate Soy Milk 1L",
    "COL Price": 3,
    "COL ppu": "$3.00 per 1L",
    "COL Size": "1L"
  },
  {
    "Brand_Product_Size": "Oreo Creme Biscuits Family Pack Original 370g",
    "COL Price": 3.5,
    "COL ppu": "$0.95 per 100G",
    "COL Size": "370g"
  },
  {
    "Brand_Product_Size": "Coles Mixed Kalamata & Green Olives With Garlic and Herbs 350g",
    "COL Price": 3.5,
    "COL ppu": "$10.00 per 1Kg",
    "COL Size": "350g"
  },
  {
    "Brand_Product_Size": "Mr Chen's Pork & Chive Dumplings 700g",
    "COL Price": 15,
    "COL ppu": "$2.14 per 100G",
    "COL Size": "700g"
  },
  {
    "Brand_Product_Size": "Nexba Watermelon Raspberry Apple Cider Vinegar 330mL",
    "COL Price": 4,
    "COL ppu": "$12.12 per 1L",
    "COL Size": "330mL"
  },
  {
    "Brand_Product_Size": "Grants Of Australia Mild Mint With Aloe Vera Natural Toothpaste 110g",
    "COL Price": 3,
    "COL ppu": "$2.73 per 100G",
    "COL Size": "110g"
  },
  {
    "Brand_Product_Size": "Blue Ribbon Classic Chocolate Ice Cream Tub 2L",
    "COL Price": 4.9,
    "COL ppu": "$0.25 per 100mL",
    "COL Size": "2L"
  },
  {
    "Brand_Product_Size": "Sanitarium So Good Almond Vanilla Long Life Milk 1L",
    "COL Price": 2.9,
    "COL ppu": "$2.90 per 1L",
    "COL Size": "1L"
  },
  {
    "Brand_Product_Size": "Food For Health Almond Apple & Maple Gf Porridge 240g",
    "COL Price": 8,
    "COL ppu": "$3.33 per 100G",
    "COL Size": "240g"
  },
  {
    "Brand_Product_Size": "Snowdonia Black Bomber 150g",
    "COL Price": 8.5,
    "COL ppu": "$56.67 per 1Kg",
    "COL Size": "150g"
  },
  {
    "Brand_Product_Size": "Coles Large Grapefruit Ruby Red approx. 375g each",
    "COL Price": 1.8375,
    "COL ppu": "$4.90 per 1Kg",
    "COL Size": "approx. 375g each"
  },
  {
    "Brand_Product_Size": "OB Finest Quince Fruit Paste 100g",
    "COL Price": 5,
    "COL ppu": "$5.00 per 100G",
    "COL Size": "100g"
  },
  {
    "Brand_Product_Size": "Helga's Traditional Wholemeal Large Wraps 8 pack 560g",
    "COL Price": 4,
    "COL ppu": "$0.71 per 100G",
    "COL Size": "560g"
  },
  {
    "Brand_Product_Size": "Fairy Dishwashing Tablets 20 pack",
    "COL Price": 12,
    "COL ppu": "$0.60 per 1Ea",
    "COL Size": "20 pack"
  },
  {
    "Brand_Product_Size": "Smith's Crinkle Cut BBQ Potato Chips 170g",
    "COL Price": 3.5,
    "COL ppu": "$2.06 per 100G",
    "COL Size": "170g"
  },
  {
    "Brand_Product_Size": "Dettol Instant Hand Sanitiser Clip 50mL",
    "COL Price": 4,
    "COL ppu": "$8.00 per 100mL",
    "COL Size": "50mL"
  },
  {
    "Brand_Product_Size": "Coles Gold Sweet Potatoes approx. 350g each",
    "COL Price": 0.875,
    "COL ppu": "$2.50 per 1Kg",
    "COL Size": "approx. 350g each"
  },
  {
    "Brand_Product_Size": "Coles Beef Instant Noodles 5 Pack 425g",
    "COL Price": 1,
    "COL ppu": "$0.24 per 100G",
    "COL Size": "425g"
  },
  {
    "Brand_Product_Size": "Cenovis Cranberry 30000Mg 30 Capsules 1 pack",
    "COL Price": 18,
    "COL ppu": "$18.00 per 1Ea",
    "COL Size": "1 pack"
  },
  {
    "Brand_Product_Size": "Coles Kitchen Macaroni Cheese 350g",
    "COL Price": 7.5,
    "COL ppu": "$2.14 per 100G",
    "COL Size": "350g"
  },
  {
    "Brand_Product_Size": "Coles Soft Multi Ponytailers 28 pack",
    "COL Price": 4.5,
    "COL ppu": "$0.16 per 1Ea",
    "COL Size": "28 pack"
  },
  {
    "Brand_Product_Size": "Coles Finest Dark Almond Belgian Block 100g",
    "COL Price": 2.5,
    "COL ppu": "$2.50 per 100G",
    "COL Size": "100g"
  },
  {
    "Brand_Product_Size": "Keep It Cleaner Bliss Balls Choc Hazelnut 40g",
    "COL Price": 2.5,
    "COL ppu": "$6.25 per 100G",
    "COL Size": "40g"
  },
  {
    "Brand_Product_Size": "Farm Pride Frozen Egg Whites 950mL",
    "COL Price": 10,
    "COL ppu": "$1.05 per 100mL",
    "COL Size": "950mL"
  },
  {
    "Brand_Product_Size": "Faber-Castell Connector Pens 10 pack",
    "COL Price": 5,
    "COL ppu": "$0.50 per 1Ea",
    "COL Size": "10 pack"
  },
  {
    "Brand_Product_Size": "Cadbury Favourites Dark 352g",
    "COL Price": 7,
    "COL ppu": "$1.99 per 100G",
    "COL Size": "352g"
  },
  {
    "Brand_Product_Size": "Remedy Kombucha Passionfruit 330mL",
    "COL Price": 3,
    "COL ppu": "$9.09 per 1L",
    "COL Size": "330mL"
  },
  {
    "Brand_Product_Size": "Dilmah Exceptional Italian Almond Tea 20 pack",
    "COL Price": 2,
    "COL ppu": "$0.10 per 1Ea",
    "COL Size": "20 pack"
  },
  {
    "Brand_Product_Size": "Coles Deli Jarlsberg Original Cheese approx. 100g",
    "COL Price": 2.275,
    "COL ppu": "$22.75 per 1Kg",
    "COL Size": "approx. 100g"
  },
  {
    "Brand_Product_Size": "McCain Frozen Crispy & Golden Beer Batter Wedges 750g",
    "COL Price": 4.3,
    "COL ppu": "$0.57 per 100G",
    "COL Size": "750g"
  },
  {
    "Brand_Product_Size": "Coles Mini Jam Donuts 6 pack",
    "COL Price": 2.5,
    "COL ppu": "$0.42 per 1Ea",
    "COL Size": "6 pack"
  },
  {
    "Brand_Product_Size": "Coles Classic Beef Burgers 500g",
    "COL Price": 7.5,
    "COL ppu": "$15.00 per 1Kg",
    "COL Size": "500g"
  },
  {
    "Brand_Product_Size": "H2coco Pure+ Prebiotic Coconut Water 750mL",
    "COL Price": 5.15,
    "COL ppu": "$6.87 per 1L",
    "COL Size": "750mL"
  },
  {
    "Brand_Product_Size": "Earth Choice Window Cleaner Trigger Pack 600mL",
    "COL Price": 3.15,
    "COL ppu": "$0.53 per 100mL",
    "COL Size": "600mL"
  },
  {
    "Brand_Product_Size": "L'Oreal Men Hydra Energetic Face Scrub 100mL",
    "COL Price": 7.46,
    "COL ppu": "$7.46 per 100mL",
    "COL Size": "100mL"
  },
  {
    "Brand_Product_Size": "Wellness Road Australian White Quinoa 300g",
    "COL Price": 5.5,
    "COL ppu": "$1.83 per 100G",
    "COL Size": "300g"
  },
  {
    "Brand_Product_Size": "Difflam Sore Throat Spray 30mL",
    "COL Price": 15,
    "COL ppu": "$50.00 per 100mL",
    "COL Size": "30mL"
  },
  {
    "Brand_Product_Size": "Wellness Road Sunflower Kernels 500g",
    "COL Price": 3.5,
    "COL ppu": "$0.70 per 100G",
    "COL Size": "500g"
  },
  {
    "Brand_Product_Size": "Coles Mum's Sause Tomato & Basil 500g",
    "COL Price": 3,
    "COL ppu": "$0.60 per 100G",
    "COL Size": "500g"
  },
  {
    "Brand_Product_Size": "Coles Whole Black Peppercorn Grinder 50g",
    "COL Price": 2.95,
    "COL ppu": "$0.59 per 10G",
    "COL Size": "50g"
  },
  {
    "Brand_Product_Size": "Coles Bakery Chocolate Cream Filled Profiteroles 12 pack",
    "COL Price": 4.5,
    "COL ppu": "$0.38 per 1Ea",
    "COL Size": "12 pack"
  },
  {
    "Brand_Product_Size": "Old El Paso Spice Mix For Burritos Mild 40g",
    "COL Price": 2,
    "COL ppu": "$5.00 per 100G",
    "COL Size": "40g"
  },
  {
    "Brand_Product_Size": "Campbell's V8 Low Sodium Vegetable Juice 1.25L",
    "COL Price": 4.6,
    "COL ppu": "$3.68 per 1L",
    "COL Size": "1.25L"
  },
  {
    "Brand_Product_Size": "Pureharvest Organic Apple Juice Bottle 1L",
    "COL Price": 4,
    "COL ppu": "$4.00 per 1L",
    "COL Size": "1L"
  },
  {
    "Brand_Product_Size": "Coles Deli Hans Red Wine & Garlic Salami approx. 125g each",
    "COL Price": 4,
    "COL ppu": "$32.00 per 1Kg",
    "COL Size": "approx. 125g each"
  },
  {
    "Brand_Product_Size": "Hoyts Garlic Powder 25g",
    "COL Price": 1.3,
    "COL ppu": "$0.52 per 10G",
    "COL Size": "25g"
  },
  {
    "Brand_Product_Size": "Coles Cold & Flu Pain Relief + Pe Decongesrant Capsules 20 pack",
    "COL Price": 10,
    "COL ppu": "$0.50 per 1Ea",
    "COL Size": "20 pack"
  },
  {
    "Brand_Product_Size": "Pringles Minis Chicken Multipack Crisps 95g",
    "COL Price": 3.2,
    "COL ppu": "$3.37 per 100G",
    "COL Size": "95g"
  },
  {
    "Brand_Product_Size": "Irn Bru Sparkling Soft Drink Can 330mL",
    "COL Price": 1.95,
    "COL ppu": "$0.59 per 100mL",
    "COL Size": "330mL"
  },
  {
    "Brand_Product_Size": "Australias Own Organic Almond Unsweetened Protein Plus Milk 1L",
    "COL Price": 2.6,
    "COL ppu": "$2.60 per 1L",
    "COL Size": "1L"
  },
  {
    "Brand_Product_Size": "Leggo's Bolognese with Chunky Tomato Garlic & Herbs Pasta Sauce 500g",
    "COL Price": 3.3,
    "COL ppu": "$0.66 per 100G",
    "COL Size": "500g"
  },
  {
    "Brand_Product_Size": "Coles Deli Express Kabana 220g",
    "COL Price": 4.2,
    "COL ppu": "$1.91 per 100G",
    "COL Size": "220g"
  },
  {
    "Brand_Product_Size": "Coles Half Savoy Cabbage each",
    "COL Price": 3.5,
    "COL ppu": "$3.50 per 1Ea",
    "COL Size": "each"
  },
  {
    "Brand_Product_Size": "Vanish Preen Pre Wash Oxyaction Stain Remover 375mL",
    "COL Price": 5,
    "COL ppu": "$13.33 per 1L",
    "COL Size": "375mL"
  },
  {
    "Brand_Product_Size": "Sam's Frozen Pelmeni Cheese & Spinach Dumplings 800g",
    "COL Price": 14,
    "COL ppu": "$1.75 per 100G",
    "COL Size": "800g"
  },
  {
    "Brand_Product_Size": "Elastoplast Aqua Protect Plasters 40 pack",
    "COL Price": 5,
    "COL ppu": "$0.13 per 1Ea",
    "COL Size": "40 pack"
  },
  {
    "Brand_Product_Size": "Nature's Gift Just Natural Casserole Kangaroo & Vegetable Dog Food 700g",
    "COL Price": 2,
    "COL ppu": "$0.29 per 100G",
    "COL Size": "700g"
  },
  {
    "Brand_Product_Size": "Thins Chicken Potato Chips 175g",
    "COL Price": 3.5,
    "COL ppu": "$2.00 per 100G",
    "COL Size": "175g"
  },
  {
    "Brand_Product_Size": "Farmers Market Adult Dry Dog Food Beef With Farm Vegetables 2.7kg",
    "COL Price": 19,
    "COL ppu": "$0.70 per 100G",
    "COL Size": "2.7kg"
  },
  {
    "Brand_Product_Size": "Red Bull Zero Energy Drink Single Can 250mL",
    "COL Price": 3,
    "COL ppu": "$12.00 per 1L",
    "COL Size": "250mL"
  },
  {
    "Brand_Product_Size": "Coles Trail Mix 400g",
    "COL Price": 5,
    "COL ppu": "$12.50 per 1Kg",
    "COL Size": "400g"
  },
  {
    "Brand_Product_Size": "OB Finest Entertaining Pack 310g",
    "COL Price": 10.5,
    "COL ppu": "$3.39 per 100G",
    "COL Size": "310g"
  },
  {
    "Brand_Product_Size": "Botanica Vanilla & Himalayan Magnolia Liquid Electric Prime 19mL",
    "COL Price": 12.5,
    "COL ppu": "$65.79 per 100mL",
    "COL Size": "19mL"
  },
  {
    "Brand_Product_Size": "Scrub Daddy Original each",
    "COL Price": 4,
    "COL ppu": "$4.00 per 1Ea",
    "COL Size": "each"
  },
  {
    "Brand_Product_Size": "Twinings Earl Grey Tea Bags 50 pack 100g",
    "COL Price": 7,
    "COL ppu": "$7.00 per 100G",
    "COL Size": "100g"
  },
  {
    "Brand_Product_Size": "Queen Sugar Free Maple Flavoured Syrup Apple & Cinnamon 355mL",
    "COL Price": 4.2,
    "COL ppu": "$1.18 per 100mL",
    "COL Size": "355mL"
  },
  {
    "Brand_Product_Size": "BSC Muscle Protein Shake Banana Smoothie 450mL",
    "COL Price": 4.65,
    "COL ppu": "$1.03 per 100mL",
    "COL Size": "450mL"
  },
  {
    "Brand_Product_Size": "Fever-Tree Mediterranean Tonic Water 500mL",
    "COL Price": 4,
    "COL ppu": "$8.00 per 1L",
    "COL Size": "500mL"
  },
  {
    "Brand_Product_Size": "Coles Chocolate Pops Ice Cream Sticks 10 pack 700mL",
    "COL Price": 3.75,
    "COL ppu": "$0.54 per 100mL",
    "COL Size": "700mL"
  },
  {
    "Brand_Product_Size": "Coles BBQ Pack 1kg",
    "COL Price": 10,
    "COL ppu": "$10.00 per 1Kg",
    "COL Size": "1kg"
  },
  {
    "Brand_Product_Size": "Angas Park Dried Fruit Mixed Peel 200g",
    "COL Price": 3.3,
    "COL ppu": "$16.50 per 1Kg",
    "COL Size": "200g"
  },
  {
    "Brand_Product_Size": "Coles Vietnamese Inspired Beef Pho Broth 1L",
    "COL Price": 3,
    "COL ppu": "$0.30 per 100mL",
    "COL Size": "1L"
  },
  {
    "Brand_Product_Size": "Cetaphil Antibacterial Cleansing Bar 127g",
    "COL Price": 10,
    "COL ppu": "$7.87 per 100G",
    "COL Size": "127g"
  },
  {
    "Brand_Product_Size": "Schwarzkopf Live Salon Rich Chocolate Hair Colour 1 pack",
    "COL Price": 7,
    "COL ppu": "$7.00 per 1Ea",
    "COL Size": "1 pack"
  },
  {
    "Brand_Product_Size": "Coles Kitchen Stir Fry Teriyaki 550g",
    "COL Price": 5,
    "COL ppu": "$0.91 per 100G",
    "COL Size": "550g"
  },
  {
    "Brand_Product_Size": "Heinz Baked Beans in Ham Sauce 300g",
    "COL Price": 1,
    "COL ppu": "$0.33 per 100G",
    "COL Size": "300g"
  },
  {
    "Brand_Product_Size": "Sharpie Marker Laundry Black each",
    "COL Price": 3,
    "COL ppu": "",
    "COL Size": "each"
  },
  {
    "Brand_Product_Size": "SPC Canned Baked Beans 425g",
    "COL Price": 1.4,
    "COL ppu": "$0.33 per 100G",
    "COL Size": "425g"
  },
  {
    "Brand_Product_Size": "Always Fresh Stuffed Olives Garlic 230g",
    "COL Price": 5.4,
    "COL ppu": "$23.48 per 1Kg",
    "COL Size": "230g"
  },
  {
    "Brand_Product_Size": "Masterfoods Veggie Zesty Seasoning 20g",
    "COL Price": 2.5,
    "COL ppu": "$1.25 per 10G",
    "COL Size": "20g"
  },
  {
    "Brand_Product_Size": "Coles Gluten Free Worcestershire Sauce 250mL",
    "COL Price": 2,
    "COL ppu": "$0.80 per 100mL",
    "COL Size": "250mL"
  },
  {
    "Brand_Product_Size": "Continental Kosher Butchers Premium Beef Mince 500g",
    "COL Price": 13,
    "COL ppu": "$26.00 per 1Kg",
    "COL Size": "500g"
  },
  {
    "Brand_Product_Size": "Coles Salted Mixed Nuts 375g",
    "COL Price": 5.35,
    "COL ppu": "$14.27 per 1Kg",
    "COL Size": "375g"
  },
  {
    "Brand_Product_Size": "La Zuppa Roasted Pumpkin Soup Pouch 540g",
    "COL Price": 4.4,
    "COL ppu": "$0.81 per 100G",
    "COL Size": "540g"
  },
  {
    "Brand_Product_Size": "Mirabella LED Globe Fancy Round Bayonet Cap 6 watt Pearl each",
    "COL Price": 6.5,
    "COL ppu": "$6.50 per 1Ea",
    "COL Size": "each"
  },
  {
    "Brand_Product_Size": "Red Rock Deli Roasted Red Capsicum Pecorino Cashews & Basil Dip 150g",
    "COL Price": 4.5,
    "COL ppu": "$3.00 per 100G",
    "COL Size": "150g"
  },
  {
    "Brand_Product_Size": "Milton Baby Bottle Cleaner 500mL",
    "COL Price": 4,
    "COL ppu": "$0.80 per 100mL",
    "COL Size": "500mL"
  },
  {
    "Brand_Product_Size": "Coles Pure Australian Honey Squeeze 375g",
    "COL Price": 5.5,
    "COL ppu": "$1.47 per 100G",
    "COL Size": "375g"
  },
  {
    "Brand_Product_Size": "Slendier Spaghetti Style Pasta 400g",
    "COL Price": 3.9,
    "COL ppu": "$0.98 per 100G",
    "COL Size": "400g"
  },
  {
    "Brand_Product_Size": "Australia's Own A2 Protein Full Cream Milk 1L",
    "COL Price": 2.2,
    "COL ppu": "$2.20 per 1L",
    "COL Size": "1L"
  },
  {
    "Brand_Product_Size": "Deli Express Ivans Quiche Lorraine 180g",
    "COL Price": 4.5,
    "COL ppu": "$2.50 per 100G",
    "COL Size": "180g"
  },
  {
    "Brand_Product_Size": "Coles Pancake Shake Mix Buttermilk 350g",
    "COL Price": 1.5,
    "COL ppu": "$0.43 per 100G",
    "COL Size": "350g"
  },
  {
    "Brand_Product_Size": "MasterFoods Soy Honey & Garlic Marinade 375g",
    "COL Price": 2.5,
    "COL ppu": "$0.67 per 100G",
    "COL Size": "375g"
  },
  {
    "Brand_Product_Size": "Palmolive Anti-Stress Shower Gel 500mL",
    "COL Price": 3.78,
    "COL ppu": "$0.76 per 100mL",
    "COL Size": "500mL"
  },
  {
    "Brand_Product_Size": "Osem Sesame Crackers 250g",
    "COL Price": 4.8,
    "COL ppu": "$1.92 per 100G",
    "COL Size": "250g"
  },
  {
    "Brand_Product_Size": "Lipton Citrus Green Ice Tea 500mL",
    "COL Price": 1.9,
    "COL ppu": "$0.38 per 100mL",
    "COL Size": "500mL"
  },
  {
    "Brand_Product_Size": "Eti Kombo With Marshmallow & Choc 304g",
    "COL Price": 4.8,
    "COL ppu": "$1.58 per 100G",
    "COL Size": "304g"
  },
  {
    "Brand_Product_Size": "Ayam Premium Light Coconut Milk 270mL",
    "COL Price": 2,
    "COL ppu": "$0.74 per 100mL",
    "COL Size": "270mL"
  },
  {
    "Brand_Product_Size": "Kleenex Double Length Toilet Tissue 12 pack",
    "COL Price": 12,
    "COL ppu": "$0.28 per 100Ea",
    "COL Size": "12 pack"
  },
  {
    "Brand_Product_Size": "Eskal Deli Balsamic Dressing 300mL",
    "COL Price": 5.8,
    "COL ppu": "$1.93 per 100mL",
    "COL Size": "300mL"
  },
  {
    "Brand_Product_Size": "Health Lab Peanut Butter Choc Nut Butterball 3x40g 120g",
    "COL Price": 8,
    "COL ppu": "$6.67 per 100G",
    "COL Size": "120g"
  },
  {
    "Brand_Product_Size": "Redkite $1 Donation each",
    "COL Price": 1,
    "COL ppu": "$1.00 per 1ea",
    "COL Size": "each"
  },
  {
    "Brand_Product_Size": "KB Lemon & Pepper Squid 360g",
    "COL Price": 9.5,
    "COL ppu": "$26.39 per 1Kg",
    "COL Size": "360g"
  },
  {
    "Brand_Product_Size": "Twinings Coconut Cacao Latte 200g",
    "COL Price": 9.65,
    "COL ppu": "$4.83 per 100G",
    "COL Size": "200g"
  },
  {
    "Brand_Product_Size": "Kirks Lemonade Multipack Cans 375mL 10 pack",
    "COL Price": 6.2,
    "COL ppu": "$1.65 per 1L",
    "COL Size": "10 pack"
  },
  {
    "Brand_Product_Size": "Alfa One Pure Rice Bran Oil BBQ Spray 225g",
    "COL Price": 5.1,
    "COL ppu": "$2.27 per 100G",
    "COL Size": "225g"
  },
  {
    "Brand_Product_Size": "Olay Mask Aha Vitamic C Resurfacing 2 Step Peel Kit 1 pack",
    "COL Price": 55,
    "COL ppu": "$55.00 per 1Ea",
    "COL Size": "1 pack"
  },
  {
    "Brand_Product_Size": "Calbee Harvest Snaps Baked Pea Crisps Chilli 93g",
    "COL Price": 2.5,
    "COL ppu": "$2.69 per 100G",
    "COL Size": "93g"
  },
  {
    "Brand_Product_Size": "Coles Deli Fresh Pacific Oysters 6 pack",
    "COL Price": 8,
    "COL ppu": "$1.33 per 1Ea",
    "COL Size": "6 pack"
  },
  {
    "Brand_Product_Size": "Energizer Cable Jack Aluminium 1.5M Black 1 pack",
    "COL Price": 12,
    "COL ppu": "$12.00 per 1Ea",
    "COL Size": "1 pack"
  },
  {
    "Brand_Product_Size": "Napro Palette 1-0 Black Permanent Hair Colour 1 pack",
    "COL Price": 7.95,
    "COL ppu": "$7.95 per 1Ea",
    "COL Size": "1 pack"
  },
  {
    "Brand_Product_Size": "Morning Fresh Raspberry & Crisp Apple Dishwashing Liquid 900mL",
    "COL Price": 7.5,
    "COL ppu": "$0.83 per 100mL",
    "COL Size": "900mL"
  },
  {
    "Brand_Product_Size": "Coles Stonebaked By Laurent Olive Oil & Herb Ciabatta 4 pack",
    "COL Price": 3,
    "COL ppu": "$0.75 per 1Ea",
    "COL Size": "4 pack"
  },
  {
    "Brand_Product_Size": "Coles Coriander Sleeved 1 bunch",
    "COL Price": 2.98,
    "COL ppu": "$2.98 per 1Ea",
    "COL Size": "1 bunch"
  },
  {
    "Brand_Product_Size": "D'Orsogna Traditional Pepperoni Sticks 150g",
    "COL Price": 6.6,
    "COL ppu": "$44.00 per 1Kg",
    "COL Size": "150g"
  },
  {
    "Brand_Product_Size": "UW Womens Smooth Lines Hi Cut 12/14 2 pack",
    "COL Price": 12,
    "COL ppu": "$6.00 per 1Ea",
    "COL Size": "2 pack"
  },
  {
    "Brand_Product_Size": "Helga's Mixed Grain Bread 850g",
    "COL Price": 3.9,
    "COL ppu": "$0.46 per 100G",
    "COL Size": "850g"
  },
  {
    "Brand_Product_Size": "Olay Eye Deep Hydrating Gel 15mL",
    "COL Price": 49,
    "COL ppu": "$326.69 per 100mL",
    "COL Size": "15mL"
  },
  {
    "Brand_Product_Size": "Coles Greek Style Yoghurt 750g",
    "COL Price": 2.75,
    "COL ppu": "$0.37 per 100G",
    "COL Size": "750g"
  },
  {
    "Brand_Product_Size": "Organic Choice Air Freshener White Peach & Yuzu 200mL",
    "COL Price": 10,
    "COL ppu": "$5.00 per 100mL",
    "COL Size": "200mL"
  },
  {
    "Brand_Product_Size": "Coles Kitchen Cheese Salami & Crackers 60g",
    "COL Price": 2.5,
    "COL ppu": "$4.17 per 100G",
    "COL Size": "60g"
  },
  {
    "Brand_Product_Size": "Streets Magnum Peppermint Ice Cream Sticks 4 pack 428mL",
    "COL Price": 4.5,
    "COL ppu": "$1.05 per 100mL",
    "COL Size": "428mL"
  },
  {
    "Brand_Product_Size": "Harpic Oxi Action Toilet Cleaner Crystals 750g",
    "COL Price": 6.55,
    "COL ppu": "$0.87 per 100G",
    "COL Size": "750g"
  },
  {
    "Brand_Product_Size": "Johnson's Normal 3 In 1 Facial Cleansing Wipes 3 pack",
    "COL Price": 14.5,
    "COL ppu": "$0.19 per 1Ea",
    "COL Size": "3 pack"
  },
  {
    "Brand_Product_Size": "Five:AM Organic Vanilla Bean Yoghurt 700g",
    "COL Price": 6,
    "COL ppu": "$0.86 per 100G",
    "COL Size": "700g"
  },
  {
    "Brand_Product_Size": "Sabco Superswish Xtra Mop each",
    "COL Price": 40,
    "COL ppu": "$40.00 per 1Ea",
    "COL Size": "each"
  },
  {
    "Brand_Product_Size": "Coles Kids Animal Safari Medistrips Print Plaster 20 pack",
    "COL Price": 2.5,
    "COL ppu": "$0.13 per 1Ea",
    "COL Size": "20 pack"
  },
  {
    "Brand_Product_Size": "Reese's Peanut Butter Tub 473mL",
    "COL Price": 6,
    "COL ppu": "$1.27 per 100mL",
    "COL Size": "473mL"
  },
  {
    "Brand_Product_Size": "Mayver's Cacao Super Spread 280g",
    "COL Price": 6.5,
    "COL ppu": "$2.32 per 100G",
    "COL Size": "280g"
  },
  {
    "Brand_Product_Size": "IXL 50% Less Sugar Strawberry Jam 425g",
    "COL Price": 3.5,
    "COL ppu": "$0.82 per 100G",
    "COL Size": "425g"
  },
  {
    "Brand_Product_Size": "Coles Fresh Seafood Albacore Tuna Steak approx. 160g",
    "COL Price": 4.8,
    "COL ppu": "$30.00 per 1Kg",
    "COL Size": "approx. 160g"
  },
  {
    "Brand_Product_Size": "Coles Kitchen Chicken Biryani 350g",
    "COL Price": 6.5,
    "COL ppu": "$1.86 per 100G",
    "COL Size": "350g"
  },
  {
    "Brand_Product_Size": "Patak's Lime Pickle Medium 283g",
    "COL Price": 6.4,
    "COL ppu": "$2.26 per 100G",
    "COL Size": "283g"
  },
  {
    "Brand_Product_Size": "Arnott's Iced VoVo Biscuits 210g",
    "COL Price": 3,
    "COL ppu": "$1.43 per 100G",
    "COL Size": "210g"
  },
  {
    "Brand_Product_Size": "Pine O Cleen Anti Bacterial Laundry Sanitiser Fresh Cotton 1.5L",
    "COL Price": 12,
    "COL ppu": "$8.00 per 1L",
    "COL Size": "1.5L"
  },
  {
    "Brand_Product_Size": "Pine O Cleen Disinfectant Wipes Lemon Lime 240 pack",
    "COL Price": 15,
    "COL ppu": "$6.25 per 100Ea",
    "COL Size": "240 pack"
  },
  {
    "Brand_Product_Size": "Uncle Tobys Roll-ups Snacks For Kids 234g",
    "COL Price": 7,
    "COL ppu": "$2.99 per 100G",
    "COL Size": "234g"
  },
  {
    "Brand_Product_Size": "Heinz Lamb & Veg 6+ Months 170g",
    "COL Price": 1.5,
    "COL ppu": "$0.88 per 100G",
    "COL Size": "170g"
  },
  {
    "Brand_Product_Size": "Red Tractor Australian Instant Oats 1kg",
    "COL Price": 4,
    "COL ppu": "$0.40 per 100G",
    "COL Size": "1kg"
  },
  {
    "Brand_Product_Size": "Lindt Lindor Milk Chocolate Bar 38g",
    "COL Price": 1.5,
    "COL ppu": "$3.95 per 100G",
    "COL Size": "38g"
  },
  {
    "Brand_Product_Size": "Mars Smores Pods 160g",
    "COL Price": 3,
    "COL ppu": "$1.88 per 100G",
    "COL Size": "160g"
  },
  {
    "Brand_Product_Size": "Farmers Market Chicken & Farm Fresh Vegetables Adult Dog Food 2.7 kg",
    "COL Price": 19,
    "COL ppu": "$7.04 per 1Kg",
    "COL Size": "2.7 kg"
  },
  {
    "Brand_Product_Size": "Hamper Original Corned Beef 200g",
    "COL Price": 4.7,
    "COL ppu": "$23.50 per 1Kg",
    "COL Size": "200g"
  },
  {
    "Brand_Product_Size": "Coles I'M Free From Lightly Salted Corn Chips 200g",
    "COL Price": 2.5,
    "COL ppu": "$1.25 per 100G",
    "COL Size": "200g"
  },
  {
    "Brand_Product_Size": "Arnott's Iced Vovo Biscuit Lamington 210g",
    "COL Price": 3,
    "COL ppu": "$1.43 per 100G",
    "COL Size": "210g"
  },
  {
    "Brand_Product_Size": "Coles Vanilla Ice Cream Tub 2L",
    "COL Price": 2.75,
    "COL ppu": "$1.38 per 1L",
    "COL Size": "2L"
  },
  {
    "Brand_Product_Size": "Nature Valley Crunchy Canadian Maple Syrup 6 Twin Bars 252g",
    "COL Price": 5.5,
    "COL ppu": "$2.18 per 100G",
    "COL Size": "252g"
  },
  {
    "Brand_Product_Size": "Kellogg's Coco Pops Chocolatey Breakfast Cereal 650g",
    "COL Price": 7.5,
    "COL ppu": "$1.15 per 100G",
    "COL Size": "650g"
  },
  {
    "Brand_Product_Size": "Garnier Fructis Colour Last Conditioner For Coloured Hair 850mL",
    "COL Price": 7.5,
    "COL ppu": "$0.88 per 100mL",
    "COL Size": "850mL"
  },
  {
    "Brand_Product_Size": "Nicabate Minis Quit Smoking Lozenge 4mg 60 pack",
    "COL Price": 33.2,
    "COL ppu": "$0.55 per 1Ea",
    "COL Size": "60 pack"
  },
  {
    "Brand_Product_Size": "IXL 50% Less Sugar Breakfast Marmalade 425g",
    "COL Price": 3.5,
    "COL ppu": "$0.82 per 100G",
    "COL Size": "425g"
  },
  {
    "Brand_Product_Size": "Coles Cleaner Bath & Shower 750mL",
    "COL Price": 2.5,
    "COL ppu": "$0.33 per 100mL",
    "COL Size": "750mL"
  },
  {
    "Brand_Product_Size": "Coles Asia Premium Thai Coconut Cream 400mL",
    "COL Price": 2.5,
    "COL ppu": "$0.63 per 100mL",
    "COL Size": "400mL"
  },
  {
    "Brand_Product_Size": "On The Menu Frozen Pappardelle Ragu 260g",
    "COL Price": 3,
    "COL ppu": "$1.15 per 100G",
    "COL Size": "260g"
  },
  {
    "Brand_Product_Size": "Monika Philippine Style Chinese Noodles 225g",
    "COL Price": 2.5,
    "COL ppu": "$1.11 per 100G",
    "COL Size": "225g"
  },
  {
    "Brand_Product_Size": "NRG Super Alkaline AA Batteries 10 pack",
    "COL Price": 9,
    "COL ppu": "$0.90 per 1Ea",
    "COL Size": "10 pack"
  },
  {
    "Brand_Product_Size": "Coles Deli Express Salami Platters 200g",
    "COL Price": 13,
    "COL ppu": "$6.50 per 100G",
    "COL Size": "200g"
  },
  {
    "Brand_Product_Size": "Mirabella LED Globe GLS Bayonet Cap 9 Watt Warm White each",
    "COL Price": 8,
    "COL ppu": "$8.00 per 1Ea",
    "COL Size": "each"
  },
  {
    "Brand_Product_Size": "Barker's Lemon Curd 420g",
    "COL Price": 5,
    "COL ppu": "$1.19 per 100G",
    "COL Size": "420g"
  },
  {
    "Brand_Product_Size": "Mayver's Original Super Spread 280g",
    "COL Price": 6.5,
    "COL ppu": "$2.32 per 100G",
    "COL Size": "280g"
  },
  {
    "Brand_Product_Size": "Coles Soft White Sandwich 700g",
    "COL Price": 1.75,
    "COL ppu": "$0.25 per 100G",
    "COL Size": "700g"
  },
  {
    "Brand_Product_Size": "Sweet William Chocolate Rice Crackle Bar Dairy Free 50g",
    "COL Price": 2,
    "COL ppu": "$4.00 per 100G",
    "COL Size": "50g"
  },
  {
    "Brand_Product_Size": "Maybelline Lash Sensational Blackest Black Mascara 9mL",
    "COL Price": 16.1,
    "COL ppu": "$16.95 per 10mL",
    "COL Size": "9mL"
  },
  {
    "Brand_Product_Size": "CC's Tasty Cheese Corn Chips 175g",
    "COL Price": 3.5,
    "COL ppu": "$2.00 per 100G",
    "COL Size": "175g"
  },
  {
    "Brand_Product_Size": "McCain Frozen Healthy Choice Apricot Chicken With Steamed Rice 350g",
    "COL Price": 4,
    "COL ppu": "$1.14 per 100G",
    "COL Size": "350g"
  },
  {
    "Brand_Product_Size": "Chobani Whole Milk Plain Yoghurt 907g",
    "COL Price": 5.5,
    "COL ppu": "$0.61 per 100G",
    "COL Size": "907g"
  },
  {
    "Brand_Product_Size": "Herbal Essences Bio Renew Smooth Golden Moringa Oil Conditioner 400mL",
    "COL Price": 12,
    "COL ppu": "$3.00 per 100mL",
    "COL Size": "400mL"
  },
  {
    "Brand_Product_Size": "Tivall Frozen Vegetarian Schnitzels 400g",
    "COL Price": 7.5,
    "COL ppu": "$18.75 per 1Kg",
    "COL Size": "400g"
  },
  {
    "Brand_Product_Size": "Veet Underarm Cold Wax Strips 16 pack",
    "COL Price": 10.5,
    "COL ppu": "$0.66 per 1Ea",
    "COL Size": "16 pack"
  },
  {
    "Brand_Product_Size": "Seng Hork Pork Shao Mai 350g",
    "COL Price": 9,
    "COL ppu": "$2.57 per 100G",
    "COL Size": "350g"
  },
  {
    "Brand_Product_Size": "Orgran Vegetable Rice Pasta 250g",
    "COL Price": 4,
    "COL ppu": "$1.60 per 100G",
    "COL Size": "250g"
  },
  {
    "Brand_Product_Size": "Oreo Original Grab N Go Cookies 256g",
    "COL Price": 3.95,
    "COL ppu": "$1.54 per 100G",
    "COL Size": "256g"
  },
  {
    "Brand_Product_Size": "Continental Cup A Soup Chicken Noodle Soup Serves 2 40g",
    "COL Price": 2,
    "COL ppu": "$5.00 per 100G",
    "COL Size": "40g"
  },
  {
    "Brand_Product_Size": "Philadelphia Sweet Chilli Pourover 150g",
    "COL Price": 4,
    "COL ppu": "$26.67 per 1Kg",
    "COL Size": "150g"
  },
  {
    "Brand_Product_Size": "Fruit Co Juice Plus + Apple Banana Mango 2L",
    "COL Price": 2.75,
    "COL ppu": "$1.38 per 1L",
    "COL Size": "2L"
  },
  {
    "Brand_Product_Size": "Spud Lite Potatoes Prepacked 1.5kg",
    "COL Price": 5,
    "COL ppu": "$3.33 per 1Kg",
    "COL Size": "1.5kg"
  },
  {
    "Brand_Product_Size": "Supreme Plain Roti 4 pack 500g",
    "COL Price": 6.5,
    "COL ppu": "$1.30 per 100G",
    "COL Size": "500g"
  },
  {
    "Brand_Product_Size": "Coles Kitchen  Beef Vegetable And Barley Soup 300g",
    "COL Price": 3,
    "COL ppu": "$1.00 per 100G",
    "COL Size": "300g"
  },
  {
    "Brand_Product_Size": "Maggie Beer Duck & Orange Pate 120g",
    "COL Price": 6,
    "COL ppu": "$5.00 per 100G",
    "COL Size": "120g"
  },
  {
    "Brand_Product_Size": "Gourmet Mays Oven Spill Liner each",
    "COL Price": 6,
    "COL ppu": "$6.00 per 1Ea",
    "COL Size": "each"
  },
  {
    "Brand_Product_Size": "Bertocchi Brothers Extra Hot Chilli Sopressa approx.125g",
    "COL Price": 3.25,
    "COL ppu": "$26.00 per 1Kg",
    "COL Size": "approx.125g"
  },
  {
    "Brand_Product_Size": "Uncle Tobys Yoghurt Muesli Bars Strawberry 6 Pack 185g",
    "COL Price": 2.15,
    "COL ppu": "$1.16 per 100G",
    "COL Size": "185g"
  },
  {
    "Brand_Product_Size": "Ajax Lemon All Purpose Powder Cleanser 500g",
    "COL Price": 4,
    "COL ppu": "$4.00 per 1Ea",
    "COL Size": "500g"
  },
  {
    "Brand_Product_Size": "Lilydale Chicken Breast Bites Ciabatta & Herb 400g",
    "COL Price": 9.5,
    "COL ppu": "$23.75 per 1Kg",
    "COL Size": "400g"
  },
  {
    "Brand_Product_Size": "Coles Chopped Kale 140g",
    "COL Price": 3,
    "COL ppu": "$21.43 per 1Kg",
    "COL Size": "140g"
  },
  {
    "Brand_Product_Size": "Starbucks House Blend Ground 200g",
    "COL Price": 9,
    "COL ppu": "$4.50 per 100G",
    "COL Size": "200g"
  },
  {
    "Brand_Product_Size": "Farmers Market Grainfree Kitten Real Chicken In Mousse Cat Food 80g",
    "COL Price": 1.9,
    "COL ppu": "$2.38 per 100G",
    "COL Size": "80g"
  },
  {
    "Brand_Product_Size": "Coles One Touch Clips Black 14 pack",
    "COL Price": 5.6,
    "COL ppu": "$0.40 per 1Ea",
    "COL Size": "14 pack"
  },
  {
    "Brand_Product_Size": "COYO Organic Probiotic Indulgent Coconut Yoghurt Lemon & Cream 125g",
    "COL Price": 3,
    "COL ppu": "$2.40 per 100G",
    "COL Size": "125g"
  },
  {
    "Brand_Product_Size": "Coles Deli Medium BBQ Pasta Salad each",
    "COL Price": 6,
    "COL ppu": "$6.00 per 1Ea",
    "COL Size": "each"
  },
  {
    "Brand_Product_Size": "Fyna Sherbert Wizz Fizz Cones 5 pack",
    "COL Price": 2,
    "COL ppu": "$3.08 per 100G",
    "COL Size": "5 pack"
  },
  {
    "Brand_Product_Size": "McCain Basil Garlic & Parmesan Delish Chips 600g",
    "COL Price": 4.3,
    "COL ppu": "$7.17 per 1Kg",
    "COL Size": "600g"
  },
  {
    "Brand_Product_Size": "Tip Top Sunblest White Bread 650g",
    "COL Price": 3,
    "COL ppu": "$0.46 per 100G",
    "COL Size": "650g"
  },
  {
    "Brand_Product_Size": "Coles Vanilla Orchid & Ylang Air Freshener 150g",
    "COL Price": 1.9,
    "COL ppu": "$1.27 per 100G",
    "COL Size": "150g"
  },
  {
    "Brand_Product_Size": "John West Tuna & Sweetcorn In Mayonnaise with Crackers Lunch Kit 108g",
    "COL Price": 2.9,
    "COL ppu": "$26.85 per 1Kg",
    "COL Size": "108g"
  },
  {
    "Brand_Product_Size": "Bref Scent Switch Marine Aromatic & Citrus Toilet Cleaner 50g",
    "COL Price": 3,
    "COL ppu": "$6.00 per 100G",
    "COL Size": "50g"
  },
  {
    "Brand_Product_Size": "Huggies Newborn Size 1 Unisex 54 Nappies Bulk Pack 1 pack",
    "COL Price": 13,
    "COL ppu": "$13.00 per 1Ea",
    "COL Size": "1 pack"
  },
  {
    "Brand_Product_Size": "Organic Choice Melaleuca & Native Blossom Reed Diffuser 50mL",
    "COL Price": 15,
    "COL ppu": "$30.00 per 100mL",
    "COL Size": "50mL"
  },
  {
    "Brand_Product_Size": "Coles Deli Sliced Primo HGP Free Roast Beef approx. 125g",
    "COL Price": 3.375,
    "COL ppu": "$27.00 per 1Kg",
    "COL Size": "approx. 125g"
  },
  {
    "Brand_Product_Size": "Applaws Cuisine Selection Dog Food Cans 5 pack",
    "COL Price": 12.5,
    "COL ppu": "$1.60 per 100G",
    "COL Size": "5 pack"
  },
  {
    "Brand_Product_Size": "Magazine Hello each",
    "COL Price": 7.99,
    "COL ppu": "$7.99 per 1Ea",
    "COL Size": "each"
  },
  {
    "Brand_Product_Size": "White King All Purpose Regular Bleach 2.5L",
    "COL Price": 4.25,
    "COL ppu": "$1.70 per 1L",
    "COL Size": "2.5L"
  },
  {
    "Brand_Product_Size": "Aspro Clear Pain Relief 24 Soluble Tablets 1 pack",
    "COL Price": 5,
    "COL ppu": "$5.00 per 1Ea",
    "COL Size": "1 pack"
  },
  {
    "Brand_Product_Size": "Strepsils Antibacterial Menthol & Mint Lozenges 16 pack",
    "COL Price": 5.5,
    "COL ppu": "$0.34 per 1Ea",
    "COL Size": "16 pack"
  },
  {
    "Brand_Product_Size": "Toni & Guy Strength Plex Oil Treatment 80mL",
    "COL Price": 16,
    "COL ppu": "$20.00 per 100mL",
    "COL Size": "80mL"
  },
  {
    "Brand_Product_Size": "Coles Kitchen Broccoli Cauliflower Pumpkin Corn 400g",
    "COL Price": 4.5,
    "COL ppu": "$1.13 per 100G",
    "COL Size": "400g"
  },
  {
    "Brand_Product_Size": "Cadbury Turkish Delight Chocolate Bar 55g",
    "COL Price": 1,
    "COL ppu": "$1.82 per 100G",
    "COL Size": "55g"
  },
  {
    "Brand_Product_Size": "Kb's Barramundi Fillets 1kg",
    "COL Price": 19.5,
    "COL ppu": "$19.50 per 1Kg",
    "COL Size": "1kg"
  },
  {
    "Brand_Product_Size": "Devondale Unsalted Pat Butter 250g",
    "COL Price": 4,
    "COL ppu": "$1.60 per 100G",
    "COL Size": "250g"
  },
  {
    "Brand_Product_Size": "Maggi Dry Recipe Base Cheese & Bacon Potato Bake 21g",
    "COL Price": 1.75,
    "COL ppu": "$8.33 per 100G",
    "COL Size": "21g"
  },
  {
    "Brand_Product_Size": "Mother Passionfruit Energy Drink Can 500mL 4 pack",
    "COL Price": 6.85,
    "COL ppu": "$3.43 per 1L",
    "COL Size": "4 pack"
  },
  {
    "Brand_Product_Size": "Poise Thin & Discreet Pad Extra 12 each",
    "COL Price": 6,
    "COL ppu": "$2.44 per 1KGM",
    "COL Size": "12 each"
  },
  {
    "Brand_Product_Size": "Munchme Almond Blueberry 120g",
    "COL Price": 4.4,
    "COL ppu": "$3.67 per 100G",
    "COL Size": "120g"
  },
  {
    "Brand_Product_Size": "Vittoria Coffee Bags Espresso Blend 20 pack",
    "COL Price": 9.65,
    "COL ppu": "$0.48 per 1Ea",
    "COL Size": "20 pack"
  },
  {
    "Brand_Product_Size": "Natural Chip Co Snacks Veg Sour Cream & Chives 5 pack 90g",
    "COL Price": 3.5,
    "COL ppu": "$3.89 per 100G",
    "COL Size": "90g"
  },
  {
    "Brand_Product_Size": "Life-Space Double Strength Probiotic Tablets 20 pack",
    "COL Price": 27,
    "COL ppu": "$1.35 per 1Ea",
    "COL Size": "20 pack"
  },
  {
    "Brand_Product_Size": "Revlon Photoready Candid Foundation Light Honey 330 22mL",
    "COL Price": 25,
    "COL ppu": "$113.64 per 100mL",
    "COL Size": "22mL"
  },
  {
    "Brand_Product_Size": "Bulldog Original Beard Balm 75mL",
    "COL Price": 12,
    "COL ppu": "$16.00 per 100mL",
    "COL Size": "75mL"
  },
  {
    "Brand_Product_Size": "Sof Comfort Sneaker Balls 1 pair",
    "COL Price": 6,
    "COL ppu": "",
    "COL Size": "1 pair"
  },
  {
    "Brand_Product_Size": "Dine Perfect Portions Cuts In Gravy With Classic Tuna & Succulent Chicken Wet Cat Food 450g 6 pack",
    "COL Price": 10,
    "COL ppu": "$1.67 per 1Ea",
    "COL Size": "6 pack"
  },
  {
    "Brand_Product_Size": "Coles Mandarin Segments In Syrup 310g",
    "COL Price": 1.75,
    "COL ppu": "$5.65 per 1Kg",
    "COL Size": "310g"
  },
  {
    "Brand_Product_Size": "Yoplait Vanilla Yoghurt 160g 6 pack",
    "COL Price": 5,
    "COL ppu": "$0.52 per 100G",
    "COL Size": "6 pack"
  },
  {
    "Brand_Product_Size": "Pana Organic Salted Caramel Dairy Free Ice Cream 315mL",
    "COL Price": 9,
    "COL ppu": "$2.86 per 100mL",
    "COL Size": "315mL"
  },
  {
    "Brand_Product_Size": "Coles Passionfruit each",
    "COL Price": 1.2,
    "COL ppu": "$1.20 per 1Ea",
    "COL Size": "each"
  },
  {
    "Brand_Product_Size": "Golden Days Bites Apricot Multi 200g",
    "COL Price": 4.5,
    "COL ppu": "$2.25 per 100G",
    "COL Size": "200g"
  },
  {
    "Brand_Product_Size": "Primo Rindless Short Cut  Bacon 175g",
    "COL Price": 5,
    "COL ppu": "$28.57 per 1Kg",
    "COL Size": "175g"
  },
  {
    "Brand_Product_Size": "Coles Coleslaw Dressing 300mL",
    "COL Price": 1.8,
    "COL ppu": "$0.60 per 100mL",
    "COL Size": "300mL"
  },
  {
    "Brand_Product_Size": "Modo Bamboo Straws 4pack",
    "COL Price": 5,
    "COL ppu": "$1.25 per 1Ea",
    "COL Size": "4pack"
  },
  {
    "Brand_Product_Size": "Always Iscreet Pads Small For Bladder Leaks 20 pack",
    "COL Price": 8,
    "COL ppu": "$0.40 per 1Ea",
    "COL Size": "20 pack"
  },
  {
    "Brand_Product_Size": "Candy Lovers Fruit Flavour Jelly Drink 12x75g 900g",
    "COL Price": 4,
    "COL ppu": "$0.44 per 100G",
    "COL Size": "900g"
  },
  {
    "Brand_Product_Size": "Easiyo Vanilla Flavour Yoghurt 230g",
    "COL Price": 4.5,
    "COL ppu": "$1.96 per 100G",
    "COL Size": "230g"
  },
  {
    "Brand_Product_Size": "Sandhurst Pitted Green Olives 350g",
    "COL Price": 3.25,
    "COL ppu": "$9.29 per 1Kg",
    "COL Size": "350g"
  },
  {
    "Brand_Product_Size": "Taokaenoi Crispy Seaweed Sour Cream & Onion 32g",
    "COL Price": 2.6,
    "COL ppu": "$8.13 per 100G",
    "COL Size": "32g"
  },
  {
    "Brand_Product_Size": "Coles Honeycomb Whirls Chocolate Biscuits 200g",
    "COL Price": 1.65,
    "COL ppu": "$0.83 per 100G",
    "COL Size": "200g"
  },
  {
    "Brand_Product_Size": "Nanna's Frozen Apple Crumble 550g",
    "COL Price": 4,
    "COL ppu": "$0.73 per 100G",
    "COL Size": "550g"
  },
  {
    "Brand_Product_Size": "Grinders Rich Espresso Coffee Beans 1kg",
    "COL Price": 20,
    "COL ppu": "$2.00 per 100G",
    "COL Size": "1kg"
  },
  {
    "Brand_Product_Size": "Paldo Mr Kimchi Stirfried Kimchi Ramen 116g",
    "COL Price": 2.4,
    "COL ppu": "$2.07 per 100G",
    "COL Size": "116g"
  },
  {
    "Brand_Product_Size": "L'Oreal Paris Infallible Incessant Russet Lipstick 8mL",
    "COL Price": 21,
    "COL ppu": "$26.25 per 10mL",
    "COL Size": "8mL"
  },
  {
    "Brand_Product_Size": "Macleans Toothpaste Extreme Clean Whitening 170g",
    "COL Price": 2.5,
    "COL ppu": "$1.47 per 100G",
    "COL Size": "170g"
  },
  {
    "Brand_Product_Size": "Coles Original Water Crackers 125g",
    "COL Price": 0.95,
    "COL ppu": "$0.76 per 100G",
    "COL Size": "125g"
  },
  {
    "Brand_Product_Size": "Coles Pasta Tortellini Veal 600g",
    "COL Price": 4,
    "COL ppu": "$0.67 per 100G",
    "COL Size": "600g"
  },
  {
    "Brand_Product_Size": "Coles Cheese Rolls 4 pack",
    "COL Price": 3.5,
    "COL ppu": "$0.88 per 1Ea",
    "COL Size": "4 pack"
  },
  {
    "Brand_Product_Size": "Coles Kitchen Tidy Large Bags With Handles Lemon Scented 25 pack",
    "COL Price": 2,
    "COL ppu": "$0.08 per 1Ea",
    "COL Size": "25 pack"
  },
  {
    "Brand_Product_Size": "Pantene Nature Fusion Shampoo 900mL",
    "COL Price": 17,
    "COL ppu": "$1.89 per 100mL",
    "COL Size": "900mL"
  },
  {
    "Brand_Product_Size": "Kirks Sugar Free Lemon Squash Multipack Cans 375 mL 10 pack",
    "COL Price": 6.2,
    "COL ppu": "$1.65 per 1L",
    "COL Size": "10 pack"
  },
  {
    "Brand_Product_Size": "LPO Refine Resurfacing Mask 50mL",
    "COL Price": 19.2,
    "COL ppu": "$38.40 per 100mL",
    "COL Size": "50mL"
  },
  {
    "Brand_Product_Size": "Coles Deli Fresh Salmon Side approx. 1.5kg",
    "COL Price": 44.25,
    "COL ppu": "$29.50 per 1Kg",
    "COL Size": "approx. 1.5kg"
  },
  {
    "Brand_Product_Size": "Just Juice Apple Blackcurrant Juice Multipack 200mL 6 pack",
    "COL Price": 5.3,
    "COL ppu": "$0.88 per 1Ea",
    "COL Size": "6 pack"
  },
  {
    "Brand_Product_Size": "Gravox Roast Chicken With Herbs Gravy 165g",
    "COL Price": 2,
    "COL ppu": "$1.21 per 100G",
    "COL Size": "165g"
  },
  {
    "Brand_Product_Size": "Darrell Lea Caramel Craving Milk Block 180g",
    "COL Price": 3,
    "COL ppu": "$1.67 per 100G",
    "COL Size": "180g"
  },
  {
    "Brand_Product_Size": "Vittoria Biscotti Biscuits Vittorina 200g",
    "COL Price": 3.2,
    "COL ppu": "$1.60 per 100G",
    "COL Size": "200g"
  },
  {
    "Brand_Product_Size": "Continental Four Cheeses Pasta & Sauce Serves 5 170g",
    "COL Price": 3,
    "COL ppu": "$1.76 per 100G",
    "COL Size": "170g"
  },
  {
    "Brand_Product_Size": "Coles Passionfruit Cake 1000g",
    "COL Price": 20,
    "COL ppu": "$2.00 per 100G",
    "COL Size": "1000g"
  },
  {
    "Brand_Product_Size": "Coles Microgreens Green Shiso each",
    "COL Price": 3,
    "COL ppu": "$3.00 per 1Ea",
    "COL Size": "each"
  },
  {
    "Brand_Product_Size": "Biore Pore Strips Original Deep Cleansing 6 pack",
    "COL Price": 7.5,
    "COL ppu": "$1.25 per 1Ea",
    "COL Size": "6 pack"
  },
  {
    "Brand_Product_Size": "Nivea Daily Essentials Light Day Cream Face Moisturiser + Vitamin E & SPF30 50mL",
    "COL Price": 13.5,
    "COL ppu": "$27.00 per 100mL",
    "COL Size": "50mL"
  },
  {
    "Brand_Product_Size": "Coles Finest Thai Green Chicken Curry 400g",
    "COL Price": 8.5,
    "COL ppu": "$2.13 per 100G",
    "COL Size": "400g"
  },
  {
    "Brand_Product_Size": "Lipton Decaffeinated Black Tea Bags 50 pack",
    "COL Price": 5.2,
    "COL ppu": "$0.10 per 1Ea",
    "COL Size": "50 pack"
  },
  {
    "Brand_Product_Size": "San Remo Angel Hair Pasta 500g",
    "COL Price": 1.95,
    "COL ppu": "$0.39 per 100G",
    "COL Size": "500g"
  },
  {
    "Brand_Product_Size": "Coles Triple Cream Brie Cheese 200g",
    "COL Price": 5,
    "COL ppu": "$2.50 per 100G",
    "COL Size": "200g"
  },
  {
    "Brand_Product_Size": "Coles Finest Beef Rib Eye Roast approx. 1kg",
    "COL Price": 36,
    "COL ppu": "$36.00 per 1Kg",
    "COL Size": "approx. 1kg"
  },
  {
    "Brand_Product_Size": "Olay Total Effects Foaming Cleanser 100g",
    "COL Price": 13,
    "COL ppu": "$13.00 per 100G",
    "COL Size": "100g"
  },
  {
    "Brand_Product_Size": "Oreo Cookie Ice Cream Stick 4 pack 440mL",
    "COL Price": 8.5,
    "COL ppu": "$1.93 per 100mL",
    "COL Size": "440mL"
  },
  {
    "Brand_Product_Size": "Dream Whip Whipped Dairy Topping Cream 250g",
    "COL Price": 4,
    "COL ppu": "$1.60 per 100G",
    "COL Size": "250g"
  },
  {
    "Brand_Product_Size": "Patties Frozen Chickpea Spinach & Caramelised Onion Rolls 12 Pack 450g",
    "COL Price": 8.5,
    "COL ppu": "$1.89 per 100G",
    "COL Size": "450g"
  },
  {
    "Brand_Product_Size": "Mission Roasted Garlic Wraps 8 pack 567g",
    "COL Price": 5,
    "COL ppu": "$0.88 per 100G",
    "COL Size": "567g"
  },
  {
    "Brand_Product_Size": "Beerenberg Australian Strawberry Jam 300g",
    "COL Price": 5,
    "COL ppu": "$1.67 per 100G",
    "COL Size": "300g"
  },
  {
    "Brand_Product_Size": "Hask Chamomile & Argan Shampoo 355mL",
    "COL Price": 15,
    "COL ppu": "$4.23 per 100mL",
    "COL Size": "355mL"
  },
  {
    "Brand_Product_Size": "OMO Comfort Front & Top Loader Laundry Liquid 2L",
    "COL Price": 22,
    "COL ppu": "$11.00 per 1L",
    "COL Size": "2L"
  },
  {
    "Brand_Product_Size": "Coles Cracked Pepper Water Crackers 125g",
    "COL Price": 0.95,
    "COL ppu": "$0.76 per 100G",
    "COL Size": "125g"
  },
  {
    "Brand_Product_Size": "Green's Traditional Golden Butter Cake Mix 440g",
    "COL Price": 2.75,
    "COL ppu": "$0.63 per 100G",
    "COL Size": "440g"
  },
  {
    "Brand_Product_Size": "Oreo Triple Chocolate Coated Biscuit 2 Pack 204g",
    "COL Price": 3.8,
    "COL ppu": "$1.86 per 100G",
    "COL Size": "204g"
  },
  {
    "Brand_Product_Size": "Voost Iron Plus Raspberry 10 Effervescent Tablets 1 pack",
    "COL Price": 3.5,
    "COL ppu": "$3.50 per 1Ea",
    "COL Size": "1 pack"
  },
  {
    "Brand_Product_Size": "McCain Pizza Pockets Hawaiian 400g",
    "COL Price": 7.5,
    "COL ppu": "$1.88 per 100G",
    "COL Size": "400g"
  },
  {
    "Brand_Product_Size": "Coles I'M Free From Cheddar Cheese Corn Chips 200g",
    "COL Price": 2.5,
    "COL ppu": "$1.25 per 100G",
    "COL Size": "200g"
  },
  {
    "Brand_Product_Size": "Avent Feeding Bottle 260ml each",
    "COL Price": 11.2,
    "COL ppu": "$11.20 per 1Ea",
    "COL Size": "each"
  },
  {
    "Brand_Product_Size": "New Beginnings Ultra Thin Bamboo Nursing Pads 30 pack",
    "COL Price": 4.8,
    "COL ppu": "$0.16 per 1Ea",
    "COL Size": "30 pack"
  },
  {
    "Brand_Product_Size": "OB Finest Gluten Free Wafer Crackers 100g",
    "COL Price": 3,
    "COL ppu": "$3.00 per 100G",
    "COL Size": "100g"
  },
  {
    "Brand_Product_Size": "McCain Frozen Ultra Thin Crust Angus Beef Pizza 320g",
    "COL Price": 5.5,
    "COL ppu": "$1.72 per 100G",
    "COL Size": "320g"
  },
  {
    "Brand_Product_Size": "Cleaver's Beef Porterhouse Steak Organic approx. 350g pack",
    "COL Price": 16.1,
    "COL ppu": "$46.00 per 1Kg",
    "COL Size": "approx. 350g pack"
  },
  {
    "Brand_Product_Size": "Coles Honey Sliced Ham 100g",
    "COL Price": 2,
    "COL ppu": "$20.00 per 1Kg",
    "COL Size": "100g"
  },
  {
    "Brand_Product_Size": "Continental Rich Beefy Mince Recipe Base 50g",
    "COL Price": 1.6,
    "COL ppu": "$3.20 per 100G",
    "COL Size": "50g"
  },
  {
    "Brand_Product_Size": "Oral B Cross Action Indicator Rainbow Manual Toothbrush 3 pack",
    "COL Price": 12,
    "COL ppu": "$4.00 per 1Ea",
    "COL Size": "3 pack"
  },
  {
    "Brand_Product_Size": "Vittoria Decaf Blend Capsules 10 pack",
    "COL Price": 6,
    "COL ppu": "$0.60 per 1Ea",
    "COL Size": "10 pack"
  },
  {
    "Brand_Product_Size": "Coles Natures Kitchen Mixed Garden Vegetable Koftas 240g",
    "COL Price": 3.5,
    "COL ppu": "$1.46 per 100G",
    "COL Size": "240g"
  },
  {
    "Brand_Product_Size": "Decor Match Ups Basics Container Oblong Red 1L each",
    "COL Price": 5.5,
    "COL ppu": "$5.50 per 1ea",
    "COL Size": "each"
  },
  {
    "Brand_Product_Size": "Coles Deli Express Sliced Prosciutto 100g",
    "COL Price": 5.5,
    "COL ppu": "$5.50 per 100G",
    "COL Size": "100g"
  },
  {
    "Brand_Product_Size": "Coles Lebanese Cucumbers approx. 140g each",
    "COL Price": 0.966,
    "COL ppu": "$6.90 per 1Kg",
    "COL Size": "approx. 140g each"
  },
  {
    "Brand_Product_Size": "Optus Motorola G8 Power Lite each",
    "COL Price": 169,
    "COL ppu": "$169.00 per 1Ea",
    "COL Size": "each"
  },
  {
    "Brand_Product_Size": "Purina Fancy Feast Multiflavour Dry Cat Food 1.4kg",
    "COL Price": 12,
    "COL ppu": "$0.86 per 100G",
    "COL Size": "1.4kg"
  },
  {
    "Brand_Product_Size": "Rocco's Vienna Style Frankfurters 450g",
    "COL Price": 8,
    "COL ppu": "$17.78 per 1Kg",
    "COL Size": "450g"
  },
  {
    "Brand_Product_Size": "Pureharvest Organic Malt Free Long Life Soy Drink 1L",
    "COL Price": 1.7,
    "COL ppu": "$1.70 per 1L",
    "COL Size": "1L"
  },
  {
    "Brand_Product_Size": "Bushells Classic Gourmet Instant Coffee 200g",
    "COL Price": 6,
    "COL ppu": "$3.00 per 100G",
    "COL Size": "200g"
  },
  {
    "Brand_Product_Size": "Red Tractor Paleo Protein Mix 300g",
    "COL Price": 5.9,
    "COL ppu": "$1.97 per 100G",
    "COL Size": "300g"
  },
  {
    "Brand_Product_Size": "Aunty Kath's Chocolate Chip Cookie Dough 450g",
    "COL Price": 4.8,
    "COL ppu": "$1.07 per 100G",
    "COL Size": "450g"
  },
  {
    "Brand_Product_Size": "Campbell's Country Ladle Garden Vegetable Soup Can 500g",
    "COL Price": 3.5,
    "COL ppu": "$0.70 per 100G",
    "COL Size": "500g"
  },
  {
    "Brand_Product_Size": "Whiskas Favourites Kitten 2-12 Months Chicken In Gravy Wet Cat Food Pouches 85g 15 pack",
    "COL Price": 10,
    "COL ppu": "$0.67 per 1Ea",
    "COL Size": "15 pack"
  },
  {
    "Brand_Product_Size": "Coles Halloumi Chips 156g",
    "COL Price": 5,
    "COL ppu": "$3.21 per 100G",
    "COL Size": "156g"
  },
  {
    "Brand_Product_Size": "Mil Lel Parmesan Cheese Block 250g",
    "COL Price": 5.7,
    "COL ppu": "$22.80 per 1Kg",
    "COL Size": "250g"
  },
  {
    "Brand_Product_Size": "Streets Magnum White Ice Cream Sticks 4 pack 428mL",
    "COL Price": 4.5,
    "COL ppu": "$1.05 per 100mL",
    "COL Size": "428mL"
  },
  {
    "Brand_Product_Size": "Pringles BBQ Stacked Potato Chips 53g",
    "COL Price": 1.5,
    "COL ppu": "$2.83 per 100G",
    "COL Size": "53g"
  },
  {
    "Brand_Product_Size": "Heinz Soup of The Day Old Fashioned Chicken Pouch 430g",
    "COL Price": 3,
    "COL ppu": "$0.70 per 100G",
    "COL Size": "430g"
  },
  {
    "Brand_Product_Size": "Voltaren Emulgel No Mess Applicator 75g",
    "COL Price": 21,
    "COL ppu": "$28.00 per 100G",
    "COL Size": "75g"
  },
  {
    "Brand_Product_Size": "Snickers Crisper Ice Cream Bar 207mL",
    "COL Price": 8.5,
    "COL ppu": "$4.11 per 100mL",
    "COL Size": "207mL"
  },
  {
    "Brand_Product_Size": "Coles Topping Caramel 600g",
    "COL Price": 2.65,
    "COL ppu": "$0.44 per 100G",
    "COL Size": "600g"
  },
  {
    "Brand_Product_Size": "Peters Gluten Free Original Vanilla Ice Cream Tub 2L",
    "COL Price": 4.75,
    "COL ppu": "$2.38 per 1L",
    "COL Size": "2L"
  },
  {
    "Brand_Product_Size": "My Dog Tender Lamb With Rice & Carrot 7+ Years Wet Dog Food Can 400g",
    "COL Price": 2.2,
    "COL ppu": "$0.55 per 100G",
    "COL Size": "400g"
  },
  {
    "Brand_Product_Size": "Tracklements Tomato Ketchup 230mL",
    "COL Price": 12,
    "COL ppu": "$5.22 per 100mL",
    "COL Size": "230mL"
  },
  {
    "Brand_Product_Size": "Coles Pink & White Mallows 100g",
    "COL Price": 2,
    "COL ppu": "$2.00 per 100G",
    "COL Size": "100g"
  },
  {
    "Brand_Product_Size": "Peters Drumstick Classic Vanilla Ice Cream Cone 16 pack 1.9L",
    "COL Price": 17,
    "COL ppu": "$0.89 per 100mL",
    "COL Size": "1.9L"
  },
  {
    "Brand_Product_Size": "Aeroplane Strawberry Jelly Crystals 85g",
    "COL Price": 1.15,
    "COL ppu": "$1.35 per 100G",
    "COL Size": "85g"
  },
  {
    "Brand_Product_Size": "Olay Complete Defence Moisturising Lotion SPF 25 75mL",
    "COL Price": 15,
    "COL ppu": "$20.00 per 100mL",
    "COL Size": "75mL"
  },
  {
    "Brand_Product_Size": "Pepsi Max Soft Drink 1.25L",
    "COL Price": 1.3,
    "COL ppu": "$1.04 per 1L",
    "COL Size": "1.25L"
  },
  {
    "Brand_Product_Size": "Coles Deli Meredith Dairy Plain Chevre 150g",
    "COL Price": 9,
    "COL ppu": "$60.00 per 1Kg",
    "COL Size": "150g"
  },
  {
    "Brand_Product_Size": "Magazine Take 5 each",
    "COL Price": 3.9,
    "COL ppu": "$3.90 per 1Ea",
    "COL Size": "each"
  },
  {
    "Brand_Product_Size": "Freedom Foods Brekky Heroes Honey Bolts 300g",
    "COL Price": 4,
    "COL ppu": "$1.33 per 100G",
    "COL Size": "300g"
  },
  {
    "Brand_Product_Size": "Coles Datterini Tomatoes Whole Unpeeled 400g",
    "COL Price": 1.1,
    "COL ppu": "$2.75 per 1Kg",
    "COL Size": "400g"
  },
  {
    "Brand_Product_Size": "Coles Half Papaya each",
    "COL Price": 2.7,
    "COL ppu": "$2.70 per 1Ea",
    "COL Size": "each"
  },
  {
    "Brand_Product_Size": "Tom & Luke Salted Caramel Snackaballs 70g",
    "COL Price": 2.5,
    "COL ppu": "$3.57 per 100G",
    "COL Size": "70g"
  },
  {
    "Brand_Product_Size": "Cook & Dine Knife Sharpener each",
    "COL Price": 6.5,
    "COL ppu": "$6.50 per 1Ea",
    "COL Size": "each"
  },
  {
    "Brand_Product_Size": "Coles Butter Beans 420g",
    "COL Price": 0.8,
    "COL ppu": "$0.19 per 100G",
    "COL Size": "420g"
  },
  {
    "Brand_Product_Size": "Uncle Toby's Breakfast Peanut Butter Oat Bakes 260g",
    "COL Price": 6,
    "COL ppu": "$2.31 per 100G",
    "COL Size": "260g"
  },
  {
    "Brand_Product_Size": "Air Wick Essential Oils Candle Vanilla & Soft Cashmere 1 pack",
    "COL Price": 6,
    "COL ppu": "$6.00 per 1Ea",
    "COL Size": "1 pack"
  },
  {
    "Brand_Product_Size": "Coles Mini Monkey Multipack Biscuits 10 Pack 250g",
    "COL Price": 2.5,
    "COL ppu": "$1.00 per 100G",
    "COL Size": "250g"
  },
  {
    "Brand_Product_Size": "Mum Dry Anti-Perspirant Active All Day Roll On Deodorant 50mL",
    "COL Price": 3,
    "COL ppu": "$6.00 per 100mL",
    "COL Size": "50mL"
  },
  {
    "Brand_Product_Size": "Jalna Pouch Of Purity Organic Blueberry Yoghurt 100g",
    "COL Price": 1,
    "COL ppu": "$1.00 per 100G",
    "COL Size": "100g"
  },
  {
    "Brand_Product_Size": "Genius Gluten Free Soft White Rolls 2 pack",
    "COL Price": 3.5,
    "COL ppu": "$1.75 per 1Ea",
    "COL Size": "2 pack"
  },
  {
    "Brand_Product_Size": "Leggo's Pizza Tomato Paste 2 Pack 140g",
    "COL Price": 2.9,
    "COL ppu": "$1.04 per 100G",
    "COL Size": "140g"
  },
  {
    "Brand_Product_Size": "Rowntrees Fruit Gums 150g",
    "COL Price": 4.2,
    "COL ppu": "$2.80 per 100G",
    "COL Size": "150g"
  },
  {
    "Brand_Product_Size": "Earth Choice Laundry Liquid 1L",
    "COL Price": 2.4,
    "COL ppu": "$2.40 per 1L",
    "COL Size": "1L"
  },
  {
    "Brand_Product_Size": "Four N Twenty Meat Free Pie 175g",
    "COL Price": 3.5,
    "COL ppu": "$2.00 per 100G",
    "COL Size": "175g"
  },
  {
    "Brand_Product_Size": "TIGI Bed Head Urban Antidotes L3 Resurrection Conditioner 200mL",
    "COL Price": 20,
    "COL ppu": "$10.00 per 100mL",
    "COL Size": "200mL"
  },
  {
    "Brand_Product_Size": "Redheads Extra Long Safety Matches 45 pack",
    "COL Price": 2.75,
    "COL ppu": "$6.11 per 100Ea",
    "COL Size": "45 pack"
  },
  {
    "Brand_Product_Size": "Laucke Stoneground Rustic White 2.4kg",
    "COL Price": 10.25,
    "COL ppu": "$4.27 per 1Kg",
    "COL Size": "2.4kg"
  },
  {
    "Brand_Product_Size": "Lindt Lindor Milk Chocolate Balls Gift Box 235g",
    "COL Price": 20,
    "COL ppu": "$8.51 per 100G",
    "COL Size": "235g"
  },
  {
    "Brand_Product_Size": "Queen Writing Icing Multipack Colour Tubes 5 pack 105g",
    "COL Price": 5,
    "COL ppu": "$4.76 per 100G",
    "COL Size": "105g"
  },
  {
    "Brand_Product_Size": "Harvest Hearty Irish Stew 425g",
    "COL Price": 3,
    "COL ppu": "$0.71 per 100G",
    "COL Size": "425g"
  },
  {
    "Brand_Product_Size": "Sukin Facial Scrub For Men 125mL",
    "COL Price": 16,
    "COL ppu": "$12.80 per 100mL",
    "COL Size": "125mL"
  },
  {
    "Brand_Product_Size": "Starbucks Caffe Verona Ground 200g",
    "COL Price": 9,
    "COL ppu": "$4.50 per 100G",
    "COL Size": "200g"
  },
  {
    "Brand_Product_Size": "Nerada Tea Bags 50 pack 100g",
    "COL Price": 2.5,
    "COL ppu": "$2.50 per 100G",
    "COL Size": "100g"
  },
  {
    "Brand_Product_Size": "Coles A5 Stitchbound Notebook 64 Page 2 pack",
    "COL Price": 5.5,
    "COL ppu": "$2.75 per 1Ea",
    "COL Size": "2 pack"
  },
  {
    "Brand_Product_Size": "Yumis Mini Sweet Potato & Cashew Dip 3 x 65g pack 195g",
    "COL Price": 3.5,
    "COL ppu": "$1.79 per 100G",
    "COL Size": "195g"
  },
  {
    "Brand_Product_Size": "Colomba Anchovy Fillets 80g",
    "COL Price": 4.6,
    "COL ppu": "$57.50 per 1Kg",
    "COL Size": "80g"
  },
  {
    "Brand_Product_Size": "Coles Vegan Special Burger Sauce 365mL",
    "COL Price": 2.75,
    "COL ppu": "$0.75 per 100mL",
    "COL Size": "365mL"
  },
  {
    "Brand_Product_Size": "Madame Flavour Luscious Licorice Tisane Tea Bags 18 Pack 36g",
    "COL Price": 5.96,
    "COL ppu": "$16.56 per 100G",
    "COL Size": "36g"
  },
  {
    "Brand_Product_Size": "Original Juice Co. Goodness Green Pressed Juice 350mL",
    "COL Price": 3,
    "COL ppu": "$8.57 per 1L",
    "COL Size": "350mL"
  },
  {
    "Brand_Product_Size": "Coles Mini Highlighters In Pouch 6 pack",
    "COL Price": 5,
    "COL ppu": "$0.83 per 1Ea",
    "COL Size": "6 pack"
  },
  {
    "Brand_Product_Size": "Fever-Tree Mediterranean Tonic Water Multipack 4x200mL 4 pack",
    "COL Price": 6,
    "COL ppu": "$7.50 per 1L",
    "COL Size": "4 pack"
  },
  {
    "Brand_Product_Size": "Yoplait Classics Yoghurt 160g 6 pack",
    "COL Price": 5,
    "COL ppu": "$0.52 per 100G",
    "COL Size": "6 pack"
  },
  {
    "Brand_Product_Size": "MasterFoods Dijon Mustard 170g",
    "COL Price": 2.5,
    "COL ppu": "$1.47 per 100G",
    "COL Size": "170g"
  },
  {
    "Brand_Product_Size": "Coles Crumbed Whiting Mini Fillets 285g",
    "COL Price": 10,
    "COL ppu": "$35.09 per 1Kg",
    "COL Size": "285g"
  },
  {
    "Brand_Product_Size": "Dr Pepper Soft Drink Can 330mL",
    "COL Price": 2.35,
    "COL ppu": "$7.12 per 1L",
    "COL Size": "330mL"
  },
  {
    "Brand_Product_Size": "Pacific West Frozen Cocktail Spring Rolls 1kg",
    "COL Price": 11.5,
    "COL ppu": "$1.15 per 100G",
    "COL Size": "1kg"
  },
  {
    "Brand_Product_Size": "Hanabi Prawn & Pork Dumplings 500g",
    "COL Price": 10,
    "COL ppu": "$2.00 per 100G",
    "COL Size": "500g"
  },
  {
    "Brand_Product_Size": "Nando's Medium Peri-Peri Sauce 250g",
    "COL Price": 5.75,
    "COL ppu": "$2.30 per 100G",
    "COL Size": "250g"
  },
  {
    "Brand_Product_Size": "Daley Street Dark Coffee Ground 200g",
    "COL Price": 4.5,
    "COL ppu": "$2.25 per 100G",
    "COL Size": "200g"
  },
  {
    "Brand_Product_Size": "Tetley Decaffeinated Green Tea Bags 50 pack 87.5g",
    "COL Price": 3,
    "COL ppu": "$3.43 per 100G",
    "COL Size": "87.5g"
  },
  {
    "Brand_Product_Size": "Jarlsberg Original Cheese Wedge 250g",
    "COL Price": 7.9,
    "COL ppu": "$31.60 per 1Kg",
    "COL Size": "250g"
  },
  {
    "Brand_Product_Size": "Mini Manual Umbrella Navy 1 pack",
    "COL Price": 13,
    "COL ppu": "$13.00 per 1Ea",
    "COL Size": "1 pack"
  },
  {
    "Brand_Product_Size": "Munchme Cashew Sesame 120g",
    "COL Price": 4.4,
    "COL ppu": "$3.67 per 100G",
    "COL Size": "120g"
  },
  {
    "Brand_Product_Size": "Belvita Honey and Nut Breakfast Biscuits 6 Pack 300g",
    "COL Price": 4,
    "COL ppu": "$1.33 per 100G",
    "COL Size": "300g"
  },
  {
    "Brand_Product_Size": "Cadbury Dairy Milk Neapolitan Block 178g",
    "COL Price": 5,
    "COL ppu": "$2.81 per 100G",
    "COL Size": "178g"
  },
  {
    "Brand_Product_Size": "Wellness Road Organic Buckwheat Flour 500g",
    "COL Price": 5,
    "COL ppu": "$10.00 per 1Kg",
    "COL Size": "500g"
  },
  {
    "Brand_Product_Size": "V.I.P. Fussy Cat Grainfree Salmon & Whitefish with Olive Oil Cat Food 85g",
    "COL Price": 1.2,
    "COL ppu": "$1.41 per 100G",
    "COL Size": "85g"
  },
  {
    "Brand_Product_Size": "On The Menu Spaghetti Bolognese 400g",
    "COL Price": 4.5,
    "COL ppu": "$1.13 per 100G",
    "COL Size": "400g"
  },
  {
    "Brand_Product_Size": "L'Oreal Elnett Normal Strength Hair Spray 400mL",
    "COL Price": 5.5,
    "COL ppu": "$1.38 per 100mL",
    "COL Size": "400mL"
  },
  {
    "Brand_Product_Size": "Primo Roast Pork Sliced 80g",
    "COL Price": 3.25,
    "COL ppu": "$4.06 per 100G",
    "COL Size": "80g"
  },
  {
    "Brand_Product_Size": "Air Wick Odour Neutralising Spray Lavender & Lily Of The Valley 236mL",
    "COL Price": 7,
    "COL ppu": "$2.97 per 100mL",
    "COL Size": "236mL"
  },
  {
    "Brand_Product_Size": "KIND Dark Chocolates Nuts & Sea Salt Bar 40g",
    "COL Price": 3,
    "COL ppu": "$7.50 per 100G",
    "COL Size": "40g"
  },
  {
    "Brand_Product_Size": "Coles Sweet Mustard Pickles 520g",
    "COL Price": 1.7,
    "COL ppu": "$0.33 per 100G",
    "COL Size": "520g"
  },
  {
    "Brand_Product_Size": "Elmers Magical Liquid each",
    "COL Price": 10,
    "COL ppu": "$10.00 per 1Ea",
    "COL Size": "each"
  },
  {
    "Brand_Product_Size": "Lynx Deodorant Aerosol Africa 250mL",
    "COL Price": 8.5,
    "COL ppu": "$3.40 per 100mL",
    "COL Size": "250mL"
  },
  {
    "Brand_Product_Size": "Bluo Liquid Blue Laundry Soaker 250mL",
    "COL Price": 3.75,
    "COL ppu": "$15.00 per 1L",
    "COL Size": "250mL"
  },
  {
    "Brand_Product_Size": "Capilano Manuka Dark & Aromatic Honey 340g",
    "COL Price": 8.5,
    "COL ppu": "$2.50 per 100G",
    "COL Size": "340g"
  },
  {
    "Brand_Product_Size": "Thins Chicken Potato Chips 175g",
    "COL Price": 3.5,
    "COL ppu": "$2.00 per 100G",
    "COL Size": "175g"
  },
  {
    "Brand_Product_Size": "Kellogg's Coco Pops Chocolatey Breakfast Cereal 375g",
    "COL Price": 5.4,
    "COL ppu": "$1.44 per 100G",
    "COL Size": "375g"
  },
  {
    "Brand_Product_Size": "Coles Pure Australian Honey 1kg",
    "COL Price": 13,
    "COL ppu": "$1.30 per 100G",
    "COL Size": "1kg"
  },
  {
    "Brand_Product_Size": "Hans Mild Twiggy Sticks approx. 125g each",
    "COL Price": 3.75,
    "COL ppu": "$30.00 per 1Kg",
    "COL Size": "approx. 125g each"
  },
  {
    "Brand_Product_Size": "La Zuppa Chicken Noodle Microwave Soup Bowl 420g",
    "COL Price": 4,
    "COL ppu": "$0.95 per 100G",
    "COL Size": "420g"
  },
  {
    "Brand_Product_Size": "Garlos Curry Beef Pie 200g",
    "COL Price": 4,
    "COL ppu": "$2.00 per 100G",
    "COL Size": "200g"
  },
  {
    "Brand_Product_Size": "Uncle Tobys Chewy Muesli Bars Variety Value 12 Pack 375g",
    "COL Price": 5,
    "COL ppu": "$1.33 per 100G",
    "COL Size": "375g"
  },
  {
    "Brand_Product_Size": "Quorn Frozen Vegan Hot & Spicy Burgers 264g",
    "COL Price": 7,
    "COL ppu": "$2.65 per 100G",
    "COL Size": "264g"
  },
  {
    "Brand_Product_Size": "Cocobella Straight Up Pure Coconut Water 250mL",
    "COL Price": 2.15,
    "COL ppu": "$8.60 per 1L",
    "COL Size": "250mL"
  },
  {
    "Brand_Product_Size": "Tassal Smoked Salmon 400g",
    "COL Price": 18,
    "COL ppu": "$45.00 per 1Kg",
    "COL Size": "400g"
  },
  {
    "Brand_Product_Size": "Natural Chip Co. 10 Pack 181g",
    "COL Price": 5.2,
    "COL ppu": "$2.87 per 100G",
    "COL Size": "181g"
  },
  {
    "Brand_Product_Size": "Coles Bake & Create Funfetti Sprinkles 65g",
    "COL Price": 3,
    "COL ppu": "$4.62 per 100G",
    "COL Size": "65g"
  },
  {
    "Brand_Product_Size": "Bostik Blu Tack 75g",
    "COL Price": 2.5,
    "COL ppu": "$2.50 per 1ea",
    "COL Size": "75g"
  },
  {
    "Brand_Product_Size": "Coles RSPCA Approved Chicken Kebabs Nut Free Satay 375g",
    "COL Price": 7,
    "COL ppu": "$18.67 per 1Kg",
    "COL Size": "375g"
  },
  {
    "Brand_Product_Size": "Barilla Farfalle Pasta No 65 500g",
    "COL Price": 2,
    "COL ppu": "$0.40 per 100G",
    "COL Size": "500g"
  },
  {
    "Brand_Product_Size": "Coles Dry Roasted Almonds 400g",
    "COL Price": 9,
    "COL ppu": "$2.25 per 100G",
    "COL Size": "400g"
  },
  {
    "Brand_Product_Size": "Coles RSPCA Approved Chicken Burgers Plain Crumb 400g",
    "COL Price": 5.5,
    "COL ppu": "$13.75 per 1Kg",
    "COL Size": "400g"
  },
  {
    "Brand_Product_Size": "Lifestyles Large Condoms 10 pack",
    "COL Price": 5.5,
    "COL ppu": "$0.55 per 1Ea",
    "COL Size": "10 pack"
  },
  {
    "Brand_Product_Size": "Coles Slow Cooked Pulled Chicken 250g",
    "COL Price": 7.5,
    "COL ppu": "$30.00 per 1Kg",
    "COL Size": "250g"
  },
  {
    "Brand_Product_Size": "Coles Poblano Green Chillies loose approx. 50g",
    "COL Price": 0.9,
    "COL ppu": "$18.00 per 1Kg",
    "COL Size": "approx. 50g"
  },
  {
    "Brand_Product_Size": "Coles Deli Green Olives Stuffed with Danish Style Fetta 120g",
    "COL Price": 3.5,
    "COL ppu": "$29.17 per 1Kg",
    "COL Size": "120g"
  },
  {
    "Brand_Product_Size": "Primo Gluten Free Thinly Sliced Double Smoked Leg Ham 100g",
    "COL Price": 3.25,
    "COL ppu": "$3.25 per 100G",
    "COL Size": "100g"
  },
  {
    "Brand_Product_Size": "Twinings In'Fuse Cold Water Infusion Peach & Passionfruit 30 pack",
    "COL Price": 11,
    "COL ppu": "$0.37 per 1Ea",
    "COL Size": "30 pack"
  },
  {
    "Brand_Product_Size": "Kellogg's Coco Pops Chex Chocolatey Breakfast Cereal 500g",
    "COL Price": 3.5,
    "COL ppu": "$0.70 per 100G",
    "COL Size": "500g"
  },
  {
    "Brand_Product_Size": "Nerf Dog Tire Feeder 1 pack",
    "COL Price": 10,
    "COL ppu": "$10.00 per 1Ea",
    "COL Size": "1 pack"
  },
  {
    "Brand_Product_Size": "Nestle Rolo Chocolate Block 200g",
    "COL Price": 3,
    "COL ppu": "$1.50 per 100G",
    "COL Size": "200g"
  },
  {
    "Brand_Product_Size": "Tate & Lyle Butterscotch Dessert Syrup 325g",
    "COL Price": 3.5,
    "COL ppu": "$1.08 per 100G",
    "COL Size": "325g"
  },
  {
    "Brand_Product_Size": "Sard Wonder Eucalyptus Soap Stain Remover 125g",
    "COL Price": 2.65,
    "COL ppu": "$21.20 per 1Kg",
    "COL Size": "125g"
  },
  {
    "Brand_Product_Size": "Soothers Blackcurrant Dry Sore Throat 3 pack",
    "COL Price": 4,
    "COL ppu": "$1.33 per 1Ea",
    "COL Size": "3 pack"
  },
  {
    "Brand_Product_Size": "Coles Beef Porterhouse Steak approx. 487g",
    "COL Price": 18.019,
    "COL ppu": "$37.00 per 1Kg",
    "COL Size": "approx. 487g"
  },
  {
    "Brand_Product_Size": "Bertolli Olive Oil Margarine Spread Classic 500g",
    "COL Price": 3.5,
    "COL ppu": "$0.70 per 100G",
    "COL Size": "500g"
  },
  {
    "Brand_Product_Size": "Twisties Multipack 12 Pack 220g",
    "COL Price": 5,
    "COL ppu": "$2.27 per 100G",
    "COL Size": "220g"
  },
  {
    "Brand_Product_Size": "McCain Frozen Ultra Thin Crust Pepperoni Pizza 310g",
    "COL Price": 5.5,
    "COL ppu": "$1.77 per 100G",
    "COL Size": "310g"
  },
  {
    "Brand_Product_Size": "Radiant Laundry Liquid Whites And Colours 2L",
    "COL Price": 9,
    "COL ppu": "$4.50 per 1L",
    "COL Size": "2L"
  },
  {
    "Brand_Product_Size": "Tandaco Coating Mix Lightly Season Fish 75g",
    "COL Price": 1.8,
    "COL ppu": "$0.24 per 10G",
    "COL Size": "75g"
  },
  {
    "Brand_Product_Size": "Black Swan Crafted Roasted Garlic Hommus Dip 200g",
    "COL Price": 4.3,
    "COL ppu": "$2.15 per 100G",
    "COL Size": "200g"
  },
  {
    "Brand_Product_Size": "Old El Paso Thick & Chunky Salsa Mild 375g",
    "COL Price": 3.5,
    "COL ppu": "$0.93 per 100G",
    "COL Size": "375g"
  },
  {
    "Brand_Product_Size": "Cortas Baba Ghanoush Eggplant Dip 360g",
    "COL Price": 2.7,
    "COL ppu": "$0.75 per 100G",
    "COL Size": "360g"
  },
  {
    "Brand_Product_Size": "Multix Greener Baking Paper 25m each",
    "COL Price": 6.55,
    "COL ppu": "$6.55 per 1Ea",
    "COL Size": "each"
  },
  {
    "Brand_Product_Size": "Coles Casserole With Beef Canned Dog Food Adult 1-7 Years 1.2kg",
    "COL Price": 2.4,
    "COL ppu": "$0.20 per 100G",
    "COL Size": "1.2kg"
  },
  {
    "Brand_Product_Size": "Cook & Dine Cocktail Sticks 200 pack",
    "COL Price": 2,
    "COL ppu": "$2.00 per 1Ea",
    "COL Size": "200 pack"
  },
  {
    "Brand_Product_Size": "Coles Choc Cherry Slices 5 pack 175g",
    "COL Price": 3,
    "COL ppu": "$1.71 per 100G",
    "COL Size": "175g"
  },
  {
    "Brand_Product_Size": "Head & Shoulders Supreme Moisture Anti-Dandruff Shampoo 400mL",
    "COL Price": 7.5,
    "COL ppu": "$1.88 per 100mL",
    "COL Size": "400mL"
  },
  {
    "Brand_Product_Size": "Nivea Men Active Clean Shower Gel & Body Wash + Active Charcoal 500mL",
    "COL Price": 6,
    "COL ppu": "$1.20 per 100mL",
    "COL Size": "500mL"
  },
  {
    "Brand_Product_Size": "Coles Thawed Seafood Chilli Prawns Skewers each",
    "COL Price": 1.5,
    "COL ppu": "$1.50 per 1Ea",
    "COL Size": "each"
  },
  {
    "Brand_Product_Size": "Onix Cordless Handheld Fan 10cm each",
    "COL Price": 16.5,
    "COL ppu": "",
    "COL Size": "each"
  },
  {
    "Brand_Product_Size": "Fanta Orange 1.25L",
    "COL Price": 2.6,
    "COL ppu": "$2.08 per 1L",
    "COL Size": "1.25L"
  },
  {
    "Brand_Product_Size": "Coles Mud Cake Decorated 700g",
    "COL Price": 7.5,
    "COL ppu": "$1.07 per 100G",
    "COL Size": "700g"
  },
  {
    "Brand_Product_Size": "Kedem Balsamic Vinegar 375mL",
    "COL Price": 8.2,
    "COL ppu": "$2.19 per 100mL",
    "COL Size": "375mL"
  },
  {
    "Brand_Product_Size": "Sistema To Go Wave Bottle 600mL each",
    "COL Price": 9,
    "COL ppu": "$9.00 per 1ea",
    "COL Size": "each"
  },
  {
    "Brand_Product_Size": "Sweet William Original Chocolate 100g",
    "COL Price": 3.6,
    "COL ppu": "$3.60 per 100G",
    "COL Size": "100g"
  },
  {
    "Brand_Product_Size": "Golden Crumpet Square 6 pack 425g",
    "COL Price": 2.5,
    "COL ppu": "$0.42 per 1Ea",
    "COL Size": "425g"
  },
  {
    "Brand_Product_Size": "Kb's Crumbed Squid Rings 1kg",
    "COL Price": 11,
    "COL ppu": "$11.00 per 1Kg",
    "COL Size": "1kg"
  },
  {
    "Brand_Product_Size": "Panadol Optizorb Paracetamol Caplets 20 pack",
    "COL Price": 4.2,
    "COL ppu": "$0.21 per 1Ea",
    "COL Size": "20 pack"
  },
  {
    "Brand_Product_Size": "Orgran Gluten Free Multigrain Quinoa Wafer Crackers 100g",
    "COL Price": 3.1,
    "COL ppu": "$3.10 per 100G",
    "COL Size": "100g"
  },
  {
    "Brand_Product_Size": "Bulla Splits Multi Flavoured Ice Cream Sticks 10 pack 750mL",
    "COL Price": 7,
    "COL ppu": "$0.93 per 100mL",
    "COL Size": "750mL"
  },
  {
    "Brand_Product_Size": "Lindt Lindor Milk Mint Bag 123g",
    "COL Price": 6,
    "COL ppu": "$4.88 per 100G",
    "COL Size": "123g"
  },
  {
    "Brand_Product_Size": "Hoyts Marjoram 25g",
    "COL Price": 1.4,
    "COL ppu": "$0.56 per 10G",
    "COL Size": "25g"
  },
  {
    "Brand_Product_Size": "Yaru Sparkling Mineral Water 1L",
    "COL Price": 1.47,
    "COL ppu": "$1.47 per 1L",
    "COL Size": "1L"
  },
  {
    "Brand_Product_Size": "Betty Crocker Red Velvet Cake Mix 480g",
    "COL Price": 5.2,
    "COL ppu": "$1.08 per 100G",
    "COL Size": "480g"
  },
  {
    "Brand_Product_Size": "Waterford's Lemon Lime Bitters Lite & Fruity Sparkling Mineral Water 1L",
    "COL Price": 1.15,
    "COL ppu": "$1.15 per 1L",
    "COL Size": "1L"
  },
  {
    "Brand_Product_Size": "Coles Kent Pumpkin Cut approx. 900g each",
    "COL Price": 1.35,
    "COL ppu": "$1.50 per 1Kg",
    "COL Size": "approx. 900g each"
  },
  {
    "Brand_Product_Size": "Loacker Gran Pasticceria Creme Noisette Chocolate Wafer Biscuit 100g",
    "COL Price": 4,
    "COL ppu": "$4.00 per 100G",
    "COL Size": "100g"
  },
  {
    "Brand_Product_Size": "Nobby's Salted Peanuts 375g",
    "COL Price": 3.5,
    "COL ppu": "$9.33 per 1Kg",
    "COL Size": "375g"
  },
  {
    "Brand_Product_Size": "Kellogg's LCM's Fruit Tingles 120g",
    "COL Price": 4,
    "COL ppu": "$3.33 per 100G",
    "COL Size": "120g"
  },
  {
    "Brand_Product_Size": "Protea Foods Lekker Traditional Droewors 100g",
    "COL Price": 8,
    "COL ppu": "$8.00 per 100G",
    "COL Size": "100g"
  },
  {
    "Brand_Product_Size": "Swisse Ultiboost High Strength  Co-Enzyme Q10 300mg 90 Capsules 1 pack",
    "COL Price": 22.5,
    "COL ppu": "$22.50 per 1Ea",
    "COL Size": "1 pack"
  },
  {
    "Brand_Product_Size": "Rascal & Friends Walker Nappies Jumbo 64 pack",
    "COL Price": 27,
    "COL ppu": "$0.42 per 1Ea",
    "COL Size": "64 pack"
  },
  {
    "Brand_Product_Size": "CareDent EeziFlossers Disposable Dental Flossers 24 pack",
    "COL Price": 2.6,
    "COL ppu": "$0.11 per 1Ea",
    "COL Size": "24 pack"
  },
  {
    "Brand_Product_Size": "Garnier Fructis Grow Strong Conditioner 315mL",
    "COL Price": 3.5,
    "COL ppu": "$1.11 per 100mL",
    "COL Size": "315mL"
  },
  {
    "Brand_Product_Size": "Fudge Urban Matte Hair Wax 70g",
    "COL Price": 10,
    "COL ppu": "$14.29 per 100G",
    "COL Size": "70g"
  },
  {
    "Brand_Product_Size": "Gravox Roast Pork Gravy 250g",
    "COL Price": 2.85,
    "COL ppu": "$1.14 per 100G",
    "COL Size": "250g"
  },
  {
    "Brand_Product_Size": "The Jelly Bean Factory Surprise Flavour Mix 50g",
    "COL Price": 2,
    "COL ppu": "$4.00 per 100G",
    "COL Size": "50g"
  },
  {
    "Brand_Product_Size": "Nature's Way High Strength Magnesium Tablets 150 pack",
    "COL Price": 16,
    "COL ppu": "$0.11 per 1Ea",
    "COL Size": "150 pack"
  },
  {
    "Brand_Product_Size": "Duck Extended Clean Lavendar Fresh Toilet Cleaner 50mL",
    "COL Price": 3,
    "COL ppu": "$6.00 per 100mL",
    "COL Size": "50mL"
  },
  {
    "Brand_Product_Size": "Sirena Tuna Fillets Extra Virgin Olive Oil 200g",
    "COL Price": 7.5,
    "COL ppu": "$37.50 per 1Kg",
    "COL Size": "200g"
  },
  {
    "Brand_Product_Size": "Kiwi Shine Black Shoe Polish 38g",
    "COL Price": 5,
    "COL ppu": "$13.16 per 100G",
    "COL Size": "38g"
  },
  {
    "Brand_Product_Size": "My Dog Chicken Supreme With Cheese Wet Dog Food Tray 100g",
    "COL Price": 1.5,
    "COL ppu": "$1.50 per 100G",
    "COL Size": "100g"
  },
  {
    "Brand_Product_Size": "Aeroplane Purple Grape Jelly Crystals 85g",
    "COL Price": 1.15,
    "COL ppu": "$1.35 per 100G",
    "COL Size": "85g"
  },
  {
    "Brand_Product_Size": "Nature's Way Adults Vita Gummies Magnesium 80 pack",
    "COL Price": 20,
    "COL ppu": "$25.00 per 100Ea",
    "COL Size": "80 pack"
  },
  {
    "Brand_Product_Size": "McKenzie's Chickpeas 375g",
    "COL Price": 1.8,
    "COL ppu": "$0.48 per 100G",
    "COL Size": "375g"
  },
  {
    "Brand_Product_Size": "IAMS Healthy Adult Original Dry Cat Food With Chicken 1kg",
    "COL Price": 11,
    "COL ppu": "$1.10 per 100G",
    "COL Size": "1kg"
  },
  {
    "Brand_Product_Size": "Uncle Tobys Oats Quick Sachets Breakfast Cereal Hi Fibre 320g",
    "COL Price": 5,
    "COL ppu": "$1.56 per 100G",
    "COL Size": "320g"
  },
  {
    "Brand_Product_Size": "Schweppes Mixers Natural Mineral Water 300mL Bottles 4 pack",
    "COL Price": 5.9,
    "COL ppu": "$4.92 per 1L",
    "COL Size": "4 pack"
  },
  {
    "Brand_Product_Size": "Olina's Date & Apricot Artisan Crackers 100g",
    "COL Price": 4,
    "COL ppu": "$4.00 per 100G",
    "COL Size": "100g"
  },
  {
    "Brand_Product_Size": "Purina One Urinary Tract Health Dry Cat Food 1.5kg",
    "COL Price": 12,
    "COL ppu": "$0.80 per 100G",
    "COL Size": "1.5kg"
  },
  {
    "Brand_Product_Size": "Slow Hills RSPCA Chicken Half approx. 1.250kg",
    "COL Price": 15,
    "COL ppu": "$12.00 per 1Kg",
    "COL Size": "approx. 1.250kg"
  },
  {
    "Brand_Product_Size": "Bickfords Raspberry Cordial 750mL",
    "COL Price": 3.2,
    "COL ppu": "$4.27 per 1L",
    "COL Size": "750mL"
  },
  {
    "Brand_Product_Size": "Streets Golden Gaytime Birthday Cake 400mL",
    "COL Price": 4.25,
    "COL ppu": "$1.06 per 100mL",
    "COL Size": "400mL"
  },
  {
    "Brand_Product_Size": "Tena Discreet Crme High Waist Underwear Large 8 pack",
    "COL Price": 13.6,
    "COL ppu": "$1.70 per 1Ea",
    "COL Size": "8 pack"
  },
  {
    "Brand_Product_Size": "Manicare Nail Shaper 175mm 2 pack",
    "COL Price": 6.1,
    "COL ppu": "$3.05 per 1Ea",
    "COL Size": "2 pack"
  },
  {
    "Brand_Product_Size": "Lipton Light Peach Ice Tea 1.5L",
    "COL Price": 1.97,
    "COL ppu": "$1.31 per 1L",
    "COL Size": "1.5L"
  },
  {
    "Brand_Product_Size": "Redheads Firestarters 10 pack",
    "COL Price": 2.5,
    "COL ppu": "$0.25 per 1Ea",
    "COL Size": "10 pack"
  },
  {
    "Brand_Product_Size": "Swisse Ultiboost Zinc+ Tablets 60 pack",
    "COL Price": 16,
    "COL ppu": "$26.67 per 100Ea",
    "COL Size": "60 pack"
  },
  {
    "Brand_Product_Size": "Purina One Indoor 1+ Years Dry Cat Food With Chicken 1.5kg",
    "COL Price": 12,
    "COL ppu": "$8.00 per 1Kg",
    "COL Size": "1.5kg"
  },
  {
    "Brand_Product_Size": "Taste Of Asia Sweet Chilli Sauce 700mL",
    "COL Price": 6.5,
    "COL ppu": "$0.93 per 100mL",
    "COL Size": "700mL"
  },
  {
    "Brand_Product_Size": "Twinings Rose Lemonade Cold Water Infusion 12 pack 30g",
    "COL Price": 6,
    "COL ppu": "$0.50 per 1Ea",
    "COL Size": "30g"
  },
  {
    "Brand_Product_Size": "Duracell Coppertop Alkaline 6V Battery 1 pack",
    "COL Price": 12,
    "COL ppu": "$12.00 per 1Ea",
    "COL Size": "1 pack"
  },
  {
    "Brand_Product_Size": "Coles Unicorn Novelty Bunting each",
    "COL Price": 4,
    "COL ppu": "$4.00 per 1Ea",
    "COL Size": "each"
  },
  {
    "Brand_Product_Size": "Cuddly Sunshine Fresh Fabric Conditioner 1L",
    "COL Price": 6,
    "COL ppu": "$6.00 per 1L",
    "COL Size": "1L"
  },
  {
    "Brand_Product_Size": "Toshiba USB 2.0 SM02 16GB each",
    "COL Price": 11.2,
    "COL ppu": "$11.20 per 1Ea",
    "COL Size": "each"
  },
  {
    "Brand_Product_Size": "Coles Tuscan Kale each",
    "COL Price": 4,
    "COL ppu": "$4.00 per 1Ea",
    "COL Size": "each"
  },
  {
    "Brand_Product_Size": "Lemsip Max Cold and Flu Multi Relief Hot Drink Lemon 10 pack",
    "COL Price": 12,
    "COL ppu": "$1.20 per 1Ea",
    "COL Size": "10 pack"
  },
  {
    "Brand_Product_Size": "Nescafe Vanilla Coffee Sachets 10 pack",
    "COL Price": 6.3,
    "COL ppu": "$0.63 per 1Ea",
    "COL Size": "10 pack"
  },
  {
    "Brand_Product_Size": "Coles Aloe Vera After Sun Lotion 1L",
    "COL Price": 12,
    "COL ppu": "$1.20 per 100mL",
    "COL Size": "1L"
  },
  {
    "Brand_Product_Size": "Trident Dried Pitted Dates 500g",
    "COL Price": 3.6,
    "COL ppu": "$7.20 per 1Kg",
    "COL Size": "500g"
  },
  {
    "Brand_Product_Size": "Butterfingers Shortbread Biscuits 175g",
    "COL Price": 4.9,
    "COL ppu": "$2.80 per 100G",
    "COL Size": "175g"
  },
  {
    "Brand_Product_Size": "Delicias Quince Paste 240g",
    "COL Price": 10,
    "COL ppu": "$4.17 per 100G",
    "COL Size": "240g"
  },
  {
    "Brand_Product_Size": "Syndian Frozen Chilli Falafels 300g",
    "COL Price": 6.5,
    "COL ppu": "$2.17 per 100G",
    "COL Size": "300g"
  },
  {
    "Brand_Product_Size": "Artisan Wild Baby Figs 150g",
    "COL Price": 9,
    "COL ppu": "$60.00 per 1Kg",
    "COL Size": "150g"
  },
  {
    "Brand_Product_Size": "Coles Gluten Free Self Raising Flour 500g",
    "COL Price": 2.4,
    "COL ppu": "$4.80 per 1Kg",
    "COL Size": "500g"
  },
  {
    "Brand_Product_Size": "Coles Finest Tasmanian Quince Paste approx. 100g",
    "COL Price": 3.3,
    "COL ppu": "$33.00 per 1Kg",
    "COL Size": "approx. 100g"
  },
  {
    "Brand_Product_Size": "Zovirax Cold Sore Cream Tube 2g",
    "COL Price": 15,
    "COL ppu": "$750.00 per 100G",
    "COL Size": "2g"
  },
  {
    "Brand_Product_Size": "Coles Beef Burgers With Special Burger Sauce Flavour 450g",
    "COL Price": 7.5,
    "COL ppu": "$16.67 per 1Kg",
    "COL Size": "450g"
  },
  {
    "Brand_Product_Size": "Coles Casserole With Chicken Rice & Vegetable Canned Dog Food Adult 1-7 Years 700g",
    "COL Price": 1.3,
    "COL ppu": "$0.19 per 100G",
    "COL Size": "700g"
  },
  {
    "Brand_Product_Size": "Palmolive Anti-Stress Shower Gel 1L",
    "COL Price": 8.5,
    "COL ppu": "$0.85 per 100mL",
    "COL Size": "1L"
  },
  {
    "Brand_Product_Size": "Well Naturally No Sugar Added Coconut Delight Milk Chocolate 90g",
    "COL Price": 4,
    "COL ppu": "$4.44 per 100G",
    "COL Size": "90g"
  },
  {
    "Brand_Product_Size": "Whiskas 1+ Years Wet Cat Food Ocean Fish Loaf Can 400g",
    "COL Price": 1.75,
    "COL ppu": "$0.44 per 100G",
    "COL Size": "400g"
  },
  {
    "Brand_Product_Size": "Queen Natural Almond Extract 50mL",
    "COL Price": 1.1,
    "COL ppu": "$0.22 per 10mL",
    "COL Size": "50mL"
  },
  {
    "Brand_Product_Size": "Campbell's Real Salt Reduced  Chicken  Stock 500mL",
    "COL Price": 2.3,
    "COL ppu": "$0.46 per 100mL",
    "COL Size": "500mL"
  },
  {
    "Brand_Product_Size": "Coles Kitchen Loaded Chilli Wedges 1.2 kg",
    "COL Price": 14,
    "COL ppu": "$1.17 per 100G",
    "COL Size": "1.2 kg"
  },
  {
    "Brand_Product_Size": "Coles Kitchen Butter Chicken With Rice 350g",
    "COL Price": 6.5,
    "COL ppu": "$1.86 per 100G",
    "COL Size": "350g"
  },
  {
    "Brand_Product_Size": "KOi Lemon Myrtle & Mango Butter Bar Soap 100g",
    "COL Price": 3,
    "COL ppu": "$3.00 per 100G",
    "COL Size": "100g"
  },
  {
    "Brand_Product_Size": "Batiste Clean & Classic Original Dry Shampoo 50mL",
    "COL Price": 5,
    "COL ppu": "$10.00 per 100mL",
    "COL Size": "50mL"
  },
  {
    "Brand_Product_Size": "Hoyts Vanillin Sugar 25g",
    "COL Price": 1.15,
    "COL ppu": "$0.46 per 10G",
    "COL Size": "25g"
  },
  {
    "Brand_Product_Size": "Coles Cling Wrap Super Stretch 30m 1 pack",
    "COL Price": 1.9,
    "COL ppu": "$1.90 per 1Ea",
    "COL Size": "1 pack"
  },
  {
    "Brand_Product_Size": "Cook & Dine Spin Wash Pasta Bowls 4 pack",
    "COL Price": 16,
    "COL ppu": "$4.00 per 1Ea",
    "COL Size": "4 pack"
  },
  {
    "Brand_Product_Size": "Palirria Sweet & Spicy Dolmas 280g",
    "COL Price": 5.5,
    "COL ppu": "$1.96 per 100G",
    "COL Size": "280g"
  },
  {
    "Brand_Product_Size": "Mcclure's Spicy Whole Pickles 720g",
    "COL Price": 8,
    "COL ppu": "$11.11 per 1Kg",
    "COL Size": "720g"
  },
  {
    "Brand_Product_Size": "Bulla Creamy Classic Sandwich Neapolitan 4 pack 560mL",
    "COL Price": 8.5,
    "COL ppu": "$1.52 per 100mL",
    "COL Size": "560mL"
  },
  {
    "Brand_Product_Size": "Lighthouse Cake, Sponge & Steamed Bun Self Raising Flour 1kg",
    "COL Price": 3.75,
    "COL ppu": "$3.75 per 1Kg",
    "COL Size": "1kg"
  },
  {
    "Brand_Product_Size": "Green's Orange Poppyseed Cake Mix 580g",
    "COL Price": 3.2,
    "COL ppu": "$0.55 per 100G",
    "COL Size": "580g"
  },
  {
    "Brand_Product_Size": "Tunnock's Tea Cakes Milk Chocolate 6 Pack 126g",
    "COL Price": 6,
    "COL ppu": "$4.76 per 100G",
    "COL Size": "126g"
  },
  {
    "Brand_Product_Size": "MasterFoods Medium Pepper Steak Seasoning 35g",
    "COL Price": 3.35,
    "COL ppu": "$0.96 per 10G",
    "COL Size": "35g"
  },
  {
    "Brand_Product_Size": "Little Bellies Fiddlesticks Cheese 12g",
    "COL Price": 1.7,
    "COL ppu": "$14.17 per 100G",
    "COL Size": "12g"
  },
  {
    "Brand_Product_Size": "Allen's Ice Creamery Sorbet Sundaes 170g",
    "COL Price": 3,
    "COL ppu": "$1.76 per 100G",
    "COL Size": "170g"
  },
  {
    "Brand_Product_Size": "Kleenex Eco Toilet Tissue 4 pack",
    "COL Price": 5,
    "COL ppu": "$1.25 per 1Ea",
    "COL Size": "4 pack"
  },
  {
    "Brand_Product_Size": "Mayver's High Protein Peanut Butter 375g",
    "COL Price": 5.5,
    "COL ppu": "$1.47 per 100G",
    "COL Size": "375g"
  },
  {
    "Brand_Product_Size": "Duracell Lithium 3V CR123 Batteries 2 pack",
    "COL Price": 18,
    "COL ppu": "$9.00 per 1Ea",
    "COL Size": "2 pack"
  },
  {
    "Brand_Product_Size": "Coles Australian Two Fruits In Juice 410g",
    "COL Price": 2,
    "COL ppu": "$4.88 per 1Kg",
    "COL Size": "410g"
  },
  {
    "Brand_Product_Size": "Lewis & Son Rockin' Out Brocco Kraut 500g",
    "COL Price": 13.25,
    "COL ppu": "$2.65 per 100G",
    "COL Size": "500g"
  },
  {
    "Brand_Product_Size": "Bounce Coconut Macadamia 3x40g 120g",
    "COL Price": 6.95,
    "COL ppu": "$5.79 per 100G",
    "COL Size": "120g"
  },
  {
    "Brand_Product_Size": "Aussie Bodies Shape Keto Wafer Cookies & Cream 35g",
    "COL Price": 3,
    "COL ppu": "$8.57 per 100G",
    "COL Size": "35g"
  },
  {
    "Brand_Product_Size": "Indomie Fried Mi Goreng Satay Instant Noodles 5 Pack 80g",
    "COL Price": 2.75,
    "COL ppu": "$0.69 per 100G",
    "COL Size": "80g"
  },
  {
    "Brand_Product_Size": "Coles Sliced Water Chestnuts 225g",
    "COL Price": 1.1,
    "COL ppu": "$4.89 per 1Kg",
    "COL Size": "225g"
  },
  {
    "Brand_Product_Size": "Ajax Professional Bathroom Trigger Spray 500mL",
    "COL Price": 5.8,
    "COL ppu": "$1.16 per 100mL",
    "COL Size": "500mL"
  },
  {
    "Brand_Product_Size": "Panadol Paracetamol Pain Relief Tablets 20 pack",
    "COL Price": 3.7,
    "COL ppu": "$0.19 per 1Ea",
    "COL Size": "20 pack"
  },
  {
    "Brand_Product_Size": "Audeeo Sheath Wireless Metal Earphones Assorted 1 pack",
    "COL Price": 30,
    "COL ppu": "$30.00 per 1Ea",
    "COL Size": "1 pack"
  },
  {
    "Brand_Product_Size": "Cook & Dine Paring Knife each",
    "COL Price": 2.5,
    "COL ppu": "$2.50 per 1Ea",
    "COL Size": "each"
  },
  {
    "Brand_Product_Size": "Vegemite Spread 150g",
    "COL Price": 3.5,
    "COL ppu": "$2.33 per 100G",
    "COL Size": "150g"
  },
  {
    "Brand_Product_Size": "Thins Sour Cream & Chives Potato Chips 175g",
    "COL Price": 3.5,
    "COL ppu": "$2.00 per 100G",
    "COL Size": "175g"
  },
  {
    "Brand_Product_Size": "Tradie Mens Trunk Size Medium 1 pack",
    "COL Price": 12,
    "COL ppu": "",
    "COL Size": "1 pack"
  },
  {
    "Brand_Product_Size": "Old El Paso Regular Tortillas 6 pack 240g",
    "COL Price": 3,
    "COL ppu": "$1.25 per 100G",
    "COL Size": "240g"
  },
  {
    "Brand_Product_Size": "Pilot Frixion Black Ballpoint Pen 1 pack",
    "COL Price": 3.25,
    "COL ppu": "",
    "COL Size": "1 pack"
  },
  {
    "Brand_Product_Size": "Eti Mini Pop Kek With Chocolate 144g",
    "COL Price": 2.5,
    "COL ppu": "$1.74 per 100G",
    "COL Size": "144g"
  },
  {
    "Brand_Product_Size": "Oasis Greek Style Coffee 200g",
    "COL Price": 4,
    "COL ppu": "$2.00 per 100G",
    "COL Size": "200g"
  },
  {
    "Brand_Product_Size": "Magazine Home Beautiful each",
    "COL Price": 8.8,
    "COL ppu": "$8.80 per 1Ea",
    "COL Size": "each"
  },
  {
    "Brand_Product_Size": "Coles Lemon Fresh Hot And Cold Wash Laundry Powder 4kg",
    "COL Price": 3.7,
    "COL ppu": "$0.93 per 1Kg",
    "COL Size": "4kg"
  },
  {
    "Brand_Product_Size": "Cook & Dine Round Cake Tin 24cm each",
    "COL Price": 4,
    "COL ppu": "$4.00 per 1Ea",
    "COL Size": "each"
  },
  {
    "Brand_Product_Size": "Nippy's Orange Juice Chilled 2L",
    "COL Price": 6,
    "COL ppu": "$3.00 per 1L",
    "COL Size": "2L"
  },
  {
    "Brand_Product_Size": "Coles Indian Naan Plain 3 Pack 250g",
    "COL Price": 2.7,
    "COL ppu": "$1.08 per 100G",
    "COL Size": "250g"
  },
  {
    "Brand_Product_Size": "Whiskas 1+ Years So Meaty Poultry Dishes Cat Food 85g 24 pack",
    "COL Price": 19.8,
    "COL ppu": "$0.83 per 1Ea",
    "COL Size": "24 pack"
  },
  {
    "Brand_Product_Size": "Freedom Foods Messy Monkeys Lightly Sweet & Salty Popcorn 130g",
    "COL Price": 5.5,
    "COL ppu": "$4.23 per 100G",
    "COL Size": "130g"
  },
  {
    "Brand_Product_Size": "Libra Breathable Liners With Anti-Bunching Purse Pack 28 pack",
    "COL Price": 1.89,
    "COL ppu": "$0.07 per 1Ea",
    "COL Size": "28 pack"
  },
  {
    "Brand_Product_Size": "Neutrogena Bright Boost Illuminating Serum 30mL",
    "COL Price": 34,
    "COL ppu": "$11.33 per 10mL",
    "COL Size": "30mL"
  },
  {
    "Brand_Product_Size": "Redwin Vitamin E & Vitamin C 400mL",
    "COL Price": 5.25,
    "COL ppu": "$1.31 per 100mL",
    "COL Size": "400mL"
  },
  {
    "Brand_Product_Size": "Cheetos Flaming Hot Puffs 150g",
    "COL Price": 3,
    "COL ppu": "$2.00 per 100G",
    "COL Size": "150g"
  },
  {
    "Brand_Product_Size": "Bonds Sheer Pantyhose Slim Black Medium 1 pack",
    "COL Price": 8,
    "COL ppu": "$8.00 per 1Ea",
    "COL Size": "1 pack"
  },
  {
    "Brand_Product_Size": "Sakata Plain Rice Crackers 100g",
    "COL Price": 2,
    "COL ppu": "$2.00 per 100G",
    "COL Size": "100g"
  },
  {
    "Brand_Product_Size": "Queen Victoria Earl Grey Tea 100 pack",
    "COL Price": 10,
    "COL ppu": "$0.10 per 1Ea",
    "COL Size": "100 pack"
  },
  {
    "Brand_Product_Size": "Eskal Gluten Free Pretzels 75g",
    "COL Price": 2.15,
    "COL ppu": "$2.87 per 100G",
    "COL Size": "75g"
  },
  {
    "Brand_Product_Size": "FAB Sublime Velvet Laundry Liquid 900mL",
    "COL Price": 5,
    "COL ppu": "$5.56 per 1L",
    "COL Size": "900mL"
  },
  {
    "Brand_Product_Size": "Golden Circle Raspberry Cordial 2L",
    "COL Price": 3,
    "COL ppu": "$1.50 per 1L",
    "COL Size": "2L"
  },
  {
    "Brand_Product_Size": "Espressotoria Vittoria Coffee Mountain Grown Coffee Capsules 12 pack",
    "COL Price": 4.2,
    "COL ppu": "$0.35 per 1Ea",
    "COL Size": "12 pack"
  },
  {
    "Brand_Product_Size": "Telstra Essential Pro 2 4GX each",
    "COL Price": 139,
    "COL ppu": "$139.00 per 1Ea",
    "COL Size": "each"
  },
  {
    "Brand_Product_Size": "The Bar Counter Salted Caramel & Chocolate Crunch 40g",
    "COL Price": 3,
    "COL ppu": "$7.50 per 100G",
    "COL Size": "40g"
  },
  {
    "Brand_Product_Size": "X-Treme Candy Sour Straps Strawberry 160g",
    "COL Price": 2,
    "COL ppu": "$1.25 per 100G",
    "COL Size": "160g"
  },
  {
    "Brand_Product_Size": "Disney Cars Micro Racers Assortment each",
    "COL Price": 5,
    "COL ppu": "$5.00 per 1Ea",
    "COL Size": "each"
  },
  {
    "Brand_Product_Size": "Gillette Fusion Power Gamer Shaving Razor Includes 1 Battery 1 pack",
    "COL Price": 16,
    "COL ppu": "$16.00 per 1Ea",
    "COL Size": "1 pack"
  },
  {
    "Brand_Product_Size": "Reese's Peanut Butter Chocolate Cones 472mL",
    "COL Price": 6,
    "COL ppu": "$1.27 per 100mL",
    "COL Size": "472mL"
  },
  {
    "Brand_Product_Size": "Coles Bakery Jumbo Cookie White Choc & Macadamia each",
    "COL Price": 2,
    "COL ppu": "$2.00 per 1Ea",
    "COL Size": "each"
  },
  {
    "Brand_Product_Size": "Mission Salt Reduced Wraps 8 pack 567g",
    "COL Price": 5,
    "COL ppu": "$0.88 per 100G",
    "COL Size": "567g"
  },
  {
    "Brand_Product_Size": "Ricci's Bikkies Pita Crisp Olive Oil & Sea Salt 120g",
    "COL Price": 6.9,
    "COL ppu": "$5.75 per 100G",
    "COL Size": "120g"
  },
  {
    "Brand_Product_Size": "San Remo Ready Pasta Spaghetti 250g",
    "COL Price": 2,
    "COL ppu": "$0.80 per 100G",
    "COL Size": "250g"
  },
  {
    "Brand_Product_Size": "Garnier Nutrisse 4.15 Mahogany Ash Brown Permanent Hair Colour 1 pack",
    "COL Price": 7.5,
    "COL ppu": "$7.50 per 1Ea",
    "COL Size": "1 pack"
  },
  {
    "Brand_Product_Size": "Ottogi Korean BBQ Bulgogi Sauce 240g",
    "COL Price": 2.8,
    "COL ppu": "$1.17 per 100G",
    "COL Size": "240g"
  },
  {
    "Brand_Product_Size": "KOi Body Oil Argan And Ylang Ylang 100mL each",
    "COL Price": 12,
    "COL ppu": "$12.00 per 100mL",
    "COL Size": "each"
  },
  {
    "Brand_Product_Size": "Norco Elbo Style Cheese Block 500g",
    "COL Price": 10,
    "COL ppu": "$20.00 per 1Kg",
    "COL Size": "500g"
  },
  {
    "Brand_Product_Size": "Coles Bakery Apple Crumble Scroll Loose each",
    "COL Price": 2,
    "COL ppu": "$2.00 per 1Ea",
    "COL Size": "each"
  },
  {
    "Brand_Product_Size": "Peckish Sweet Carrot Rice Crackers 100g",
    "COL Price": 2.5,
    "COL ppu": "$2.50 per 100G",
    "COL Size": "100g"
  },
  {
    "Brand_Product_Size": "Coles Dark Chocolate Coated Liquorice 250g",
    "COL Price": 2,
    "COL ppu": "$0.80 per 100G",
    "COL Size": "250g"
  },
  {
    "Brand_Product_Size": "Green's Caramel Mud Cake 600g",
    "COL Price": 3.2,
    "COL ppu": "$0.53 per 100G",
    "COL Size": "600g"
  },
  {
    "Brand_Product_Size": "Codral Throat Lozenges Honey & Lemon 36 pack",
    "COL Price": 9.5,
    "COL ppu": "$0.26 per 1Ea",
    "COL Size": "36 pack"
  },
  {
    "Brand_Product_Size": "Skittles Fruits Lollies Box 45g",
    "COL Price": 1.55,
    "COL ppu": "$3.44 per 100G",
    "COL Size": "45g"
  },
  {
    "Brand_Product_Size": "Freedom Foods Active Balance Multigrain & Cranberry 350g",
    "COL Price": 6,
    "COL ppu": "$1.71 per 100G",
    "COL Size": "350g"
  },
  {
    "Brand_Product_Size": "Coles Beef Scotch Steak approx. 542g",
    "COL Price": 22.222,
    "COL ppu": "$41.00 per 1Kg",
    "COL Size": "approx. 542g"
  },
  {
    "Brand_Product_Size": "Ogx Dry Shampoo Coconut Milk 200mL",
    "COL Price": 20,
    "COL ppu": "$10.00 per 100mL",
    "COL Size": "200mL"
  },
  {
    "Brand_Product_Size": "Fancy Feast Chicken Feast Chunky Classic Cat Food 85g",
    "COL Price": 1.45,
    "COL ppu": "$1.71 per 100G",
    "COL Size": "85g"
  },
  {
    "Brand_Product_Size": "Contigo Auto Spout Water Bottle each",
    "COL Price": 20,
    "COL ppu": "$20.00 per 1Ea",
    "COL Size": "each"
  },
  {
    "Brand_Product_Size": "Nicabate Extra Fresh Mint Nicotine Chewing Gum 4mg 200 pack",
    "COL Price": 40,
    "COL ppu": "$0.20 per 1Ea",
    "COL Size": "200 pack"
  },
  {
    "Brand_Product_Size": "Coles Finest By Laurent White Sourdough Rolls 3 pack",
    "COL Price": 4,
    "COL ppu": "$1.33 per 1Ea",
    "COL Size": "3 pack"
  },
  {
    "Brand_Product_Size": "Pattu Mung Dhal 1kg",
    "COL Price": 4.1,
    "COL ppu": "$4.10 per 1Kg",
    "COL Size": "1kg"
  },
  {
    "Brand_Product_Size": "Dry Idea Baby Powder Aerosol Deodorant 150g",
    "COL Price": 2.5,
    "COL ppu": "$1.67 per 100G",
    "COL Size": "150g"
  },
  {
    "Brand_Product_Size": "Mother Earth Baked Oaty Slices Salted Caramel 240g",
    "COL Price": 3,
    "COL ppu": "$1.25 per 100G",
    "COL Size": "240g"
  },
  {
    "Brand_Product_Size": "Coles Chives Punnet 10g",
    "COL Price": 3,
    "COL ppu": "$3.00 per 10G",
    "COL Size": "10g"
  },
  {
    "Brand_Product_Size": "Dare Espresso Iced Coffee 750mL",
    "COL Price": 4.1,
    "COL ppu": "$5.47 per 1L",
    "COL Size": "750mL"
  },
  {
    "Brand_Product_Size": "Bonds Womens Logo No Show L7559W Size 3-8 3 pack",
    "COL Price": 15,
    "COL ppu": "$5.00 per 1Ea",
    "COL Size": "3 pack"
  },
  {
    "Brand_Product_Size": "Scunci No Slip Grip Head Wraps 4 pack",
    "COL Price": 9,
    "COL ppu": "$2.25 per 1Ea",
    "COL Size": "4 pack"
  },
  {
    "Brand_Product_Size": "Dairy Farmers A2 Protein Chocolate Milk 1.5L",
    "COL Price": 4,
    "COL ppu": "$2.67 per 1L",
    "COL Size": "1.5L"
  },
  {
    "Brand_Product_Size": "Red Tractor Oats Sachets Original 450g",
    "COL Price": 3,
    "COL ppu": "$0.67 per 100G",
    "COL Size": "450g"
  },
  {
    "Brand_Product_Size": "Mainland On The Go Lunch Pack Cheese & Chilli Jam 110g",
    "COL Price": 5,
    "COL ppu": "",
    "COL Size": "110g"
  },
  {
    "Brand_Product_Size": "Australia's Own Full Cream Milk 2L",
    "COL Price": 2.4,
    "COL ppu": "$1.20 per 1L",
    "COL Size": "2L"
  },
  {
    "Brand_Product_Size": "K-Roo Kangaroo Herb And Garlic Kebab 360g",
    "COL Price": 8,
    "COL ppu": "$22.22 per 1Kg",
    "COL Size": "360g"
  },
  {
    "Brand_Product_Size": "S-26 Gold Anti Reflux Formula 900g",
    "COL Price": 21,
    "COL ppu": "$2.33 per 100G",
    "COL Size": "900g"
  },
  {
    "Brand_Product_Size": "Happy Snack Company Fav-va Beans Lightly Salted 200g",
    "COL Price": 4.25,
    "COL ppu": "$2.13 per 100G",
    "COL Size": "200g"
  },
  {
    "Brand_Product_Size": "Red Rock Deli Sweet Chilli & Sour Cream Dip 150g",
    "COL Price": 4.5,
    "COL ppu": "$3.00 per 100G",
    "COL Size": "150g"
  },
  {
    "Brand_Product_Size": "Bonne Maman Apricot Jam 370g",
    "COL Price": 5.2,
    "COL ppu": "$1.41 per 100G",
    "COL Size": "370g"
  },
  {
    "Brand_Product_Size": "Metamucil Natural Granular 114 Doses each",
    "COL Price": 31.5,
    "COL ppu": "$3.95 per 100G",
    "COL Size": "each"
  },
  {
    "Brand_Product_Size": "Sole Mare Portuguese Style Sardines In Tomato Sauce 120g",
    "COL Price": 2.8,
    "COL ppu": "$2.33 per 100G",
    "COL Size": "120g"
  },
  {
    "Brand_Product_Size": "Tracklements Tomato Ketchup 230mL",
    "COL Price": 12,
    "COL ppu": "$5.22 per 100mL",
    "COL Size": "230mL"
  },
  {
    "Brand_Product_Size": "Olay Luminous Cica Super Serum 30mL",
    "COL Price": 60,
    "COL ppu": "$200.01 per 100mL",
    "COL Size": "30mL"
  },
  {
    "Brand_Product_Size": "Vittoria Espresso Blend Capsules 10 pack",
    "COL Price": 6,
    "COL ppu": "$0.60 per 1Ea",
    "COL Size": "10 pack"
  },
  {
    "Brand_Product_Size": "Coles Deli Baby Bell Peppers Stuffed With Cream Cheese 150g",
    "COL Price": 3.5,
    "COL ppu": "$23.33 per 1Kg",
    "COL Size": "150g"
  },
  {
    "Brand_Product_Size": "Coles Kitchen Spaghetti Bolognese 350g",
    "COL Price": 7.5,
    "COL ppu": "$2.14 per 100G",
    "COL Size": "350g"
  },
  {
    "Brand_Product_Size": "Coles Thawed Seafood Scallop Meat approx. 250g",
    "COL Price": 10.5,
    "COL ppu": "$42.00 per 1Kg",
    "COL Size": "approx. 250g"
  },
  {
    "Brand_Product_Size": "Jalna Farm To Pot Organic Yoghourt Greek 170g",
    "COL Price": 2.4,
    "COL ppu": "$1.41 per 100G",
    "COL Size": "170g"
  },
  {
    "Brand_Product_Size": "Coles Bakery Muffins Assorted 9 pack",
    "COL Price": 9,
    "COL ppu": "$1.00 per 1Ea",
    "COL Size": "9 pack"
  },
  {
    "Brand_Product_Size": "Misko Risone Medium No 52 Pasta 500g",
    "COL Price": 2.3,
    "COL ppu": "$0.46 per 100G",
    "COL Size": "500g"
  },
  {
    "Brand_Product_Size": "White Tulip Caustic Soda 500g",
    "COL Price": 4.4,
    "COL ppu": "$0.88 per 100G",
    "COL Size": "500g"
  },
  {
    "Brand_Product_Size": "Oral-B Power Vitality Sensitive Brush 1 pack",
    "COL Price": 22.5,
    "COL ppu": "$22.50 per 1Ea",
    "COL Size": "1 pack"
  },
  {
    "Brand_Product_Size": "Coles Thawed Seafood Basa Fillet 5kg each",
    "COL Price": 50,
    "COL ppu": "$50.00 per 1Ea",
    "COL Size": "each"
  },
  {
    "Brand_Product_Size": "Scholl Wart & Verruca Freeze Remover Kit 1 pack",
    "COL Price": 29.99,
    "COL ppu": "$29.99 per 1Ea",
    "COL Size": "1 pack"
  },
  {
    "Brand_Product_Size": "Heinz Simply Custard Banana 6+ Months 120g",
    "COL Price": 1.5,
    "COL ppu": "$1.25 per 100G",
    "COL Size": "120g"
  },
  {
    "Brand_Product_Size": "Palmolive Men Active Shower Gel 500mL",
    "COL Price": 3.78,
    "COL ppu": "$0.76 per 100mL",
    "COL Size": "500mL"
  },
  {
    "Brand_Product_Size": "Cottee's Fruit Cup Cordial No Added Sugar 1L",
    "COL Price": 4.2,
    "COL ppu": "$4.20 per 1L",
    "COL Size": "1L"
  },
  {
    "Brand_Product_Size": "Haagen-Dazs Fruit Collection 4 Pack 380mL",
    "COL Price": 7.5,
    "COL ppu": "$1.97 per 100mL",
    "COL Size": "380mL"
  },
  {
    "Brand_Product_Size": "Cetaphil Moisturising Lotion for All Skin Types 500mL",
    "COL Price": 16.5,
    "COL ppu": "$3.30 per 100mL",
    "COL Size": "500mL"
  },
  {
    "Brand_Product_Size": "Coles Kitchen Chicken Korma & Rice 350g",
    "COL Price": 6.5,
    "COL ppu": "$1.86 per 100G",
    "COL Size": "350g"
  },
  {
    "Brand_Product_Size": "Sunrice Brown Rice Chips Limited Edition 150g",
    "COL Price": 5,
    "COL ppu": "$3.33 per 100G",
    "COL Size": "150g"
  },
  {
    "Brand_Product_Size": "Blackmores Daily Health Capsules 30 pack",
    "COL Price": 30,
    "COL ppu": "$100.00 per 100Ea",
    "COL Size": "30 pack"
  },
  {
    "Brand_Product_Size": "The Natural Confectionary Co. Party Mix Lollies Large Bag 520g",
    "COL Price": 5,
    "COL ppu": "$0.96 per 100G",
    "COL Size": "520g"
  },
  {
    "Brand_Product_Size": "Dole Pineapple Slices In Juice 227g",
    "COL Price": 1.3,
    "COL ppu": "$5.73 per 1Kg",
    "COL Size": "227g"
  },
  {
    "Brand_Product_Size": "Farmers Market Homestyle Shreds With Beef Red Lentils Peas & Carrot Dog Food 250g",
    "COL Price": 5,
    "COL ppu": "$2.00 per 100G",
    "COL Size": "250g"
  },
  {
    "Brand_Product_Size": "Dairy Farmers New Milk 2L",
    "COL Price": 3.2,
    "COL ppu": "$1.60 per 1L",
    "COL Size": "2L"
  },
  {
    "Brand_Product_Size": "Munchme Roasted Almond 120g",
    "COL Price": 4.4,
    "COL ppu": "$3.67 per 100G",
    "COL Size": "120g"
  },
  {
    "Brand_Product_Size": "Soletti Pretzels Cocktail Duo Mix 160g",
    "COL Price": 1.9,
    "COL ppu": "$1.19 per 100G",
    "COL Size": "160g"
  },
  {
    "Brand_Product_Size": "Daley Street Dark Roast Coffee Beans 200g",
    "COL Price": 4.5,
    "COL ppu": "$2.25 per 100G",
    "COL Size": "200g"
  },
  {
    "Brand_Product_Size": "Coles Field Tomatoes Loose approx. 110g each",
    "COL Price": 0.649,
    "COL ppu": "$5.90 per 1Kg",
    "COL Size": "approx. 110g each"
  },
  {
    "Brand_Product_Size": "Coles Piel De Sapo Melon Medium each",
    "COL Price": 4.5,
    "COL ppu": "$4.50 per 1Ea",
    "COL Size": "each"
  },
  {
    "Brand_Product_Size": "Arnott's Lemon Crisp Biscuits 250g",
    "COL Price": 3,
    "COL ppu": "$1.20 per 100G",
    "COL Size": "250g"
  },
  {
    "Brand_Product_Size": "Goulburn Valley Peaches In Mango Nectar 700g",
    "COL Price": 3.7,
    "COL ppu": "$5.29 per 1Kg",
    "COL Size": "700g"
  },
  {
    "Brand_Product_Size": "Majans Bhuja Gluten Free Beer Mix 160g",
    "COL Price": 2.5,
    "COL ppu": "$15.63 per 1Kg",
    "COL Size": "160g"
  },
  {
    "Brand_Product_Size": "Smith's Salt & Vinegar Flavour Potato Chips 380g",
    "COL Price": 7,
    "COL ppu": "$1.84 per 100G",
    "COL Size": "380g"
  },
  {
    "Brand_Product_Size": "Cook & Dine Stainless Steel Can Opener each",
    "COL Price": 6,
    "COL ppu": "$6.00 per 1Ea",
    "COL Size": "each"
  },
  {
    "Brand_Product_Size": "Cracker Barrel Infused Chopped Chilli Cheddar Cheese 130g",
    "COL Price": 3.5,
    "COL ppu": "$26.92 per 1Kg",
    "COL Size": "130g"
  },
  {
    "Brand_Product_Size": "CSR Rapadura Sugar 250g",
    "COL Price": 3.4,
    "COL ppu": "$1.36 per 100G",
    "COL Size": "250g"
  },
  {
    "Brand_Product_Size": "Campbell's Country Ladle Creamy Chicken Soup Can 500g",
    "COL Price": 3.5,
    "COL ppu": "$0.70 per 100G",
    "COL Size": "500g"
  },
  {
    "Brand_Product_Size": "Dr Oetker Smiley Icing Decorations 12g",
    "COL Price": 3.5,
    "COL ppu": "$29.17 per 100G",
    "COL Size": "12g"
  },
  {
    "Brand_Product_Size": "Coles Mini Travel Make Up Brushes 5 pack",
    "COL Price": 5,
    "COL ppu": "$1.00 per 1Ea",
    "COL Size": "5 pack"
  },
  {
    "Brand_Product_Size": "Coles Kitchen Pumpkin Risotto 350g",
    "COL Price": 7.5,
    "COL ppu": "$2.14 per 100G",
    "COL Size": "350g"
  },
  {
    "Brand_Product_Size": "Darrell Lea Milk Chocolate Liquorice Block 180g",
    "COL Price": 3,
    "COL ppu": "$1.67 per 100G",
    "COL Size": "180g"
  },
  {
    "Brand_Product_Size": "Heat Beads Coconut Shell Charcoal BBQ Briquettes 4kg",
    "COL Price": 9.95,
    "COL ppu": "$2.49 per 1Kg",
    "COL Size": "4kg"
  },
  {
    "Brand_Product_Size": "San Remo Trivelle Spirals No 17 500g",
    "COL Price": 1.95,
    "COL ppu": "$0.39 per 100G",
    "COL Size": "500g"
  },
  {
    "Brand_Product_Size": "Maldon Sea Salt Grinder 55g",
    "COL Price": 8,
    "COL ppu": "$1.45 per 10G",
    "COL Size": "55g"
  },
  {
    "Brand_Product_Size": "Sistema Hydrate Tritan Quick Flip Bottle 800mL",
    "COL Price": 12,
    "COL ppu": "$12.00 per 1Ea",
    "COL Size": "800mL"
  },
  {
    "Brand_Product_Size": "Carman's Honey Roasted Nut Crunchy Clusters 500g",
    "COL Price": 6.9,
    "COL ppu": "$1.38 per 100G",
    "COL Size": "500g"
  },
  {
    "Brand_Product_Size": "Optimum Dry Cat Food Adult Furball With Chicken 2kg",
    "COL Price": 19.8,
    "COL ppu": "$0.99 per 100G",
    "COL Size": "2kg"
  },
  {
    "Brand_Product_Size": "Lipton Peach & Nectarine Flavour Ice Tea 1.5L",
    "COL Price": 1.97,
    "COL ppu": "$1.31 per 1L",
    "COL Size": "1.5L"
  },
  {
    "Brand_Product_Size": "Coles Whole Cooked Black Tiger Prawns 450g",
    "COL Price": 15,
    "COL ppu": "$33.33 per 1Kg",
    "COL Size": "450g"
  },
  {
    "Brand_Product_Size": "Coles Burrito Tortilla Wraps 10 Pack 400g",
    "COL Price": 3.5,
    "COL ppu": "$0.88 per 100G",
    "COL Size": "400g"
  },
  {
    "Brand_Product_Size": "Sanitarium UP&GO Liquid Breakfast Banana 250mL 3 pack",
    "COL Price": 4.95,
    "COL ppu": "$0.66 per 100mL",
    "COL Size": "3 pack"
  },
  {
    "Brand_Product_Size": "Optimum Puppy Dry Dog Food 3kg",
    "COL Price": 19,
    "COL ppu": "$0.63 per 100G",
    "COL Size": "3kg"
  },
  {
    "Brand_Product_Size": "Coles Thin Brown Ponytailers 28 pack",
    "COL Price": 5.6,
    "COL ppu": "$0.20 per 1Ea",
    "COL Size": "28 pack"
  },
  {
    "Brand_Product_Size": "Capilano Pure Honey Squeeze 340g",
    "COL Price": 6.6,
    "COL ppu": "$1.94 per 100G",
    "COL Size": "340g"
  },
  {
    "Brand_Product_Size": "Coles Methylated Spirits 1L",
    "COL Price": 5.5,
    "COL ppu": "$0.55 per 100mL",
    "COL Size": "1L"
  },
  {
    "Brand_Product_Size": "Nudie Pulp Oranges Juice Chilled 2L",
    "COL Price": 8,
    "COL ppu": "$4.00 per 1L",
    "COL Size": "2L"
  },
  {
    "Brand_Product_Size": "Kellogg's LCMs Yoghurty Split Stix Puffed Rice Snack Bars 6 pack 138g",
    "COL Price": 4,
    "COL ppu": "$2.90 per 100G",
    "COL Size": "138g"
  },
  {
    "Brand_Product_Size": "MasterFoods Carbonara Recipe Base 170g",
    "COL Price": 2.2,
    "COL ppu": "$1.29 per 100G",
    "COL Size": "170g"
  },
  {
    "Brand_Product_Size": "Helga's Traditional Wholemeal Bread 750g",
    "COL Price": 3.9,
    "COL ppu": "$0.52 per 100G",
    "COL Size": "750g"
  },
  {
    "Brand_Product_Size": "Coles Nature's Kitchen Vegetable Lasagne 400g",
    "COL Price": 7,
    "COL ppu": "$1.75 per 100G",
    "COL Size": "400g"
  },
  {
    "Brand_Product_Size": "Genius Stone Baked Pita Breads 3 pack",
    "COL Price": 4.5,
    "COL ppu": "$1.50 per 1Ea",
    "COL Size": "3 pack"
  },
  {
    "Brand_Product_Size": "Cobram Estate Extra Virgin Olive Oil Robust 750mL",
    "COL Price": 14,
    "COL ppu": "$1.87 per 100mL",
    "COL Size": "750mL"
  },
  {
    "Brand_Product_Size": "Tasti Peanut Butter Bars 5 pack 175g",
    "COL Price": 5.5,
    "COL ppu": "$3.14 per 100G",
    "COL Size": "175g"
  },
  {
    "Brand_Product_Size": "Coles Lemon Ironing Aid Starch 400g",
    "COL Price": 1.6,
    "COL ppu": "$4.00 per 1Kg",
    "COL Size": "400g"
  },
  {
    "Brand_Product_Size": "Coles Tasty Light Cheddar Cheese Slices 24 Pack 500g",
    "COL Price": 6.5,
    "COL ppu": "$13.00 per 1Kg",
    "COL Size": "500g"
  },
  {
    "Brand_Product_Size": "Coles Tender Baby Beetroots 400g",
    "COL Price": 3,
    "COL ppu": "$7.50 per 1Kg",
    "COL Size": "400g"
  },
  {
    "Brand_Product_Size": "Riviana Popping Corn 400g",
    "COL Price": 1.95,
    "COL ppu": "$0.49 per 100G",
    "COL Size": "400g"
  },
  {
    "Brand_Product_Size": "Mix Sheer Anklets 15 Denier Black Size 1 4 pack",
    "COL Price": 3,
    "COL ppu": "$0.75 per 1Ea",
    "COL Size": "4 pack"
  },
  {
    "Brand_Product_Size": "Coles Fruit Drink Orange Mango 2L",
    "COL Price": 2.35,
    "COL ppu": "$1.18 per 1L",
    "COL Size": "2L"
  },
  {
    "Brand_Product_Size": "Catsan Natural Extra Absorbent Clumping Cat Litter 8L",
    "COL Price": 19.5,
    "COL ppu": "$2.44 per 1L",
    "COL Size": "8L"
  },
  {
    "Brand_Product_Size": "McCain Frozen Supreme Family Pizza 500g",
    "COL Price": 5.5,
    "COL ppu": "$1.10 per 100G",
    "COL Size": "500g"
  },
  {
    "Brand_Product_Size": "Surf Life Saving Sport Sunscreen Spray Spf50+ 175g",
    "COL Price": 13.2,
    "COL ppu": "$7.54 per 100G",
    "COL Size": "175g"
  },
  {
    "Brand_Product_Size": "Lemnos Organic Haloumi 180g",
    "COL Price": 6,
    "COL ppu": "$33.34 per 1Kg",
    "COL Size": "180g"
  },
  {
    "Brand_Product_Size": "Nongshim Gourmet Spicy Shin Ramyun Noodle Soup 120g",
    "COL Price": 1.8,
    "COL ppu": "$1.50 per 100G",
    "COL Size": "120g"
  },
  {
    "Brand_Product_Size": "Provedore Prosciutto & Cheese Roll 85g",
    "COL Price": 7,
    "COL ppu": "$82.35 per 1Kg",
    "COL Size": "85g"
  },
  {
    "Brand_Product_Size": "Beerenberg Australian Raspberry Jam 300g",
    "COL Price": 5,
    "COL ppu": "$1.67 per 100G",
    "COL Size": "300g"
  },
  {
    "Brand_Product_Size": "Heinz Canned Baked Beans Cheese and Tomato 300g",
    "COL Price": 1,
    "COL ppu": "$0.33 per 100G",
    "COL Size": "300g"
  },
  {
    "Brand_Product_Size": "Redwin Daily Intensive Nourishment With Moroccan Argan Oil Moisturiser 400mL",
    "COL Price": 6,
    "COL ppu": "$1.50 per 100mL",
    "COL Size": "400mL"
  },
  {
    "Brand_Product_Size": "Bref Hawaii Sensation Escapes 50g",
    "COL Price": 5,
    "COL ppu": "$10.00 per 100G",
    "COL Size": "50g"
  },
  {
    "Brand_Product_Size": "John West Wild Scottish Sardines in Tomato Sauce 110g",
    "COL Price": 2.2,
    "COL ppu": "$20.00 per 1Kg",
    "COL Size": "110g"
  },
  {
    "Brand_Product_Size": "Coles Cranberry Fruit Drink 1.5L",
    "COL Price": 2.85,
    "COL ppu": "$1.90 per 1L",
    "COL Size": "1.5L"
  },
  {
    "Brand_Product_Size": "Lolly Gobble Bliss Bombs 175g",
    "COL Price": 3,
    "COL ppu": "$1.71 per 100G",
    "COL Size": "175g"
  },
  {
    "Brand_Product_Size": "Creative Gourmet Frozen Raspberries 300g",
    "COL Price": 5.65,
    "COL ppu": "$18.83 per 1Kg",
    "COL Size": "300g"
  },
  {
    "Brand_Product_Size": "Coles Salmon in Springwater 95g",
    "COL Price": 1.2,
    "COL ppu": "$12.63 per 1Kg",
    "COL Size": "95g"
  },
  {
    "Brand_Product_Size": "Gippsland Apple Chinnamon Twist Yogurt 160g",
    "COL Price": 2.5,
    "COL ppu": "$1.56 per 100G",
    "COL Size": "160g"
  },
  {
    "Brand_Product_Size": "Kettle Chilli Potato Chips 175g",
    "COL Price": 4.65,
    "COL ppu": "$2.66 per 100G",
    "COL Size": "175g"
  },
  {
    "Brand_Product_Size": "Mylanta Fast Chews 8 pack",
    "COL Price": 3,
    "COL ppu": "$0.38 per 1Ea",
    "COL Size": "8 pack"
  },
  {
    "Brand_Product_Size": "Palmolive Men Rapid Shave Foam for Sensitive Skin 250g",
    "COL Price": 3.49,
    "COL ppu": "$1.40 per 100G",
    "COL Size": "250g"
  },
  {
    "Brand_Product_Size": "Ayam Premium Coconut Milk 270mL",
    "COL Price": 2,
    "COL ppu": "$0.74 per 100mL",
    "COL Size": "270mL"
  },
  {
    "Brand_Product_Size": "Simon Johnson Dark Chocolate Salted Butter Caramels 125g",
    "COL Price": 13.5,
    "COL ppu": "$10.80 per 100G",
    "COL Size": "125g"
  },
  {
    "Brand_Product_Size": "Eskal White Horseradish 150g",
    "COL Price": 3,
    "COL ppu": "$2.00 per 100G",
    "COL Size": "150g"
  },
  {
    "Brand_Product_Size": "John West Olive Oil Blend Salmon 95g",
    "COL Price": 2,
    "COL ppu": "$21.05 per 1Kg",
    "COL Size": "95g"
  },
  {
    "Brand_Product_Size": "Sharwood's Malaysian Coconut Curry Asian Pouch 250g",
    "COL Price": 3.5,
    "COL ppu": "$1.40 per 100G",
    "COL Size": "250g"
  },
  {
    "Brand_Product_Size": "Bean Supreme Parsley Sage & Rosemary Sausages 6 Pack 375g",
    "COL Price": 8,
    "COL ppu": "$2.13 per 100G",
    "COL Size": "375g"
  },
  {
    "Brand_Product_Size": "Voss Artesian Sparkling Water 800mL",
    "COL Price": 4.65,
    "COL ppu": "$5.81 per 1L",
    "COL Size": "800mL"
  },
  {
    "Brand_Product_Size": "Korbond Travel Sewing Kit each",
    "COL Price": 4.5,
    "COL ppu": "$4.50 per 1ea",
    "COL Size": "each"
  },
  {
    "Brand_Product_Size": "Devondale Full Cream Long Life Milk 1L",
    "COL Price": 1.45,
    "COL ppu": "$1.45 per 1L",
    "COL Size": "1L"
  },
  {
    "Brand_Product_Size": "Sanitarium Weet-Bix Cholesterol Lowering Breakfast Cereal 440g",
    "COL Price": 5,
    "COL ppu": "$1.14 per 100G",
    "COL Size": "440g"
  },
  {
    "Brand_Product_Size": "Lux And Bones Harness & Leash Small Set 1 pack",
    "COL Price": 17.6,
    "COL ppu": "$17.60 per 1Ea",
    "COL Size": "1 pack"
  },
  {
    "Brand_Product_Size": "Coles Assure Pads Regular 16 pack",
    "COL Price": 3.25,
    "COL ppu": "$0.20 per 1Ea",
    "COL Size": "16 pack"
  },
  {
    "Brand_Product_Size": "Coles Cool White 15 Watt 1010 Lumens Bayonet Cap Spiral CFL 2 pack",
    "COL Price": 10,
    "COL ppu": "$5.00 per 1Ea",
    "COL Size": "2 pack"
  },
  {
    "Brand_Product_Size": "Listerine Zero Mouthwash 500mL",
    "COL Price": 8.5,
    "COL ppu": "$1.70 per 100mL",
    "COL Size": "500mL"
  },
  {
    "Brand_Product_Size": "Coles Tasty Light Cheese & Crackers 50g",
    "COL Price": 1.6,
    "COL ppu": "$3.20 per 100G",
    "COL Size": "50g"
  },
  {
    "Brand_Product_Size": "Continental Naturally Tasty Recipe Mix Chicken Curry 47g",
    "COL Price": 2.4,
    "COL ppu": "$5.11 per 100G",
    "COL Size": "47g"
  },
  {
    "Brand_Product_Size": "Clairol Nice 'N Easy 103A Natural Medium Blonde Hair Colour 1 pack",
    "COL Price": 9,
    "COL ppu": "$9.00 per 1Ea",
    "COL Size": "1 pack"
  },
  {
    "Brand_Product_Size": "Sharpie Aluminium Bullet Tip Markers 2 pack",
    "COL Price": 5.5,
    "COL ppu": "$5.50 per 1Ea",
    "COL Size": "2 pack"
  },
  {
    "Brand_Product_Size": "Dine Daily Cat Food Fish Selection 85g 14 pack",
    "COL Price": 13.5,
    "COL ppu": "$0.96 per 1Ea",
    "COL Size": "14 pack"
  },
  {
    "Brand_Product_Size": "Streets Gaytime Cocopops Ice Cream 4pack 400mL",
    "COL Price": 4.25,
    "COL ppu": "$1.06 per 100mL",
    "COL Size": "400mL"
  },
  {
    "Brand_Product_Size": "Palmolive Naturals Aloe & Chamomile Hand Wash Refill 1L",
    "COL Price": 6.5,
    "COL ppu": "$0.65 per 100mL",
    "COL Size": "1L"
  },
  {
    "Brand_Product_Size": "Coles Sweet Corn Prepacked 4 pack",
    "COL Price": 4.5,
    "COL ppu": "$1.13 per 1Ea",
    "COL Size": "4 pack"
  },
  {
    "Brand_Product_Size": "Pepsi Mini Multipack Cans 200mL 6 pack",
    "COL Price": 6.2,
    "COL ppu": "$5.17 per 1L",
    "COL Size": "6 pack"
  },
  {
    "Brand_Product_Size": "Connoisseur Vanilla & Almond With Salted Chocolate Ice Cream Sticks 4 pack 455mL",
    "COL Price": 8.6,
    "COL ppu": "$1.89 per 100mL",
    "COL Size": "455mL"
  },
  {
    "Brand_Product_Size": "Moccona Espresso Coffee Capsules 10 pack 52g",
    "COL Price": 6,
    "COL ppu": "$11.54 per 100G",
    "COL Size": "52g"
  },
  {
    "Brand_Product_Size": "Head & Shoulders Supreme Moisture Conditioner 400mL",
    "COL Price": 7.5,
    "COL ppu": "$1.88 per 100mL",
    "COL Size": "400mL"
  },
  {
    "Brand_Product_Size": "Coles Coriander Punnet 15g",
    "COL Price": 3,
    "COL ppu": "$2.00 per 10G",
    "COL Size": "15g"
  },
  {
    "Brand_Product_Size": "Elmers School Glue 225mL",
    "COL Price": 6,
    "COL ppu": "$2.67 per 100mL",
    "COL Size": "225mL"
  },
  {
    "Brand_Product_Size": "Coles Sea Salt Spray 250mL",
    "COL Price": 6,
    "COL ppu": "$2.40 per 100mL",
    "COL Size": "250mL"
  },
  {
    "Brand_Product_Size": "Coles Chocolate Fudge Dessert Topping 250mL",
    "COL Price": 3.5,
    "COL ppu": "$1.40 per 100mL",
    "COL Size": "250mL"
  },
  {
    "Brand_Product_Size": "Carefree Super Flexia Tampons 16 pack",
    "COL Price": 5,
    "COL ppu": "$0.31 per 1Ea",
    "COL Size": "16 pack"
  },
  {
    "Brand_Product_Size": "Coles Deli Salads Tub Jumbo Classic Potato each",
    "COL Price": 10,
    "COL ppu": "$10.00 per 1Ea",
    "COL Size": "each"
  },
  {
    "Brand_Product_Size": "Old El Paso Green Jalapenos Hot 250g",
    "COL Price": 4.45,
    "COL ppu": "$1.78 per 100G",
    "COL Size": "250g"
  },
  {
    "Brand_Product_Size": "Finish DishwasherTablets 22 pack",
    "COL Price": 17,
    "COL ppu": "$0.77 per 1Ea",
    "COL Size": "22 pack"
  },
  {
    "Brand_Product_Size": "Grandma Moses Bagels Original 320g",
    "COL Price": 4.6,
    "COL ppu": "$1.44 per 100G",
    "COL Size": "320g"
  },
  {
    "Brand_Product_Size": "Nestle Milo Dipped With White Chocolate Snack Bars 6 Pack 160g",
    "COL Price": 3,
    "COL ppu": "$1.88 per 100G",
    "COL Size": "160g"
  },
  {
    "Brand_Product_Size": "Natural Wafer Crackers 100g",
    "COL Price": 3,
    "COL ppu": "$3.00 per 100G",
    "COL Size": "100g"
  },
  {
    "Brand_Product_Size": "Nature's Way Activated Curcumin Joint Ease Glucosamine 750mg & Turmeric 10000mg 50 Tablets 1 pack",
    "COL Price": 34,
    "COL ppu": "$34.00 per 1Ea",
    "COL Size": "1 pack"
  },
  {
    "Brand_Product_Size": "Yoplait Strawberry Yoghurt 1kg",
    "COL Price": 4,
    "COL ppu": "$0.40 per 100G",
    "COL Size": "1kg"
  },
  {
    "Brand_Product_Size": "Skin Republic Hemp Seed Oil Mask each",
    "COL Price": 8,
    "COL ppu": "$8.00 per 1Ea",
    "COL Size": "each"
  },
  {
    "Brand_Product_Size": "Coles Apricot Spread 460g",
    "COL Price": 1.3,
    "COL ppu": "$0.28 per 100G",
    "COL Size": "460g"
  },
  {
    "Brand_Product_Size": "Peckish Original Rice Crackers 100g",
    "COL Price": 2.2,
    "COL ppu": "$2.20 per 100G",
    "COL Size": "100g"
  },
  {
    "Brand_Product_Size": "Cook & Dine Large Plastic Tumblers 450mL 24 pack",
    "COL Price": 3,
    "COL ppu": "$0.13 per 1Ea",
    "COL Size": "24 pack"
  },
  {
    "Brand_Product_Size": "CUB Cornstarch Liquid Talc 100mL",
    "COL Price": 5,
    "COL ppu": "$5.00 per 100mL",
    "COL Size": "100mL"
  },
  {
    "Brand_Product_Size": "Coles I'M Free From Lemon & White Chocolate Cookies 160g",
    "COL Price": 3,
    "COL ppu": "$1.88 per 100G",
    "COL Size": "160g"
  },
  {
    "Brand_Product_Size": "Carman's Apple Pie & Custard Aussie Oat Bar 180g",
    "COL Price": 5,
    "COL ppu": "$2.78 per 100G",
    "COL Size": "180g"
  },
  {
    "Brand_Product_Size": "Fancy Feast Classic Kitten Whitefish Feast Canned Cat Food 85g",
    "COL Price": 1.45,
    "COL ppu": "$1.71 per 100G",
    "COL Size": "85g"
  },
  {
    "Brand_Product_Size": "Quilton 3 Ply Tissues Cooling Vitamin E 95 pack",
    "COL Price": 2.6,
    "COL ppu": "$2.74 per 100Ea",
    "COL Size": "95 pack"
  },
  {
    "Brand_Product_Size": "Steradent For Dentures Toothpaste 115g",
    "COL Price": 4.95,
    "COL ppu": "$4.30 per 100G",
    "COL Size": "115g"
  },
  {
    "Brand_Product_Size": "Natural Chip Co. Sea Salt Potato Chips 175g",
    "COL Price": 3.5,
    "COL ppu": "$2.00 per 100G",
    "COL Size": "175g"
  },
  {
    "Brand_Product_Size": "Coles Pure Soap 125g 4 pack",
    "COL Price": 2,
    "COL ppu": "$4.00 per 1Kg",
    "COL Size": "4 pack"
  },
  {
    "Brand_Product_Size": "Sara Lee Dulce De Leche Ice Cream Tub 1L",
    "COL Price": 10,
    "COL ppu": "$10.00 per 1L",
    "COL Size": "1L"
  },
  {
    "Brand_Product_Size": "Coles Pro-B  Milk Drink Fermented 305mL",
    "COL Price": 2.75,
    "COL ppu": "$9.02 per 1L",
    "COL Size": "305mL"
  },
  {
    "Brand_Product_Size": "Schwarzkopf Extra Care Strong Hold Hair Spray 400g",
    "COL Price": 9,
    "COL ppu": "$2.25 per 100G",
    "COL Size": "400g"
  },
  {
    "Brand_Product_Size": "Smith's Sweet Chilli & Sour Cream Thinly Cut Potato Chips 175g",
    "COL Price": 2,
    "COL ppu": "$1.14 per 100G",
    "COL Size": "175g"
  },
  {
    "Brand_Product_Size": "Hanami Original Prawn Cracker 100g",
    "COL Price": 2.65,
    "COL ppu": "$2.65 per 100G",
    "COL Size": "100g"
  },
  {
    "Brand_Product_Size": "Double D Sugar Free Fruit Jellies Candy 90g",
    "COL Price": 2.6,
    "COL ppu": "$2.89 per 100G",
    "COL Size": "90g"
  },
  {
    "Brand_Product_Size": "Always Discreet Liners Normal For Bladder Leaks 24 pack",
    "COL Price": 6,
    "COL ppu": "$0.25 per 1Ea",
    "COL Size": "24 pack"
  },
  {
    "Brand_Product_Size": "Coles I'm Free From Double Choc Muffins 2 pack",
    "COL Price": 3.5,
    "COL ppu": "$1.75 per 1Ea",
    "COL Size": "2 pack"
  },
  {
    "Brand_Product_Size": "Mckenzie's Wholemeal Spelt Flour 300g",
    "COL Price": 3.6,
    "COL ppu": "$12.00 per 1Kg",
    "COL Size": "300g"
  },
  {
    "Brand_Product_Size": "Colgate Optic White Renewal Lasting Fresh 85g",
    "COL Price": 15,
    "COL ppu": "$17.65 per 100G",
    "COL Size": "85g"
  },
  {
    "Brand_Product_Size": "Coles Wellness Road Beetroot Wraps 4 pack 180g",
    "COL Price": 4,
    "COL ppu": "$2.22 per 100G",
    "COL Size": "180g"
  },
  {
    "Brand_Product_Size": "Coles Slant Tip Tweezer 1 pack",
    "COL Price": 4,
    "COL ppu": "$4.00 per 1Ea",
    "COL Size": "1 pack"
  },
  {
    "Brand_Product_Size": "Coles Shredded Roast Chicken 150g",
    "COL Price": 5,
    "COL ppu": "$33.34 per 1Kg",
    "COL Size": "150g"
  },
  {
    "Brand_Product_Size": "Coles Deli Express Hot Hungarian Sliced Salami 150g",
    "COL Price": 5.5,
    "COL ppu": "$3.67 per 100G",
    "COL Size": "150g"
  },
  {
    "Brand_Product_Size": "Gourmet Garden Lemongrass Cold Blended Paste 80g",
    "COL Price": 3.5,
    "COL ppu": "$0.44 per 10G",
    "COL Size": "80g"
  },
  {
    "Brand_Product_Size": "Latina Fresh Gluten Free Ricotta & Spinach Agnolotti 280g",
    "COL Price": 7.5,
    "COL ppu": "$2.68 per 100G",
    "COL Size": "280g"
  },
  {
    "Brand_Product_Size": "Vaalia Kids Lactose Free Strawberry Yoghurt 140g",
    "COL Price": 1.7,
    "COL ppu": "$1.21 per 100G",
    "COL Size": "140g"
  },
  {
    "Brand_Product_Size": "Mountain Dew Soft Drink No Sugar 1.25L",
    "COL Price": 1.3,
    "COL ppu": "$1.04 per 1L",
    "COL Size": "1.25L"
  },
  {
    "Brand_Product_Size": "Gasmate Butane Gas Cartridges 4 pack",
    "COL Price": 8,
    "COL ppu": "$2.00 per 1Ea",
    "COL Size": "4 pack"
  },
  {
    "Brand_Product_Size": "Huggies Little Swimmers Unisex Swim Pants Medium 11-15 Kg 11 pack",
    "COL Price": 15,
    "COL ppu": "$1.36 per 1Ea",
    "COL Size": "11 pack"
  },
  {
    "Brand_Product_Size": "Uncle Tobys Oats Quick Sachets Breakfast Cereal Original 680g",
    "COL Price": 8,
    "COL ppu": "$1.18 per 100G",
    "COL Size": "680g"
  },
  {
    "Brand_Product_Size": "John West Wild Alaskan Pink Salmon 210g",
    "COL Price": 5.5,
    "COL ppu": "$26.19 per 1Kg",
    "COL Size": "210g"
  },
  {
    "Brand_Product_Size": "Jesses Bakery Croissant 2 pack",
    "COL Price": 8,
    "COL ppu": "$4.00 per 1Ea",
    "COL Size": "2 pack"
  },
  {
    "Brand_Product_Size": "Coles Deli Delre Smoked Dutch Cheese approx. 230g",
    "COL Price": 7.13,
    "COL ppu": "$31.00 per 1Kg",
    "COL Size": "approx. 230g"
  },
  {
    "Brand_Product_Size": "Nice & Natural Coconut & Dark Chocolate Protein Nut Bars 5 pack 165g",
    "COL Price": 5,
    "COL ppu": "$3.03 per 100G",
    "COL Size": "165g"
  },
  {
    "Brand_Product_Size": "Coles Zucchini Flower 6 pack",
    "COL Price": 15,
    "COL ppu": "$2.50 per 1Ea",
    "COL Size": "6 pack"
  },
  {
    "Brand_Product_Size": "Marion's Kitchen Asian BBQ Sauce 360 mL",
    "COL Price": 3,
    "COL ppu": "",
    "COL Size": "360 mL"
  },
  {
    "Brand_Product_Size": "Coles Organic Natural Almonds 200g",
    "COL Price": 7,
    "COL ppu": "$35.00 per 1Kg",
    "COL Size": "200g"
  },
  {
    "Brand_Product_Size": "Scholl Gel Activ Insoles Everyday Heels 1 pair",
    "COL Price": 20,
    "COL ppu": "",
    "COL Size": "1 pair"
  },
  {
    "Brand_Product_Size": "Creative Gourmet Frozen Coconut Chunks 300g",
    "COL Price": 5.65,
    "COL ppu": "$18.83 per 1Kg",
    "COL Size": "300g"
  },
  {
    "Brand_Product_Size": "White Glo Charcoal Total Mouth Detox Toothpaste 150g",
    "COL Price": 6,
    "COL ppu": "$4.00 per 100G",
    "COL Size": "150g"
  },
  {
    "Brand_Product_Size": "Band-Aid Aqua Block Waterproof Strips 40 pack",
    "COL Price": 4.8,
    "COL ppu": "$0.12 per 1Ea",
    "COL Size": "40 pack"
  },
  {
    "Brand_Product_Size": "Decor Delish Round Container 1.2L each",
    "COL Price": 9,
    "COL ppu": "$9.00 per 1Ea",
    "COL Size": "each"
  },
  {
    "Brand_Product_Size": "Pantene 3mm Conditioner Daily Moisture Renewal 180mL",
    "COL Price": 8,
    "COL ppu": "$4.44 per 100mL",
    "COL Size": "180mL"
  },
  {
    "Brand_Product_Size": "KB Thawed Seafood MSC Rock Lobster each",
    "COL Price": 22,
    "COL ppu": "$22.00 per 1Ea",
    "COL Size": "each"
  },
  {
    "Brand_Product_Size": "McKenzie's Soup Mix 500g",
    "COL Price": 1.7,
    "COL ppu": "$0.34 per 100G",
    "COL Size": "500g"
  },
  {
    "Brand_Product_Size": "Coles Kitchen Balanced Coconut Chicken Curry With Grains 320g",
    "COL Price": 7.5,
    "COL ppu": "$2.34 per 100G",
    "COL Size": "320g"
  },
  {
    "Brand_Product_Size": "Purr Cat Treat Cat Treat Chicken Creamy Treat 12g 4 pack",
    "COL Price": 2.4,
    "COL ppu": "$5.00 per 100G",
    "COL Size": "4 pack"
  },
  {
    "Brand_Product_Size": "Genius Gluten Free Farmhouse Triple Seeded Bread Loaf 535g",
    "COL Price": 6,
    "COL ppu": "$1.12 per 100G",
    "COL Size": "535g"
  },
  {
    "Brand_Product_Size": "Edgell Super Sweet Corn Kernels 420g",
    "COL Price": 2.05,
    "COL ppu": "$4.88 per 1Kg",
    "COL Size": "420g"
  },
  {
    "Brand_Product_Size": "Aunt Betty's Creamy Rice Snack With Apple & Cinnamon 240g",
    "COL Price": 3,
    "COL ppu": "$1.25 per 100G",
    "COL Size": "240g"
  },
  {
    "Brand_Product_Size": "Arnott's Full O' Fruit Biscuits 250g",
    "COL Price": 3.5,
    "COL ppu": "$1.40 per 100G",
    "COL Size": "250g"
  },
  {
    "Brand_Product_Size": "Pureharvest Organic Natural Muesli 750g",
    "COL Price": 6.5,
    "COL ppu": "$0.87 per 100G",
    "COL Size": "750g"
  },
  {
    "Brand_Product_Size": "L'Oreal Paris Age Perfect Day Cream Densifying 50mL",
    "COL Price": 27.3,
    "COL ppu": "$54.60 per 100mL",
    "COL Size": "50mL"
  },
  {
    "Brand_Product_Size": "Childs Farm Hair & Body Wash Watermelon & Organic Pineapple 250mL",
    "COL Price": 8,
    "COL ppu": "$3.20 per 100mL",
    "COL Size": "250mL"
  },
  {
    "Brand_Product_Size": "Coles Custard Cream Biscuits 200g",
    "COL Price": 1,
    "COL ppu": "$0.50 per 100G",
    "COL Size": "200g"
  },
  {
    "Brand_Product_Size": "Coles Nature's Kitchen Firm Tofu 300g",
    "COL Price": 2.3,
    "COL ppu": "$0.77 per 100G",
    "COL Size": "300g"
  },
  {
    "Brand_Product_Size": "Freedom Foods Messy Monkeys Tomato Sauce Bites 160g",
    "COL Price": 7,
    "COL ppu": "$4.38 per 100G",
    "COL Size": "160g"
  },
  {
    "Brand_Product_Size": "John West Protein Tuna With Brown Red Rice- Lime Lgrass & Chickpeas 220g",
    "COL Price": 3,
    "COL ppu": "$13.64 per 1Kg",
    "COL Size": "220g"
  },
  {
    "Brand_Product_Size": "Mix Silky Sheer Pantyhose Natural Average 1 pack",
    "COL Price": 4,
    "COL ppu": "$4.00 per 1Ea",
    "COL Size": "1 pack"
  },
  {
    "Brand_Product_Size": "Bosisto's Banksia Flower & Lavender Moisturising Hand Wash Refill 1L",
    "COL Price": 12,
    "COL ppu": "$12.00 per 1L",
    "COL Size": "1L"
  },
  {
    "Brand_Product_Size": "Oatly Non Dairy Frozen Vanilla Dessert Tub 473mL",
    "COL Price": 9.5,
    "COL ppu": "$2.01 per 100mL",
    "COL Size": "473mL"
  },
  {
    "Brand_Product_Size": "Moccona Indulgence Speciality Blend Coffee 200g",
    "COL Price": 16,
    "COL ppu": "$8.00 per 100G",
    "COL Size": "200g"
  },
  {
    "Brand_Product_Size": "Coles Kitchen Southern Fried Chicken Wrap 175g",
    "COL Price": 7,
    "COL ppu": "$4.00 per 100G",
    "COL Size": "175g"
  },
  {
    "Brand_Product_Size": "Biore Deep Charcoal Cleanser 200mL",
    "COL Price": 11,
    "COL ppu": "$5.50 per 100mL",
    "COL Size": "200mL"
  },
  {
    "Brand_Product_Size": "The Culture Co. Pro-Biotic Kefir Natural Yoghurt 1kg",
    "COL Price": 7,
    "COL ppu": "$0.70 per 100G",
    "COL Size": "1kg"
  },
  {
    "Brand_Product_Size": "Oreo Mini Cup Biscuits 67g",
    "COL Price": 1.8,
    "COL ppu": "$2.69 per 100G",
    "COL Size": "67g"
  },
  {
    "Brand_Product_Size": "Mildura Orange & Passionfruit Fruit Drink Chilled 500mL",
    "COL Price": 2.15,
    "COL ppu": "$4.30 per 1L",
    "COL Size": "500mL"
  },
  {
    "Brand_Product_Size": "Coles Hoisin Jackfruit Toasts 130g",
    "COL Price": 2.5,
    "COL ppu": "$1.92 per 100G",
    "COL Size": "130g"
  },
  {
    "Brand_Product_Size": "Continental Chicken Noodle Salt Reduced Soup Serves 4 40g",
    "COL Price": 0.95,
    "COL ppu": "$2.38 per 100G",
    "COL Size": "40g"
  },
  {
    "Brand_Product_Size": "Coles Bakery Cheese And Bacon Pizza Roll 2 pack",
    "COL Price": 3,
    "COL ppu": "$1.50 per 1Ea",
    "COL Size": "2 pack"
  },
  {
    "Brand_Product_Size": "MasterFoods Roast Chicken Seasoning 41g",
    "COL Price": 3.4,
    "COL ppu": "$8.29 per 100G",
    "COL Size": "41g"
  },
  {
    "Brand_Product_Size": "Chobani Flip Mango Passion Tango Yoghurt 140g",
    "COL Price": 2,
    "COL ppu": "$1.43 per 100G",
    "COL Size": "140g"
  },
  {
    "Brand_Product_Size": "Bushells Classic Gourmet Instant Coffee 200g",
    "COL Price": 6,
    "COL ppu": "$3.00 per 100G",
    "COL Size": "200g"
  },
  {
    "Brand_Product_Size": "Nivea Daily Essentials Refreshing Face Cleansing Wipes for Normal Skin + Vitamin E 7 pack",
    "COL Price": 2.5,
    "COL ppu": "$0.36 per 1Ea",
    "COL Size": "7 pack"
  },
  {
    "Brand_Product_Size": "Arnott's Original Salada 250g",
    "COL Price": 3.2,
    "COL ppu": "$1.28 per 100G",
    "COL Size": "250g"
  },
  {
    "Brand_Product_Size": "Coles Deli Salad Tubs Snack Quinoa Tabouleah Salad each",
    "COL Price": 3,
    "COL ppu": "$3.00 per 1Ea",
    "COL Size": "each"
  },
  {
    "Brand_Product_Size": "Fibre One Chocolate Fudge Brownies 5 pack 120g",
    "COL Price": 5.5,
    "COL ppu": "$4.58 per 100G",
    "COL Size": "120g"
  },
  {
    "Brand_Product_Size": "Telstra Samsung A11 each",
    "COL Price": 179,
    "COL ppu": "$179.00 per 1Ea",
    "COL Size": "each"
  },
  {
    "Brand_Product_Size": "ETi Classic Tea Biscuits 1kg",
    "COL Price": 4.4,
    "COL ppu": "$4.40 per 1Kg",
    "COL Size": "1kg"
  },
  {
    "Brand_Product_Size": "Razzamatazz Elastane Opaque Tights Black 40 Denier Average-Talls 1 pack",
    "COL Price": 7,
    "COL ppu": "",
    "COL Size": "1 pack"
  },
  {
    "Brand_Product_Size": "Coles Pulled Lamb Pearl Barley & Lentil Soup Pouch 430g",
    "COL Price": 2.7,
    "COL ppu": "$0.63 per 100G",
    "COL Size": "430g"
  },
  {
    "Brand_Product_Size": "Baby Bellies Organic Blueberry Puffs 7+ Months 12g",
    "COL Price": 1.7,
    "COL ppu": "$14.17 per 100G",
    "COL Size": "12g"
  },
  {
    "Brand_Product_Size": "Green's Squeezable Maple Flavoured Syrup 375g",
    "COL Price": 3.2,
    "COL ppu": "$0.85 per 100G",
    "COL Size": "375g"
  },
  {
    "Brand_Product_Size": "Drovers Choice Beef Rump Steak 230g",
    "COL Price": 5,
    "COL ppu": "$21.74 per 1Kg",
    "COL Size": "230g"
  },
  {
    "Brand_Product_Size": "Bell's Spicy Chili Lime Wing Seasoning 45g",
    "COL Price": 5,
    "COL ppu": "$11.11 per 100G",
    "COL Size": "45g"
  },
  {
    "Brand_Product_Size": "Hedys Quiche Leek Bacon 1.1kg",
    "COL Price": 13.5,
    "COL ppu": "$1.23 per 100G",
    "COL Size": "1.1kg"
  },
  {
    "Brand_Product_Size": "Plant Life Food Co. Crackers Tomato & Basil 110g",
    "COL Price": 3.2,
    "COL ppu": "$2.91 per 100G",
    "COL Size": "110g"
  },
  {
    "Brand_Product_Size": "Coles RSPCA Approved Chicken Whole With Greek Seasoning approx. 2.1kg",
    "COL Price": 13.65,
    "COL ppu": "$6.50 per 1Kg",
    "COL Size": "approx. 2.1kg"
  },
  {
    "Brand_Product_Size": "Dollar Sweets Rainbow 100's & 1000's 850g",
    "COL Price": 7.5,
    "COL ppu": "$0.88 per 100G",
    "COL Size": "850g"
  },
  {
    "Brand_Product_Size": "Pantene Micellar Rose Water Shampoo 300mL",
    "COL Price": 13,
    "COL ppu": "$4.33 per 100mL",
    "COL Size": "300mL"
  },
  {
    "Brand_Product_Size": "John West Tempters Mango Chilli Tuna 95g",
    "COL Price": 2.3,
    "COL ppu": "$24.21 per 1Kg",
    "COL Size": "95g"
  },
  {
    "Brand_Product_Size": "Tofutti Cuties Dairy Free Chocolate Ice Cream Sandwich 8 pack 340g",
    "COL Price": 7.2,
    "COL ppu": "$2.12 per 100G",
    "COL Size": "340g"
  },
  {
    "Brand_Product_Size": "Maximus Gamer Lime Sports Drink",
    "COL Price": 3.2,
    "COL ppu": "",
    "COL Size": ""
  },
  {
    "Brand_Product_Size": "Herron Nicaway Mint Chewing gum 2mg 240 pack",
    "COL Price": 40,
    "COL ppu": "$0.17 per 1Ea",
    "COL Size": "240 pack"
  },
  {
    "Brand_Product_Size": "Eat Street Beef & Pork Cheese Kransky 450g",
    "COL Price": 8,
    "COL ppu": "$1.78 per 100G",
    "COL Size": "450g"
  },
  {
    "Brand_Product_Size": "Coles Ultimate Apple Pie Cookies 12 Pack 225g",
    "COL Price": 3.5,
    "COL ppu": "$1.56 per 100G",
    "COL Size": "225g"
  },
  {
    "Brand_Product_Size": "Mother's Day Licensed Cup And Saucer each",
    "COL Price": 10,
    "COL ppu": "$10.00 per 1Ea",
    "COL Size": "each"
  },
  {
    "Brand_Product_Size": "Nescafe Blend 43 Espresso Instant Coffee 150g",
    "COL Price": 9.4,
    "COL ppu": "$6.27 per 100G",
    "COL Size": "150g"
  },
  {
    "Brand_Product_Size": "CUB Feeding Bottles With Medium Flow Silicone Teats 0+ 3 Months 3 pack",
    "COL Price": 8,
    "COL ppu": "$2.67 per 1Ea",
    "COL Size": "3 pack"
  },
  {
    "Brand_Product_Size": "Campbell's Country Ladle Soup With Bone Broth Spiced Pumpkin 505g",
    "COL Price": 4,
    "COL ppu": "$0.79 per 100G",
    "COL Size": "505g"
  },
  {
    "Brand_Product_Size": "Vs The Total Groom For Men 1 pack",
    "COL Price": 34.5,
    "COL ppu": "$34.50 per 1Ea",
    "COL Size": "1 pack"
  },
  {
    "Brand_Product_Size": "Coca-Cola Soft Drink Coke 375mL 24 pack",
    "COL Price": 19.05,
    "COL ppu": "$0.79 per 1Ea",
    "COL Size": "24 pack"
  },
  {
    "Brand_Product_Size": "Botanica Island Rose & African Geranium Reed Diffuser 80mL",
    "COL Price": 8.25,
    "COL ppu": "$10.31 per 100mL",
    "COL Size": "80mL"
  },
  {
    "Brand_Product_Size": "Coles Shredded Coconut 375g",
    "COL Price": 2.65,
    "COL ppu": "$0.71 per 100G",
    "COL Size": "375g"
  },
  {
    "Brand_Product_Size": "Pukka Day To Night Collection 20 pack",
    "COL Price": 7.5,
    "COL ppu": "$0.38 per 1Ea",
    "COL Size": "20 pack"
  },
  {
    "Brand_Product_Size": "Primo Gourmet Caramelised Onion Pork Sausage 450g",
    "COL Price": 7.5,
    "COL ppu": "$1.67 per 100G",
    "COL Size": "450g"
  },
  {
    "Brand_Product_Size": "Hoyts Chives 15g",
    "COL Price": 2,
    "COL ppu": "$1.33 per 10G",
    "COL Size": "15g"
  },
  {
    "Brand_Product_Size": "Yoplait Vanilla Yoghurt 160g 6 pack",
    "COL Price": 5,
    "COL ppu": "$0.52 per 100G",
    "COL Size": "6 pack"
  },
  {
    "Brand_Product_Size": "Coles Graze Lamb Forequarter Chops approx. 480g",
    "COL Price": 8.64,
    "COL ppu": "$18.00 per 1Kg",
    "COL Size": "approx. 480g"
  },
  {
    "Brand_Product_Size": "Coles Lemon Sherbets 200g",
    "COL Price": 2,
    "COL ppu": "$1.00 per 100G",
    "COL Size": "200g"
  },
  {
    "Brand_Product_Size": "Arnott's Scotch Finger Salted Caramel Biscuits 232g",
    "COL Price": 3,
    "COL ppu": "$1.29 per 100G",
    "COL Size": "232g"
  },
  {
    "Brand_Product_Size": "Method Squirt+Mop Floor Cleaner 739mL",
    "COL Price": 6,
    "COL ppu": "$0.81 per 100mL",
    "COL Size": "739mL"
  },
  {
    "Brand_Product_Size": "Cook & Dine Mini Baking Trays 2 pack",
    "COL Price": 6.5,
    "COL ppu": "$3.25 per 1Ea",
    "COL Size": "2 pack"
  },
  {
    "Brand_Product_Size": "Dine Finest Serve Poultry Selection Chicken Poultry & Turkey Wet Cat Food 50g Pouch 6 pack",
    "COL Price": 4.8,
    "COL ppu": "$1.60 per 100G",
    "COL Size": "6 pack"
  },
  {
    "Brand_Product_Size": "Fisherman's Friend Original Throat Lozenge 25g",
    "COL Price": 2.3,
    "COL ppu": "$9.20 per 100G",
    "COL Size": "25g"
  },
  {
    "Brand_Product_Size": "Palmolive Naturals Shampoo & Conditioner Healthy & Smooth 90mL",
    "COL Price": 2,
    "COL ppu": "$2.22 per 100mL",
    "COL Size": "90mL"
  },
  {
    "Brand_Product_Size": "V.I.P. Fussy Cat Grainfree Beef & Kangaroo with Sweet Potato Cat Food 400g",
    "COL Price": 1.8,
    "COL ppu": "$0.45 per 100G",
    "COL Size": "400g"
  },
  {
    "Brand_Product_Size": "Australian Botanical Bar Soap Goat Milk & Soya Bean Oil 200g",
    "COL Price": 4,
    "COL ppu": "$2.00 per 100G",
    "COL Size": "200g"
  },
  {
    "Brand_Product_Size": "OB Finest Mango Fruit Paste 100g",
    "COL Price": 5,
    "COL ppu": "$5.00 per 100G",
    "COL Size": "100g"
  },
  {
    "Brand_Product_Size": "Mentos Spearmint Multipack 112g",
    "COL Price": 2.6,
    "COL ppu": "$2.32 per 100G",
    "COL Size": "112g"
  },
  {
    "Brand_Product_Size": "Libra Ultra Thin With Wings Regular Pads 14 pack",
    "COL Price": 2.94,
    "COL ppu": "$0.21 per 1Ea",
    "COL Size": "14 pack"
  },
  {
    "Brand_Product_Size": "Yoplait Yop Mixed Berry Yoghurt Drink 290g",
    "COL Price": 2,
    "COL ppu": "$0.69 per 100G",
    "COL Size": "290g"
  },
  {
    "Brand_Product_Size": "Coles Chocolate Mini Rolls 6 pack 250g",
    "COL Price": 2.5,
    "COL ppu": "$1.00 per 100G",
    "COL Size": "250g"
  },
  {
    "Brand_Product_Size": "Coles Squeezy Pizza Sauce 415g",
    "COL Price": 2,
    "COL ppu": "$0.48 per 100G",
    "COL Size": "415g"
  },
  {
    "Brand_Product_Size": "Coles Fruit Sticks 24 pack 480g",
    "COL Price": 3.55,
    "COL ppu": "$0.74 per 100G",
    "COL Size": "480g"
  },
  {
    "Brand_Product_Size": "CUB Comfy Bots Medium Swim Pants 11 pack",
    "COL Price": 8,
    "COL ppu": "$0.73 per 1Ea",
    "COL Size": "11 pack"
  },
  {
    "Brand_Product_Size": "Bodie'z Protein Water Berry Whey Protein Isolate 500mL",
    "COL Price": 5.5,
    "COL ppu": "$1.10 per 100mL",
    "COL Size": "500mL"
  },
  {
    "Brand_Product_Size": "Bic Soleil Colour Collection for Sensitive Skin 8 pack",
    "COL Price": 8,
    "COL ppu": "$1.00 per 1Ea",
    "COL Size": "8 pack"
  },
  {
    "Brand_Product_Size": "Dolmio Creamy Mushroom Pasta Sauce 490g",
    "COL Price": 1.64,
    "COL ppu": "$0.33 per 100G",
    "COL Size": "490g"
  },
  {
    "Brand_Product_Size": "Starbucks Espresso Capsules 30 pack",
    "COL Price": 18.3,
    "COL ppu": "$0.61 per 1Ea",
    "COL Size": "30 pack"
  },
  {
    "Brand_Product_Size": "Chobani Flip Lemon Meringue Tang Yoghurt 140g",
    "COL Price": 2,
    "COL ppu": "$1.43 per 100G",
    "COL Size": "140g"
  },
  {
    "Brand_Product_Size": "Coles Frozen Vegetable Spring Rolls 16 Pack 270g",
    "COL Price": 1.85,
    "COL ppu": "$0.69 per 100G",
    "COL Size": "270g"
  },
  {
    "Brand_Product_Size": "Nescafe Caramel Sachets 10 pack",
    "COL Price": 6.3,
    "COL ppu": "$0.63 per 1Ea",
    "COL Size": "10 pack"
  },
  {
    "Brand_Product_Size": "McCain Garlic Herb & Lemon Delish Fries 600g",
    "COL Price": 4.3,
    "COL ppu": "$7.17 per 1Kg",
    "COL Size": "600g"
  },
  {
    "Brand_Product_Size": "Coles Vegetable Soup Kit 500g",
    "COL Price": 5,
    "COL ppu": "$10.00 per 1Kg",
    "COL Size": "500g"
  },
  {
    "Brand_Product_Size": "Haribo Happy Peaches Bags 150g",
    "COL Price": 2.4,
    "COL ppu": "$1.60 per 100G",
    "COL Size": "150g"
  },
  {
    "Brand_Product_Size": "Yumi's Traditional Middle Eastern Hommus With Crackers 75g",
    "COL Price": 2,
    "COL ppu": "$2.67 per 100G",
    "COL Size": "75g"
  },
  {
    "Brand_Product_Size": "T2 Peppermint Tea Bags 25 pack",
    "COL Price": 12,
    "COL ppu": "$0.48 per 1Ea",
    "COL Size": "25 pack"
  },
  {
    "Brand_Product_Size": "Latina Fresh Kids Beef & Vegetable Mini Ravioli 200g",
    "COL Price": 4.5,
    "COL ppu": "$2.25 per 100G",
    "COL Size": "200g"
  },
  {
    "Brand_Product_Size": "Bushman Insect Repellent Plus 150g",
    "COL Price": 14,
    "COL ppu": "$9.33 per 100G",
    "COL Size": "150g"
  },
  {
    "Brand_Product_Size": "Curash Medicated Anti Rash Powder With Cornstarch 100g",
    "COL Price": 6.7,
    "COL ppu": "$6.70 per 100G",
    "COL Size": "100g"
  },
  {
    "Brand_Product_Size": "Sukin Haircare Sensitive Micellar Shampoo 500mL",
    "COL Price": 18,
    "COL ppu": "$3.60 per 100mL",
    "COL Size": "500mL"
  },
  {
    "Brand_Product_Size": "Coles Paracetamol Caplet Bottles 20 pack",
    "COL Price": 2.5,
    "COL ppu": "$0.13 per 1Ea",
    "COL Size": "20 pack"
  },
  {
    "Brand_Product_Size": "Coles Eggs Free Range 12 pack 700g",
    "COL Price": 4.5,
    "COL ppu": "$0.64 per 100G",
    "COL Size": "700g"
  },
  {
    "Brand_Product_Size": "Redheads Firelighter Mega Block 64 pack",
    "COL Price": 6.5,
    "COL ppu": "$0.10 per 1Ea",
    "COL Size": "64 pack"
  },
  {
    "Brand_Product_Size": "U By Kotex Regular Tampons 32 pack",
    "COL Price": 6.8,
    "COL ppu": "$0.21 per 1Ea",
    "COL Size": "32 pack"
  },
  {
    "Brand_Product_Size": "Colgate Multi Benefit Advanced Whitening Toothpaste 200g",
    "COL Price": 8,
    "COL ppu": "$4.00 per 100G",
    "COL Size": "200g"
  },
  {
    "Brand_Product_Size": "BSC Whey Protein Shaker each",
    "COL Price": 7,
    "COL ppu": "$7.00 per 1Ea",
    "COL Size": "each"
  },
  {
    "Brand_Product_Size": "1000 Hour Medium Brown Instant Brows 1 pack",
    "COL Price": 12,
    "COL ppu": "$12.00 per 1Ea",
    "COL Size": "1 pack"
  },
  {
    "Brand_Product_Size": "La Casa Del Formaggio Burrata Cheese 150g",
    "COL Price": 6,
    "COL ppu": "$4.00 per 100G",
    "COL Size": "150g"
  },
  {
    "Brand_Product_Size": "Coles Finest Angus Beef Scotch Fillet approx. 360g pack",
    "COL Price": 13.9965,
    "COL ppu": "$38.88 per 1Kg",
    "COL Size": "approx. 360g pack"
  },
  {
    "Brand_Product_Size": "Tom & Luke Cacao & Mint Snackaballs 70g",
    "COL Price": 2.5,
    "COL ppu": "$3.57 per 100G",
    "COL Size": "70g"
  },
  {
    "Brand_Product_Size": "Cadbury Hedgehog Chocolate Bars 52g",
    "COL Price": 2,
    "COL ppu": "$3.85 per 100G",
    "COL Size": "52g"
  },
  {
    "Brand_Product_Size": "Coles Deli Shaved Hans Milano Loin Ham approx. 125g",
    "COL Price": 3.375,
    "COL ppu": "$27.00 per 1Kg",
    "COL Size": "approx. 125g"
  },
  {
    "Brand_Product_Size": "Pepsi Cola Soft Drink 1.25L",
    "COL Price": 1.3,
    "COL ppu": "$1.04 per 1L",
    "COL Size": "1.25L"
  },
  {
    "Brand_Product_Size": "Alpine Lower Carb 600g",
    "COL Price": 6,
    "COL ppu": "$1.00 per 100G",
    "COL Size": "600g"
  },
  {
    "Brand_Product_Size": "Aeroplane Lite Mango Passionfruit Jelly Crystals 2 pack 18g",
    "COL Price": 2,
    "COL ppu": "$11.11 per 100G",
    "COL Size": "18g"
  },
  {
    "Brand_Product_Size": "Palmolive Body Butter Body Wash Manuka Honey 400mL",
    "COL Price": 4.5,
    "COL ppu": "$1.13 per 100mL",
    "COL Size": "400mL"
  },
  {
    "Brand_Product_Size": "Elevate Dry Dog Food Large Breed Chicken 8kg",
    "COL Price": 45,
    "COL ppu": "$0.56 per 100G",
    "COL Size": "8kg"
  },
  {
    "Brand_Product_Size": "Coles Whole Champignons 190g",
    "COL Price": 0.85,
    "COL ppu": "$4.47 per 1Kg",
    "COL Size": "190g"
  },
  {
    "Brand_Product_Size": "Mersey Valley Original Spreadable Cheddar Cheese 150g",
    "COL Price": 3.5,
    "COL ppu": "$23.33 per 1Kg",
    "COL Size": "150g"
  },
  {
    "Brand_Product_Size": "Mission Low GI Wraps 6 Pack 425g",
    "COL Price": 5,
    "COL ppu": "$1.18 per 100G",
    "COL Size": "425g"
  },
  {
    "Brand_Product_Size": "Louisiana Fruit Cobbler Mix 299g",
    "COL Price": 6,
    "COL ppu": "$2.01 per 100G",
    "COL Size": "299g"
  },
  {
    "Brand_Product_Size": "Coles Kale & Baby Spinach 300g",
    "COL Price": 5,
    "COL ppu": "$1.67 per 100G",
    "COL Size": "300g"
  },
  {
    "Brand_Product_Size": "Golden Days Mini Sesame Snaps Gluten Free 200g",
    "COL Price": 5.4,
    "COL ppu": "$2.70 per 100G",
    "COL Size": "200g"
  },
  {
    "Brand_Product_Size": "Coles Platter Signature each",
    "COL Price": 55,
    "COL ppu": "$55.00 per 1Ea",
    "COL Size": "each"
  },
  {
    "Brand_Product_Size": "Ostelin Vitamin D3 1000IU Capsules 130 pack",
    "COL Price": 26,
    "COL ppu": "$0.20 per 1Ea",
    "COL Size": "130 pack"
  },
  {
    "Brand_Product_Size": "U By Kotex Ultrathins Overnight Long Pads With Wings 8 pack",
    "COL Price": 4,
    "COL ppu": "$0.50 per 1Ea",
    "COL Size": "8 pack"
  },
  {
    "Brand_Product_Size": "Praise Deli Style Balsamic & Roasted Garlic Vinaigrette 250mL",
    "COL Price": 3.5,
    "COL ppu": "$1.40 per 100mL",
    "COL Size": "250mL"
  },
  {
    "Brand_Product_Size": "Powerfeed All Purpose Plant Food 600mL",
    "COL Price": 8.2,
    "COL ppu": "$1.37 per 100mL",
    "COL Size": "600mL"
  },
  {
    "Brand_Product_Size": "Golden Swan Red Dokkah 250g",
    "COL Price": 4,
    "COL ppu": "$1.60 per 100G",
    "COL Size": "250g"
  },
  {
    "Brand_Product_Size": "Gillette Venus Spa Breeze 2 in 1 Disposable Shaving Razor & Gel Bars 2 pack",
    "COL Price": 9,
    "COL ppu": "$4.50 per 1Ea",
    "COL Size": "2 pack"
  },
  {
    "Brand_Product_Size": "Cheetos Flaming Hot Puffs 80g",
    "COL Price": 1.5,
    "COL ppu": "$1.88 per 100G",
    "COL Size": "80g"
  },
  {
    "Brand_Product_Size": "Coles Organic Turmeric Powder 150g",
    "COL Price": 5.5,
    "COL ppu": "$3.67 per 100G",
    "COL Size": "150g"
  },
  {
    "Brand_Product_Size": "Coles Simply Dog Printed Melamine Small Bowl 1 pack",
    "COL Price": 8,
    "COL ppu": "$8.00 per 1Ea",
    "COL Size": "1 pack"
  },
  {
    "Brand_Product_Size": "Coles Dog Collar Adjustable Medium 1 pack",
    "COL Price": 5,
    "COL ppu": "$5.00 per 1Ea",
    "COL Size": "1 pack"
  },
  {
    "Brand_Product_Size": "Nice & Natural Trail Mix Nut Bars 192g",
    "COL Price": 4,
    "COL ppu": "$2.08 per 100G",
    "COL Size": "192g"
  },
  {
    "Brand_Product_Size": "Red Bull Energy Drink Multipack Cans 250mL 8 pack",
    "COL Price": 15,
    "COL ppu": "$7.50 per 1L",
    "COL Size": "8 pack"
  },
  {
    "Brand_Product_Size": "Garnier BB Cream Anti Ageing Medium 50mL",
    "COL Price": 7.87,
    "COL ppu": "$1.57 per 10mL",
    "COL Size": "50mL"
  },
  {
    "Brand_Product_Size": "Coles Deli Salads Tub Snack Classic Pasta 70g each",
    "COL Price": 2,
    "COL ppu": "$2.00 per 1Ea",
    "COL Size": "each"
  },
  {
    "Brand_Product_Size": "Maharajah's Choice Ginger & Garlic Paste 1kg",
    "COL Price": 4.9,
    "COL ppu": "$0.49 per 100G",
    "COL Size": "1kg"
  },
  {
    "Brand_Product_Size": "Head & Shoulders Supreme Purify & Volume Conditioner 400mL",
    "COL Price": 7.5,
    "COL ppu": "$1.88 per 100mL",
    "COL Size": "400mL"
  },
  {
    "Brand_Product_Size": "Dilmah Infusions Rooibos Tea With Maringa Chilli Cocoa & Cardamom 20 pack",
    "COL Price": 2,
    "COL ppu": "$0.10 per 1Ea",
    "COL Size": "20 pack"
  },
  {
    "Brand_Product_Size": "Dare Double Espresso Iced Coffee 750mL",
    "COL Price": 4.1,
    "COL ppu": "$5.47 per 1L",
    "COL Size": "750mL"
  },
  {
    "Brand_Product_Size": "Soletti Salted Sticks 80g",
    "COL Price": 1.45,
    "COL ppu": "$0.18 per 10G",
    "COL Size": "80g"
  },
  {
    "Brand_Product_Size": "Coles Durum Wheat Pasta Fettuccine 500g",
    "COL Price": 1,
    "COL ppu": "$0.20 per 100G",
    "COL Size": "500g"
  },
  {
    "Brand_Product_Size": "Toscano Traditional Butter Waffles 4 pack 360g",
    "COL Price": 5.5,
    "COL ppu": "$1.53 per 100G",
    "COL Size": "360g"
  },
  {
    "Brand_Product_Size": "Nivea Cocoa & Indulging  Body Lotion Moisturiser + Vitamin E 400mL",
    "COL Price": 8,
    "COL ppu": "$2.00 per 100mL",
    "COL Size": "400mL"
  },
  {
    "Brand_Product_Size": "Coles Kitchen Pull Apart Cheese And Garlic 340g",
    "COL Price": 4.5,
    "COL ppu": "$1.32 per 100G",
    "COL Size": "340g"
  },
  {
    "Brand_Product_Size": "Olympian Egg Noodle Pasta Medium 250g",
    "COL Price": 2.9,
    "COL ppu": "$1.16 per 100G",
    "COL Size": "250g"
  },
  {
    "Brand_Product_Size": "Garnier Fructis Nutri-repair Shampoo 315mL",
    "COL Price": 3.5,
    "COL ppu": "$1.11 per 100mL",
    "COL Size": "315mL"
  },
  {
    "Brand_Product_Size": "Coles Frozen Salmon Fillets 1kg",
    "COL Price": 26,
    "COL ppu": "$26.00 per 1Kg",
    "COL Size": "1kg"
  },
  {
    "Brand_Product_Size": "Vittoria Italian Blend Ground Coffee 500g",
    "COL Price": 11,
    "COL ppu": "$2.20 per 100G",
    "COL Size": "500g"
  },
  {
    "Brand_Product_Size": "McCain Man Size Pub Style Parma 480g",
    "COL Price": 6,
    "COL ppu": "$1.25 per 100G",
    "COL Size": "480g"
  },
  {
    "Brand_Product_Size": "Coles Garlic & Herb Crumbed Atlantic Salmon 325g",
    "COL Price": 11,
    "COL ppu": "$33.85 per 1Kg",
    "COL Size": "325g"
  },
  {
    "Brand_Product_Size": "Grin Kids Natural Berry- Licious With Floride Toothpaste 70g",
    "COL Price": 8,
    "COL ppu": "$11.43 per 100G",
    "COL Size": "70g"
  },
  {
    "Brand_Product_Size": "Polident Denture Adhesive Fresh Mint 60g",
    "COL Price": 13,
    "COL ppu": "$21.67 per 100G",
    "COL Size": "60g"
  },
  {
    "Brand_Product_Size": "CUB Nappy Pants Size 4 Jumbo 50 pack",
    "COL Price": 16,
    "COL ppu": "$0.32 per 1Ea",
    "COL Size": "50 pack"
  },
  {
    "Brand_Product_Size": "Kinder Bueno Mini Chocolate Bites to Share 108g",
    "COL Price": 4.3,
    "COL ppu": "$3.98 per 100G",
    "COL Size": "108g"
  },
  {
    "Brand_Product_Size": "Campbell's Chunky Soup Ravioli Beef Tom 505g",
    "COL Price": 3.5,
    "COL ppu": "$0.69 per 100G",
    "COL Size": "505g"
  },
  {
    "Brand_Product_Size": "KB Thawed Seafood MSC Rock Lobster each",
    "COL Price": 22,
    "COL ppu": "$22.00 per 1Ea",
    "COL Size": "each"
  },
  {
    "Brand_Product_Size": "Olay Total Effects 7 in One Night Face Cream Moisturiser 50g",
    "COL Price": 33.5,
    "COL ppu": "$67.00 per 100G",
    "COL Size": "50g"
  },
  {
    "Brand_Product_Size": "Genius Gluten Free Pancakes 6 pack",
    "COL Price": 6,
    "COL ppu": "$1.00 per 1Ea",
    "COL Size": "6 pack"
  },
  {
    "Brand_Product_Size": "Sellotape Sticky Tape Refill 18mm x 25m 2 pack",
    "COL Price": 3,
    "COL ppu": "",
    "COL Size": "2 pack"
  },
  {
    "Brand_Product_Size": "Coles Kitchen Mediterranean Pizza 470g",
    "COL Price": 7,
    "COL ppu": "$1.49 per 100G",
    "COL Size": "470g"
  },
  {
    "Brand_Product_Size": "Coles Baby Carisma Potatoes Prepacked 1kg",
    "COL Price": 3.5,
    "COL ppu": "$3.50 per 1Kg",
    "COL Size": "1kg"
  },
  {
    "Brand_Product_Size": "Blackmores Omega Double High Strength Fish Oil Capsules 90 pack",
    "COL Price": 10,
    "COL ppu": "$0.11 per 1Ea",
    "COL Size": "90 pack"
  },
  {
    "Brand_Product_Size": "Coles Marinated Whole Button Mushrooms With Rosemary 110g",
    "COL Price": 5,
    "COL ppu": "$4.55 per 100G",
    "COL Size": "110g"
  },
  {
    "Brand_Product_Size": "Coles Vanilla Yoghurt Pouch 70g",
    "COL Price": 0.75,
    "COL ppu": "$1.07 per 100G",
    "COL Size": "70g"
  },
  {
    "Brand_Product_Size": "Remedy Original Kombucha 750mL",
    "COL Price": 7.5,
    "COL ppu": "$10.00 per 1L",
    "COL Size": "750mL"
  },
  {
    "Brand_Product_Size": "Pentavite Multivitamin + Iron Kids Chewables 60 pack",
    "COL Price": 25,
    "COL ppu": "$41.67 per 100Ea",
    "COL Size": "60 pack"
  },
  {
    "Brand_Product_Size": "Cook & Dine Textured Mug each",
    "COL Price": 4,
    "COL ppu": "$4.00 per 1Ea",
    "COL Size": "each"
  },
  {
    "Brand_Product_Size": "Pana Mylk Coconut Rough 80g",
    "COL Price": 9,
    "COL ppu": "$11.25 per 100G",
    "COL Size": "80g"
  },
  {
    "Brand_Product_Size": "Fussy Cat Grainfree Tuna Tender Sticks Cat Treat 15g",
    "COL Price": 2.9,
    "COL ppu": "$19.33 per 100G",
    "COL Size": "15g"
  },
  {
    "Brand_Product_Size": "Allen's Red Ripperz Lollies 370g",
    "COL Price": 5,
    "COL ppu": "$1.35 per 100G",
    "COL Size": "370g"
  },
  {
    "Brand_Product_Size": "Frantelle Raspberry & Blackcurrant Essence Sparkling Water Can 375mL",
    "COL Price": 1.85,
    "COL ppu": "$4.93 per 1L",
    "COL Size": "375mL"
  },
  {
    "Brand_Product_Size": "McKenzie's Bicarbonate Soda 1kg",
    "COL Price": 3.5,
    "COL ppu": "$0.35 per 100G",
    "COL Size": "1kg"
  },
  {
    "Brand_Product_Size": "Ajitas Gluten Free Vege Chicken Style Chips 100g",
    "COL Price": 3.8,
    "COL ppu": "$3.80 per 100G",
    "COL Size": "100g"
  },
  {
    "Brand_Product_Size": "Masterfoods Tomato Sauce With Hidden Vegetables 500mL",
    "COL Price": 3.15,
    "COL ppu": "$0.63 per 100mL",
    "COL Size": "500mL"
  },
  {
    "Brand_Product_Size": "Gatorade Watermelon Chill Sports Drink 600mL",
    "COL Price": 2.15,
    "COL ppu": "$3.58 per 1L",
    "COL Size": "600mL"
  },
  {
    "Brand_Product_Size": "Schwarzkopf Extra Care Heidi's Heat Styles Heat Sheild 150g",
    "COL Price": 6.95,
    "COL ppu": "$2.78 per 100mL",
    "COL Size": "150g"
  },
  {
    "Brand_Product_Size": "Bonds Womens Hipster Boyleg Briefs Size 12 2 pack",
    "COL Price": 16,
    "COL ppu": "",
    "COL Size": "2 pack"
  },
  {
    "Brand_Product_Size": "Bounce Salted Caramel Keto Bar 35 gram",
    "COL Price": 3,
    "COL ppu": "",
    "COL Size": "35 gram"
  },
  {
    "Brand_Product_Size": "Coles Mango Mini Sorbet Sticks 6 pack 360 mL",
    "COL Price": 4,
    "COL ppu": "$1.11 per 100mL",
    "COL Size": "360 mL"
  },
  {
    "Brand_Product_Size": "Rice a Riso Chicken Rice 99% Fat Free 180g",
    "COL Price": 2.05,
    "COL ppu": "$1.14 per 100G",
    "COL Size": "180g"
  },
  {
    "Brand_Product_Size": "Centrum Multivitamin And Mineral Supplement for Women 60 Tablets 1 pack",
    "COL Price": 20,
    "COL ppu": "$20.00 per 1Ea",
    "COL Size": "1 pack"
  },
  {
    "Brand_Product_Size": "Hanabi Surimi Crispy Tofu Balls 500g",
    "COL Price": 4.5,
    "COL ppu": "$0.90 per 100G",
    "COL Size": "500g"
  },
  {
    "Brand_Product_Size": "D'argental Washed Rind Brie Cheese approx. 100g",
    "COL Price": 7.5,
    "COL ppu": "$75.00 per 1Kg",
    "COL Size": "approx. 100g"
  },
  {
    "Brand_Product_Size": "Vanish Preen Pre-Wash Oxi action Intelligence Stain Remover Refill 375mL",
    "COL Price": 4,
    "COL ppu": "$10.67 per 1L",
    "COL Size": "375mL"
  },
  {
    "Brand_Product_Size": "Laucke Wholemeal Bread Mix 5kg",
    "COL Price": 14.4,
    "COL ppu": "$2.88 per 1Kg",
    "COL Size": "5kg"
  },
  {
    "Brand_Product_Size": "Sprite Lemonade  Mini Can Soft Drink 250mL",
    "COL Price": 2.25,
    "COL ppu": "$9.00 per 1L",
    "COL Size": "250mL"
  },
  {
    "Brand_Product_Size": "Coles Kitchen Pumpkin Gnocchi 500g",
    "COL Price": 4,
    "COL ppu": "$0.80 per 100G",
    "COL Size": "500g"
  },
  {
    "Brand_Product_Size": "Nature's Way Super Foods Acai 50g",
    "COL Price": 18.5,
    "COL ppu": "$37.00 per 100G",
    "COL Size": "50g"
  },
  {
    "Brand_Product_Size": "Cottons Regular 100% Cotton Tampons 16 pack",
    "COL Price": 4.8,
    "COL ppu": "$0.30 per 1Ea",
    "COL Size": "16 pack"
  },
  {
    "Brand_Product_Size": "Palmolive Naturals Balanced & Mild With Chamomile Extracts 4 pack",
    "COL Price": 2.85,
    "COL ppu": "$0.79 per 100G",
    "COL Size": "4 pack"
  },
  {
    "Brand_Product_Size": "ABC Sweet Soy Sauce 620mL",
    "COL Price": 3.9,
    "COL ppu": "$0.63 per 100mL",
    "COL Size": "620mL"
  },
  {
    "Brand_Product_Size": "Lewis & Son Fennel Kraut 500g",
    "COL Price": 12.5,
    "COL ppu": "$2.50 per 100G",
    "COL Size": "500g"
  },
  {
    "Brand_Product_Size": "Halo Top Oat Milk Chocolate Cookie Dough 473mL",
    "COL Price": 9,
    "COL ppu": "$1.90 per 100mL",
    "COL Size": "473mL"
  },
  {
    "Brand_Product_Size": "Coles Bakery High Fibre Low GI Rolls 4 pack",
    "COL Price": 3,
    "COL ppu": "$0.75 per 1Ea",
    "COL Size": "4 pack"
  },
  {
    "Brand_Product_Size": "Nissin Seafood Flavour Instant Cup Noodles 74g",
    "COL Price": 2.1,
    "COL ppu": "$2.84 per 100G",
    "COL Size": "74g"
  },
  {
    "Brand_Product_Size": "Incognito Discreet Scented Sanitary Bags 24 pack",
    "COL Price": 2.5,
    "COL ppu": "$0.10 per 1Ea",
    "COL Size": "24 pack"
  },
  {
    "Brand_Product_Size": "Sukin Hydration Hydrafusion Night Cream 60ml each",
    "COL Price": 23,
    "COL ppu": "$38.33 per 100mL",
    "COL Size": "each"
  },
  {
    "Brand_Product_Size": "Coles Kitchen Corn Fritters 180g",
    "COL Price": 6,
    "COL ppu": "$3.33 per 100G",
    "COL Size": "180g"
  },
  {
    "Brand_Product_Size": "Nescafe Coffee Sachets Caramel 26 pack",
    "COL Price": 11,
    "COL ppu": "$0.42 per 1Ea",
    "COL Size": "26 pack"
  },
  {
    "Brand_Product_Size": "Coles Carrots Loose approx. 170g",
    "COL Price": 0.374,
    "COL ppu": "$2.20 per 1Kg",
    "COL Size": "approx. 170g"
  },
  {
    "Brand_Product_Size": "Arnott's Original Chocolate Tim Tam 200g",
    "COL Price": 4,
    "COL ppu": "$2.00 per 100G",
    "COL Size": "200g"
  },
  {
    "Brand_Product_Size": "Coles Nature's Kitchen Meat Free Chicken Style Tenders 240g",
    "COL Price": 7,
    "COL ppu": "$2.92 per 100G",
    "COL Size": "240g"
  },
  {
    "Brand_Product_Size": "Coles Deli Thawed Cooked Large Black Tiger Prawns approx. 250g",
    "COL Price": 7.5,
    "COL ppu": "$30.00 per 1Kg",
    "COL Size": "approx. 250g"
  },
  {
    "Brand_Product_Size": "Fluffy Fragrance Temptations Spice Allure Fabric Softener 1L",
    "COL Price": 7,
    "COL ppu": "$7.00 per 1L",
    "COL Size": "1L"
  },
  {
    "Brand_Product_Size": "Yates Pest Oil 750mL",
    "COL Price": 10.4,
    "COL ppu": "$10.40 per 1ea",
    "COL Size": "750mL"
  },
  {
    "Brand_Product_Size": "Siena Gnocchi 500g",
    "COL Price": 2.2,
    "COL ppu": "$0.44 per 100G",
    "COL Size": "500g"
  },
  {
    "Brand_Product_Size": "Scotts Complete Garden Health Treatment 600mL",
    "COL Price": 8.2,
    "COL ppu": "$1.37 per 100mL",
    "COL Size": "600mL"
  },
  {
    "Brand_Product_Size": "MA Baker Gluten Free Mini Mallows 1kg",
    "COL Price": 7,
    "COL ppu": "$7.00 per 1Kg",
    "COL Size": "1kg"
  },
  {
    "Brand_Product_Size": "My Dog Puppy Chicken Minced With Rice & Carrot & Spinach Wet Dog Food Tray 100g",
    "COL Price": 1.5,
    "COL ppu": "$1.50 per 100G",
    "COL Size": "100g"
  },
  {
    "Brand_Product_Size": "Uncle Tobys Plus Protein Cereal 705g",
    "COL Price": 7.5,
    "COL ppu": "$1.06 per 100G",
    "COL Size": "705g"
  },
  {
    "Brand_Product_Size": "Lavazza Tierra Planet Coffee Beans 500g",
    "COL Price": 18,
    "COL ppu": "$3.60 per 100G",
    "COL Size": "500g"
  },
  {
    "Brand_Product_Size": "Rexona Women Clinical Protection Antiperspirant Cream Gentle Dry 45mL",
    "COL Price": 13,
    "COL ppu": "$28.89 per 100mL",
    "COL Size": "45mL"
  },
  {
    "Brand_Product_Size": "Dollar Sweets Edible Glitter Gold Spray 4g",
    "COL Price": 6,
    "COL ppu": "$150.00 per 100G",
    "COL Size": "4g"
  },
  {
    "Brand_Product_Size": "Allen's Party Mix 520g",
    "COL Price": 5,
    "COL ppu": "$0.96 per 100G",
    "COL Size": "520g"
  },
  {
    "Brand_Product_Size": "Coles Pork Shank Boneless approx. 600g",
    "COL Price": 7.2,
    "COL ppu": "$12.00 per 1Kg",
    "COL Size": "approx. 600g"
  },
  {
    "Brand_Product_Size": "Creative Gourmet Frozen Pink Dragonfruit Chunks 300g",
    "COL Price": 5.65,
    "COL ppu": "$18.83 per 1Kg",
    "COL Size": "300g"
  },
  {
    "Brand_Product_Size": "Coles Spinach Ricotta & Fetta Roll 450g",
    "COL Price": 5,
    "COL ppu": "$1.11 per 100G",
    "COL Size": "450g"
  },
  {
    "Brand_Product_Size": "Coles Orange & Poppy Seed Cake 400g",
    "COL Price": 7,
    "COL ppu": "$1.75 per 100G",
    "COL Size": "400g"
  },
  {
    "Brand_Product_Size": "Chux Antibacterial Dual Action Wet Wipes Ocean Scent 70 pack",
    "COL Price": 6,
    "COL ppu": "$0.09 per 1Ea",
    "COL Size": "70 pack"
  },
  {
    "Brand_Product_Size": "Lock & Lock Eco Square Container 1.2L 1 pack",
    "COL Price": 10,
    "COL ppu": "$10.00 per 1Ea",
    "COL Size": "1 pack"
  },
  {
    "Brand_Product_Size": "John West Cherry Tomato & Chilli Infused Oil Deli Tuna 90g",
    "COL Price": 2.7,
    "COL ppu": "$30.00 per 1Kg",
    "COL Size": "90g"
  },
  {
    "Brand_Product_Size": "Nature's Way Kids Smart Omega 3 Fish Oil Sugar Free Capsules 50 pack",
    "COL Price": 15.5,
    "COL ppu": "$0.31 per 1Ea",
    "COL Size": "50 pack"
  },
  {
    "Brand_Product_Size": "Kan Tong Singapore Wok Ready Noodles 400g",
    "COL Price": 2.99,
    "COL ppu": "$0.68 per 100G",
    "COL Size": "400g"
  },
  {
    "Brand_Product_Size": "Coles Sticky Date & Caramel Loaf Cake 470g",
    "COL Price": 6,
    "COL ppu": "$1.28 per 100G",
    "COL Size": "470g"
  },
  {
    "Brand_Product_Size": "Cheesebuddy Brazilian Cheese Bread 450g",
    "COL Price": 6.6,
    "COL ppu": "$1.47 per 100G",
    "COL Size": "450g"
  },
  {
    "Brand_Product_Size": "McVities Penguins Multipack Mint Chocolate Biscuits 147g",
    "COL Price": 2.8,
    "COL ppu": "$1.90 per 100G",
    "COL Size": "147g"
  },
  {
    "Brand_Product_Size": "Temptations Seafood Medley Flavour Cat Treats 180g",
    "COL Price": 6,
    "COL ppu": "$3.33 per 100G",
    "COL Size": "180g"
  },
  {
    "Brand_Product_Size": "Dove Women Antiperspirant Roll On Deodorant Fresh Touch Cucumber & Green Tea 50mL",
    "COL Price": 3.9,
    "COL ppu": "$7.80 per 100mL",
    "COL Size": "50mL"
  },
  {
    "Brand_Product_Size": "Band-Aid Advanced Footcare Blister Cushion 5 pack",
    "COL Price": 12,
    "COL ppu": "$2.40 per 1Ea",
    "COL Size": "5 pack"
  },
  {
    "Brand_Product_Size": "La Casa Del Formaggio Cheese Bocconcini Cherry 220g",
    "COL Price": 5.5,
    "COL ppu": "$25.00 per 1Kg",
    "COL Size": "220g"
  },
  {
    "Brand_Product_Size": "Kettle Chunky Chips Himalayan Salt 150g",
    "COL Price": 4.65,
    "COL ppu": "$3.10 per 100G",
    "COL Size": "150g"
  },
  {
    "Brand_Product_Size": "Coles Gluten Free Sesame Snaps 3 pack 120g",
    "COL Price": 1.5,
    "COL ppu": "$1.25 per 100G",
    "COL Size": "120g"
  },
  {
    "Brand_Product_Size": "Colgate Max Fresh Cool Mint Toothpaste 190g",
    "COL Price": 4.9,
    "COL ppu": "$2.58 per 100G",
    "COL Size": "190g"
  },
  {
    "Brand_Product_Size": "Coles Dairy Canola Spread 500g",
    "COL Price": 2,
    "COL ppu": "$0.40 per 100G",
    "COL Size": "500g"
  },
  {
    "Brand_Product_Size": "Sunny Queen Free Range Large Eggs 18 pack 900g",
    "COL Price": 7,
    "COL ppu": "$0.78 per 100G",
    "COL Size": "900g"
  },
  {
    "Brand_Product_Size": "Coca Cola Soft Drink Diet Coke Can 250mL",
    "COL Price": 2.25,
    "COL ppu": "$9.00 per 1L",
    "COL Size": "250mL"
  },
  {
    "Brand_Product_Size": "Werther's Original Cream Candies 3 pack 150g",
    "COL Price": 2.5,
    "COL ppu": "$1.67 per 100G",
    "COL Size": "150g"
  },
  {
    "Brand_Product_Size": "Nature's Way Metabolift Fat Burn Tablets 90 pack",
    "COL Price": 42,
    "COL ppu": "$0.47 per 1Ea",
    "COL Size": "90 pack"
  },
  {
    "Brand_Product_Size": "Sunrice Gluten Free Tri-Blend Supergrain Steamed Rice 2 Cups 250g",
    "COL Price": 3,
    "COL ppu": "$1.20 per 100G",
    "COL Size": "250g"
  },
  {
    "Brand_Product_Size": "Cook & Dine Stainless Steel Mini Tongs 2 pack",
    "COL Price": 2,
    "COL ppu": "$1.00 per 1Ea",
    "COL Size": "2 pack"
  },
  {
    "Brand_Product_Size": "Poise Super Pads 14 pack",
    "COL Price": 6,
    "COL ppu": "$0.43 per 1Ea",
    "COL Size": "14 pack"
  },
  {
    "Brand_Product_Size": "Wai Wai Tom Yum Shrimp Flavoured Instant Noodles 60g",
    "COL Price": 0.65,
    "COL ppu": "$1.08 per 100G",
    "COL Size": "60g"
  },
  {
    "Brand_Product_Size": "Sistema Ultra Clear Tritan Container 920mL each",
    "COL Price": 10,
    "COL ppu": "$10.00 per 1Ea",
    "COL Size": "each"
  },
  {
    "Brand_Product_Size": "Simple Instant Glow Biodegradble Facial Wipes 20 pack",
    "COL Price": 6.5,
    "COL ppu": "$32.50 per 1Ea",
    "COL Size": "20 pack"
  },
  {
    "Brand_Product_Size": "Skippy Cookies & Cream Protein Bar 40g",
    "COL Price": 3,
    "COL ppu": "$7.50 per 100G",
    "COL Size": "40g"
  },
  {
    "Brand_Product_Size": "Vittoria Espressotoria Italian Blend Coffee Capsules 12 pack 78g",
    "COL Price": 4,
    "COL ppu": "$5.13 per 100G",
    "COL Size": "78g"
  },
  {
    "Brand_Product_Size": "Equal Sweetener Tablets Refill 500 pack",
    "COL Price": 12.3,
    "COL ppu": "$0.02 per 1Ea",
    "COL Size": "500 pack"
  },
  {
    "Brand_Product_Size": "Beerenberg BBQ Sauce 300 mL",
    "COL Price": 4.75,
    "COL ppu": "",
    "COL Size": "300 mL"
  },
  {
    "Brand_Product_Size": "Colgate Zig Zag Value Pack Soft Toothbrush 6 pack",
    "COL Price": 10,
    "COL ppu": "$1.67 per 1Ea",
    "COL Size": "6 pack"
  },
  {
    "Brand_Product_Size": "Always Discreet Pads Long For Bladder Leaks 10 pack",
    "COL Price": 8,
    "COL ppu": "$0.80 per 1Ea",
    "COL Size": "10 pack"
  },
  {
    "Brand_Product_Size": "White Wings Self Raising Flour 2kg",
    "COL Price": 4,
    "COL ppu": "$2.00 per 1Kg",
    "COL Size": "2kg"
  },
  {
    "Brand_Product_Size": "Gillette Fusion ProGlide Manual Flexball Shaving Razor Pack & 1 Blade Refill 1 pack",
    "COL Price": 20,
    "COL ppu": "$20.00 per 1Ea",
    "COL Size": "1 pack"
  },
  {
    "Brand_Product_Size": "Mount Franklin Lightly Sparkling Water with a hint of Wild Berry Bottle 1.25L",
    "COL Price": 2.7,
    "COL ppu": "$2.16 per 1L",
    "COL Size": "1.25L"
  },
  {
    "Brand_Product_Size": "Bellamy's Organic Step 1 Infant Formula 900g",
    "COL Price": 32,
    "COL ppu": "$3.56 per 100G",
    "COL Size": "900g"
  },
  {
    "Brand_Product_Size": "Beigel & Beigel Sesame Pretzels Rings 200g",
    "COL Price": 2.8,
    "COL ppu": "$1.40 per 100G",
    "COL Size": "200g"
  },
  {
    "Brand_Product_Size": "Carefree Long Liners 30 pack",
    "COL Price": 3.5,
    "COL ppu": "$0.12 per 1Ea",
    "COL Size": "30 pack"
  },
  {
    "Brand_Product_Size": "Wellaby's Fetta Oregano and Olive Oil Crackers 100g",
    "COL Price": 4,
    "COL ppu": "$4.00 per 100G",
    "COL Size": "100g"
  },
  {
    "Brand_Product_Size": "Cook & Dine Roasting Pan each",
    "COL Price": 6,
    "COL ppu": "$6.00 per 1Ea",
    "COL Size": "each"
  },
  {
    "Brand_Product_Size": "Heinz Apple Blueberry & Strawberry Baby Food 8+ Months 120g",
    "COL Price": 1.5,
    "COL ppu": "$1.25 per 100G",
    "COL Size": "120g"
  },
  {
    "Brand_Product_Size": "Prime Pantry Chicken With Broccoli & Apple Dog Food 1.7kg",
    "COL Price": 8,
    "COL ppu": "$4.71 per 1Kg",
    "COL Size": "1.7kg"
  },
  {
    "Brand_Product_Size": "Beechworth Pure Australian Honey Squeeze 400g",
    "COL Price": 8.2,
    "COL ppu": "$2.05 per 100G",
    "COL Size": "400g"
  },
  {
    "Brand_Product_Size": "Fancy Feast Royale Whitemeat Tuna Affair With Seafood Strips Canned Cat Food 85g",
    "COL Price": 2,
    "COL ppu": "$2.35 per 100G",
    "COL Size": "85g"
  },
  {
    "Brand_Product_Size": "Ziploc Sandwich Bags 50 pack",
    "COL Price": 4,
    "COL ppu": "$0.08 per 1Ea",
    "COL Size": "50 pack"
  },
  {
    "Brand_Product_Size": "Sellotape Masking Tape 24mmX18m each",
    "COL Price": 2.5,
    "COL ppu": "$2.50 per 1Ea",
    "COL Size": "each"
  },
  {
    "Brand_Product_Size": "Pantene Aqualight Shampoo 900mL",
    "COL Price": 17,
    "COL ppu": "$1.89 per 100mL",
    "COL Size": "900mL"
  },
  {
    "Brand_Product_Size": "Dettol Parents Approved Jasmine Hand Wash Soap 250mL",
    "COL Price": 3,
    "COL ppu": "$1.20 per 100mL",
    "COL Size": "250mL"
  },
  {
    "Brand_Product_Size": "Coles Wrapped Camembert Cheese 125g",
    "COL Price": 3,
    "COL ppu": "$2.40 per 100G",
    "COL Size": "125g"
  },
  {
    "Brand_Product_Size": "Optimum Functional Dog Treat Healthy Weight With Turkey & Kangaroo 100g",
    "COL Price": 5.5,
    "COL ppu": "$5.50 per 100G",
    "COL Size": "100g"
  },
  {
    "Brand_Product_Size": "Old El Paso Stand 'N Stuff Soft Taco Kit Mild 348g",
    "COL Price": 5,
    "COL ppu": "$1.44 per 100G",
    "COL Size": "348g"
  },
  {
    "Brand_Product_Size": "Wrigley's Extra White Sugar Free Lemon Lime Chewing Gum Bottle 46 Piece 64g",
    "COL Price": 4,
    "COL ppu": "$6.25 per 100G",
    "COL Size": "64g"
  },
  {
    "Brand_Product_Size": "Old El Paso Spice Mix For Chili Medium 35g",
    "COL Price": 2,
    "COL ppu": "$0.57 per 10G",
    "COL Size": "35g"
  },
  {
    "Brand_Product_Size": "Street Supreme Pizza 385g",
    "COL Price": 5,
    "COL ppu": "$1.30 per 100G",
    "COL Size": "385g"
  },
  {
    "Brand_Product_Size": "Revlon Colorstay Overtime Lipcolor Bare Maximum Lipstick 2mL",
    "COL Price": 28,
    "COL ppu": "$140.00 per 10mL",
    "COL Size": "2mL"
  },
  {
    "Brand_Product_Size": "Mirabella Pilot Globe 15 watt Small Bayonet Cap Clear 2 pack",
    "COL Price": 2.25,
    "COL ppu": "$1.13 per 1Ea",
    "COL Size": "2 pack"
  },
  {
    "Brand_Product_Size": "Coles Kitchen Beef Lasagne 400g",
    "COL Price": 7.5,
    "COL ppu": "$1.88 per 100G",
    "COL Size": "400g"
  },
  {
    "Brand_Product_Size": "Twinings Irish Breakfast Tea Bags 100 pack 200g",
    "COL Price": 5.6,
    "COL ppu": "$0.06 per 1Ea",
    "COL Size": "200g"
  },
  {
    "Brand_Product_Size": "Coles Kitchen Shredded Carrot 200g",
    "COL Price": 2,
    "COL ppu": "$10.00 per 1Kg",
    "COL Size": "200g"
  },
  {
    "Brand_Product_Size": "Bega Light & Tasty Natural Cheese Slices 30 pack 500g",
    "COL Price": 9,
    "COL ppu": "$18.00 per 1Kg",
    "COL Size": "500g"
  },
  {
    "Brand_Product_Size": "MasterFoods Barbecue Sauce 920mL",
    "COL Price": 4,
    "COL ppu": "$0.43 per 100mL",
    "COL Size": "920mL"
  },
  {
    "Brand_Product_Size": "Rimmel Professional Hazel Eyebrow Pencil 1.4g",
    "COL Price": 5.4,
    "COL ppu": "$38.57 per 10G",
    "COL Size": "1.4g"
  },
  {
    "Brand_Product_Size": "Coles Deli Thawed Cooked Medium Black Tiger Prawns approx. 250g",
    "COL Price": 5.5,
    "COL ppu": "$22.00 per 1Kg",
    "COL Size": "approx. 250g"
  },
  {
    "Brand_Product_Size": "Neutrogena Hydro Boost 100% Hydrogel Face Mask 30g",
    "COL Price": 6,
    "COL ppu": "$20.00 per 100G",
    "COL Size": "30g"
  },
  {
    "Brand_Product_Size": "Street Margherita Pizza 355g",
    "COL Price": 5,
    "COL ppu": "$1.41 per 100G",
    "COL Size": "355g"
  },
  {
    "Brand_Product_Size": "Lilydale Free Range Chicken Mince 500g",
    "COL Price": 9,
    "COL ppu": "$18.00 per 1Kg",
    "COL Size": "500g"
  },
  {
    "Brand_Product_Size": "Edgell Super Sweet Corn Kernels 4 pack",
    "COL Price": 3,
    "COL ppu": "$6.00 per 1Kg",
    "COL Size": "4 pack"
  },
  {
    "Brand_Product_Size": "Sunrice Medium Grain Brown Rice 2kg",
    "COL Price": 6.5,
    "COL ppu": "$0.33 per 100G",
    "COL Size": "2kg"
  },
  {
    "Brand_Product_Size": "Moccona Espresso Style Bold & Intense Instant Coffee 400g",
    "COL Price": 16,
    "COL ppu": "$4.00 per 100G",
    "COL Size": "400g"
  },
  {
    "Brand_Product_Size": "Mind Waves Colouring Book Mindfulness Assortment each",
    "COL Price": 6,
    "COL ppu": "$6.00 per 1Ea",
    "COL Size": "each"
  },
  {
    "Brand_Product_Size": "Moccona French Style Smooth & Rounded Instant Coffee 200g",
    "COL Price": 13,
    "COL ppu": "$6.50 per 100G",
    "COL Size": "200g"
  },
  {
    "Brand_Product_Size": "Super Nature Super Pulses Wholemeal Beef Lasagne With Black Lentils 300g",
    "COL Price": 4,
    "COL ppu": "$1.33 per 100G",
    "COL Size": "300g"
  },
  {
    "Brand_Product_Size": "Coles Kitchen Family Stir Fry 400g",
    "COL Price": 3,
    "COL ppu": "$0.75 per 100G",
    "COL Size": "400g"
  },
  {
    "Brand_Product_Size": "Great Ocean Road Chocolate Flavoured Milk 2L",
    "COL Price": 3.85,
    "COL ppu": "$1.93 per 1L",
    "COL Size": "2L"
  },
  {
    "Brand_Product_Size": "McVitie's Dark Chocolate Digestive Biscuits 300g",
    "COL Price": 3.95,
    "COL ppu": "$1.32 per 100G",
    "COL Size": "300g"
  },
  {
    "Brand_Product_Size": "King Island Dairy Cape Wickham Double Brie approx. 100g",
    "COL Price": 5,
    "COL ppu": "$50.00 per 1Kg",
    "COL Size": "approx. 100g"
  },
  {
    "Brand_Product_Size": "Allen's Ice Creamery Ice Pops 170g",
    "COL Price": 3,
    "COL ppu": "$1.76 per 100G",
    "COL Size": "170g"
  },
  {
    "Brand_Product_Size": "Cancer Council Moisturising Tube Sunscreen SPF 50+ 110mL",
    "COL Price": 12,
    "COL ppu": "$10.91 per 100mL",
    "COL Size": "110mL"
  },
  {
    "Brand_Product_Size": "Lotus Biscoff Caramelised Biscuit 8 pack 124g",
    "COL Price": 1.45,
    "COL ppu": "$1.17 per 100G",
    "COL Size": "124g"
  },
  {
    "Brand_Product_Size": "Bushells Turkish Style Pulverised Coffee 250g",
    "COL Price": 6.5,
    "COL ppu": "$2.60 per 100G",
    "COL Size": "250g"
  },
  {
    "Brand_Product_Size": "Coles Pure Australian Honey Squeeze 375g",
    "COL Price": 5.5,
    "COL ppu": "$1.47 per 100G",
    "COL Size": "375g"
  },
  {
    "Brand_Product_Size": "Streets Magnum Almond Ice Cream Sticks 4 pack 428mL",
    "COL Price": 4.5,
    "COL ppu": "$1.05 per 100mL",
    "COL Size": "428mL"
  },
  {
    "Brand_Product_Size": "Rosemary Wafer Crackers 100g",
    "COL Price": 3,
    "COL ppu": "$3.00 per 100G",
    "COL Size": "100g"
  },
  {
    "Brand_Product_Size": "Coles Dinosaur Loot Bags 10 pack",
    "COL Price": 3,
    "COL ppu": "$0.30 per 1Ea",
    "COL Size": "10 pack"
  },
  {
    "Brand_Product_Size": "Coles Roast Herb Select Punnet 20g",
    "COL Price": 3.9,
    "COL ppu": "$1.95 per 10G",
    "COL Size": "20g"
  },
  {
    "Brand_Product_Size": "Coles Deli Thawed Raw Imported Peeled Prawn Meat approx. 250g",
    "COL Price": 6.75,
    "COL ppu": "$27.00 per 1Kg",
    "COL Size": "approx. 250g"
  },
  {
    "Brand_Product_Size": "Gaganis Premium Raw Sunflower Kernals 500g",
    "COL Price": 2.5,
    "COL ppu": "$0.50 per 100G",
    "COL Size": "500g"
  },
  {
    "Brand_Product_Size": "Unibic Anzac Biscuits 300g",
    "COL Price": 3,
    "COL ppu": "$1.00 per 100G",
    "COL Size": "300g"
  },
  {
    "Brand_Product_Size": "MasterFoods Stir Fry Satay Chicken Recipe Base 175g",
    "COL Price": 2.2,
    "COL ppu": "$1.26 per 100G",
    "COL Size": "175g"
  },
  {
    "Brand_Product_Size": "Bostik Blu Tack 75g",
    "COL Price": 2.5,
    "COL ppu": "$2.50 per 1ea",
    "COL Size": "75g"
  },
  {
    "Brand_Product_Size": "Osem Toasted Couscous 250g",
    "COL Price": 2.1,
    "COL ppu": "$0.84 per 100G",
    "COL Size": "250g"
  },
  {
    "Brand_Product_Size": "Ricci's Bikkies Garlic Olive & Parmesan 120g",
    "COL Price": 6.9,
    "COL ppu": "$5.75 per 100G",
    "COL Size": "120g"
  },
  {
    "Brand_Product_Size": "Coles Kitchen Asian Style Salad Bowl 230g",
    "COL Price": 5,
    "COL ppu": "$2.17 per 100G",
    "COL Size": "230g"
  },
  {
    "Brand_Product_Size": "Bref Deluxe In Bowl Cleaner Magic Moonflower 50 gram",
    "COL Price": 3,
    "COL ppu": "",
    "COL Size": "50 gram"
  },
  {
    "Brand_Product_Size": "Coles Snakes 750g",
    "COL Price": 3.45,
    "COL ppu": "$0.46 per 100G",
    "COL Size": "750g"
  },
  {
    "Brand_Product_Size": "Coles Bakery High Fibre Low GI 7 Seeds & Grain Rolls 4 pack",
    "COL Price": 3,
    "COL ppu": "$0.75 per 1Ea",
    "COL Size": "4 pack"
  },
  {
    "Brand_Product_Size": "Nudie Nothing But Orange Juice 400mL",
    "COL Price": 3.5,
    "COL ppu": "$8.75 per 1L",
    "COL Size": "400mL"
  },
  {
    "Brand_Product_Size": "Carman's Oat Slice Belgian Chocolate Brownie 210g",
    "COL Price": 6,
    "COL ppu": "$2.86 per 100G",
    "COL Size": "210g"
  },
  {
    "Brand_Product_Size": "My Dog Puppy Chicken Minced With Rice & Carrot Wet Dog Food Can 400g",
    "COL Price": 2.2,
    "COL ppu": "$0.55 per 100G",
    "COL Size": "400g"
  }
]