[
  {
    "Product Name": "Essential Health Paw Paw Ointment ea",
    "Price": 2.79,
    "Unit Price": "$11.16 per 100g"
  },
  {
    "Product Name": "Hedanol Paracetamol Capsule Shaped Tablets 20pk",
    "Price": 69,
    "Unit Price": "3c per tablet"
  },
  {
    "Product Name": "Essential Health Effervescents 15pk ea",
    "Price": 4.49,
    "Unit Price": "30c per tablet"
  },
  {
    "Product Name": "Essential Health Electrolytes 20pk 20pk",
    "Price": 5.49,
    "Unit Price": "27c per tablet"
  },
  {
    "Product Name": "Hedafen Ibuprofen Liquid Capsules 20pk 20pk",
    "Price": 2.39,
    "Unit Price": "12c per capsule"
  },
  {
    "Product Name": "Onset Chocolate Protein Bars 51g-57g 51g-57g",
    "Price": 2.99,
    "Unit Price": "$5.86-$5.25 per 100g"
  },
  {
    "Product Name": "Dentitex Orbit Toothbrush 2pk 2pk",
    "Price": 2.99,
    "Unit Price": "$1.50 per unit"
  },
  {
    "Product Name": "Dentitex Mouthwash 1L 1L",
    "Price": 4.19,
    "Unit Price": "42c per 100mL"
  },
  {
    "Product Name": "Essential Health Protein Bar 30g ea",
    "Price": 1.49,
    "Unit Price": "$4.97 per 100g"
  },
  {
    "Product Name": "Dentitex Advanced Whitening Toothpaste 140g",
    "Price": 1.79,
    "Unit Price": "$1.28 per 100g"
  },
  {
    "Product Name": "Dentitex Interdental Pro Toothbrush 2pk 2pk",
    "Price": 1.99,
    "Unit Price": "$1.00 per unit"
  },
  {
    "Product Name": "Caviar Illumination Day Cream SPF15 50ml",
    "Price": 19.99,
    "Unit Price": "$39.98 per 100ml"
  },
  {
    "Product Name": "Caviar Illumination Intensive Anti-Wrinkle Serum 15ml",
    "Price": 14.99,
    "Unit Price": "$99.93 per 100ml"
  },
  {
    "Product Name": "Dentitex Mouthwash 500ml 500ml",
    "Price": 3.49,
    "Unit Price": "70c per ml"
  },
  {
    "Product Name": "Caviar Illumination Night Cream 50ml",
    "Price": 19.99,
    "Unit Price": "$39.98 per 100ml"
  },
  {
    "Product Name": "Hedafen Ibuprofen 24pk 24pk",
    "Price": 1.49,
    "Unit Price": "6c per tablet"
  },
  {
    "Product Name": "Caviar Illumination 3 Minute Brightening Mask 50ml",
    "Price": 14.99,
    "Unit Price": "$29.98 per 100ml"
  },
  {
    "Product Name": "Caviar Illumination Eye Mousse 15ml",
    "Price": 14.99,
    "Unit Price": "$99.93 per 100ml"
  },
  {
    "Product Name": "Essential Health Meal Replacement Shakes ea",
    "Price": 1.99,
    "Unit Price": "$3.62 per 100g"
  },
  {
    "Product Name": "Caviar Illuminator or Primer 30ml ea",
    "Price": 12.99,
    "Unit Price": "$4.33 per 10ml"
  },
  {
    "Product Name": "Caviar Long Lasting Anti-Aging Foundation with  Concealer 50ml",
    "Price": 19.99,
    "Unit Price": "$4.00 per 10ml"
  },
  {
    "Product Name": "Dentitex Sensitive Plus Whitening Toothpaste",
    "Price": 4.49,
    "Unit Price": "$4.08 per 100g"
  },
  {
    "Product Name": "Caviar Illumination Shampoo or Conditioner 300ml ea",
    "Price": 8.99,
    "Unit Price": "$3.00 per 100ml"
  },
  {
    "Product Name": "Dove Beauty Bar 100g",
    "Price": 89,
    "Unit Price": "89c per 100g"
  },
  {
    "Product Name": "Essential Health First Aid Strips Plastic 100pk / Fabric 50pk ea",
    "Price": 1.99,
    "Unit Price": "2c-4c per strip"
  },
  {
    "Product Name": "Green Action Eucalyptus Oil 100ml 100ml",
    "Price": 6.99,
    "Unit Price": "$6.99 per 100ml"
  },
  {
    "Product Name": "Triple Moisturising Dove Bodywash 1L",
    "Price": 6.99,
    "Unit Price": "70c per 100ml"
  },
  {
    "Product Name": "Men's Dove Antiperspirant Roll-On Deodorant 2 x 50ml",
    "Price": 3.99,
    "Unit Price": "$3.99 per 100ml"
  },
  {
    "Product Name": "Women's Dove Antiperspirant Roll-On Deodorant 2 x 50ml 2pk",
    "Price": 3.99,
    "Unit Price": "$3.99 per 100ml"
  },
  {
    "Product Name": "Dove Daily Moisture Shampoo 640ml",
    "Price": 5.99,
    "Unit Price": "94c per 100ml"
  },
  {
    "Product Name": "Men’s Long Sleeve Tee ea",
    "Price": 8.99,
    "Unit Price": ""
  },
  {
    "Product Name": "Women's Dove Antiperspirant Deodorant 2 x 147g 2pk",
    "Price": 6.99,
    "Unit Price": "$2.38 per 100g"
  },
  {
    "Product Name": "Men’s Black Stretch Denim Jeans",
    "Price": 16.99,
    "Unit Price": ""
  },
  {
    "Product Name": "Vaseline Body Lotion Deep Restore 750ml",
    "Price": 6.99,
    "Unit Price": "93c per 100ml"
  },
  {
    "Product Name": "Dove Daily Moisture Conditoner 640ml",
    "Price": 5.99,
    "Unit Price": "94c per 100ml"
  },
  {
    "Product Name": "Men’s Casual Shoes pr",
    "Price": 24.99,
    "Unit Price": ""
  },
  {
    "Product Name": "Men's Dove Antiperspirant Deodorant 2 x 147g",
    "Price": 6.99,
    "Unit Price": "$2.38 per 100g"
  },
  {
    "Product Name": "Men’s Jogger Pants ea",
    "Price": 14.99,
    "Unit Price": ""
  },
  {
    "Product Name": "Men’s French Rib Top ea",
    "Price": 14.99,
    "Unit Price": ""
  },
  {
    "Product Name": "Men’s Puffer Vest",
    "Price": 19.99,
    "Unit Price": ""
  },
  {
    "Product Name": "Men’s Waffle Thermal Top ea",
    "Price": 9.99,
    "Unit Price": ""
  },
  {
    "Product Name": "Men’s Premium Slipper Boots pr",
    "Price": 29.99,
    "Unit Price": ""
  },
  {
    "Product Name": "Men’s Waffle Thermal Leggings ea",
    "Price": 9.99,
    "Unit Price": ""
  },
  {
    "Product Name": "Men’s Low Cut or Sports Crew Socks 3pk 3pk",
    "Price": 3.99,
    "Unit Price": ""
  },
  {
    "Product Name": "58\" 4K Ultra HD Smart TV powered by WebOS",
    "Price": 569,
    "Unit Price": ""
  },
  {
    "Product Name": "Men’s Sweat Hoodie ea",
    "Price": 14.99,
    "Unit Price": ""
  },
  {
    "Product Name": "Men’s Sweat Top ea",
    "Price": 12.99,
    "Unit Price": ""
  },
  {
    "Product Name": "Low Profile TV Bracket",
    "Price": 29.99,
    "Unit Price": ""
  },
  {
    "Product Name": "Men’s Business or Novelty Socks 3pk 3pk",
    "Price": 3.99,
    "Unit Price": ""
  },
  {
    "Product Name": "Indoor Antenna",
    "Price": 29.99,
    "Unit Price": ""
  },
  {
    "Product Name": "8-Way Surge Protector Powerboard ea",
    "Price": 24.99,
    "Unit Price": ""
  },
  {
    "Product Name": "Restoring Coconut Dove Bodywash 1L",
    "Price": 6.99,
    "Unit Price": "70c per 100ml"
  },
  {
    "Product Name": "2.1 Channel Soundbar with Built-in Subwoofer ea",
    "Price": 129,
    "Unit Price": ""
  },
  {
    "Product Name": "Men’s Corduroy Jacket ea",
    "Price": 29.99,
    "Unit Price": ""
  },
  {
    "Product Name": "Almat Laundry Powder Concentrate 2kg ea",
    "Price": 4.99,
    "Unit Price": "$2.50 per kg"
  },
  {
    "Product Name": "42\" Soniq Android TV",
    "Price": 319,
    "Unit Price": ""
  },
  {
    "Product Name": "Trimat Advanced Laundry Liquid 2L – Sensitive 2L",
    "Price": 7.99,
    "Unit Price": "$4 per litre"
  },
  {
    "Product Name": "Trimat Advanced Laundry Liquid 2L – Regular 2L",
    "Price": 7.99,
    "Unit Price": "$4 per litre"
  },
  {
    "Product Name": "Men’s Sweat Pants ea",
    "Price": 12.99,
    "Unit Price": ""
  },
  {
    "Product Name": "8 Camera Home Security System with DVR",
    "Price": 299,
    "Unit Price": ""
  },
  {
    "Product Name": "Men’s Blue Stretch Denim Jeans",
    "Price": 16.99,
    "Unit Price": ""
  },
  {
    "Product Name": "Almat Laundry Liquid Concentrate 2L ea",
    "Price": 4.99,
    "Unit Price": "$2.50 per litre"
  },
  {
    "Product Name": "Men's Trunks 3pk or Long Trunks 3pk 3pk",
    "Price": 9.99,
    "Unit Price": ""
  },
  {
    "Product Name": "Vaseline Body Lotion Aloe Soothe 750ml",
    "Price": 6.99,
    "Unit Price": "93c per 100ml"
  },
  {
    "Product Name": "Men’s Briefs 5pk 5pk",
    "Price": 9.99,
    "Unit Price": ""
  },
  {
    "Product Name": "Di San Laundry Sanitiser 1L",
    "Price": 3.69,
    "Unit Price": "$3.69 per Litre"
  },
  {
    "Product Name": "Di-San Pre Wash Stain Remover 500ml 500ml",
    "Price": 1.29,
    "Unit Price": "$2.58 per litre"
  },
  {
    "Product Name": "Di San Pre Wash Stain Remover 500ml – Degreaser",
    "Price": "",
    "Unit Price": ""
  },
  {
    "Product Name": "Green Action Laundry Liquid 1L",
    "Price": 1.99,
    "Unit Price": "$1.99 per litre"
  },
  {
    "Product Name": "Logix Platinum Dishwashing Tablets 40pk",
    "Price": 7.69,
    "Unit Price": "19c per tablet"
  },
  {
    "Product Name": "Anco Soft Fabric Softener 2L ea",
    "Price": 2.79,
    "Unit Price": "$1.40 per Litre"
  },
  {
    "Product Name": "Power Force Anti Bac Plus Surface Spray Disinfectant 300g",
    "Price": 3.69,
    "Unit Price": "$1.23 per 100g"
  },
  {
    "Product Name": "Anco Soft Fabric Softener 4x Concentrate 1L",
    "Price": 3.59,
    "Unit Price": "$3.59 per litre"
  },
  {
    "Product Name": "Anco Soft Fabric Softener Concentrate 250ml ea",
    "Price": 99,
    "Unit Price": "$3.96 per Litre"
  },
  {
    "Product Name": "Atlas Kill & Protect High Performance Surface & Cockroach Spray 350g",
    "Price": 2.69,
    "Unit Price": "77c per 100g"
  },
  {
    "Product Name": "Green Action Wool Wash 1L",
    "Price": 1.99,
    "Unit Price": "$1.99 per litre"
  },
  {
    "Product Name": "Confidence Samson Paper Towel 3ply 3pk",
    "Price": 2.99,
    "Unit Price": "$1.66 per 100 sheets ($1.00 per roll)"
  },
  {
    "Product Name": "Logix Complete Dishwashing Tablets 30pk",
    "Price": 4.29,
    "Unit Price": "14c per tablet"
  },
  {
    "Product Name": "MAMIA® Unisex Crawler Nappies 6kg-11kg 56pk 56pk",
    "Price": 9.99,
    "Unit Price": "18c per nappy"
  },
  {
    "Product Name": "MAMIA® Unisex Infant Nappies 4kg-8kg 56pk 56pk",
    "Price": 9.99,
    "Unit Price": "18c per nappy"
  },
  {
    "Product Name": "Power Force Gel Toilet Discs 75ml",
    "Price": 4.99,
    "Unit Price": "$6.65 per 100ml"
  },
  {
    "Product Name": "Power Force Pro Bath & Shower Cleaner 750ml",
    "Price": 2.39,
    "Unit Price": "32c per 100ml"
  },
  {
    "Product Name": "MAMIA® Unisex Toddler Nappies 10kg-15kg 50pk 50pk",
    "Price": 9.99,
    "Unit Price": "20c per nappy"
  },
  {
    "Product Name": "MAMIA® Unisex Newborn Nappies",
    "Price": 3.99,
    "Unit Price": "14c per nappy"
  },
  {
    "Product Name": "Power Force Pro Disinfectant Wipes 120pk",
    "Price": 2.99,
    "Unit Price": "$2.50 per 100 wipes"
  },
  {
    "Product Name": "Power Force Pro Multi Purpose Cleaner 750ml",
    "Price": 1.79,
    "Unit Price": "24c per 100ml"
  },
  {
    "Product Name": "Laundrite Laundry Liquid 2L",
    "Price": 1.49,
    "Unit Price": "0.75c per Litre"
  },
  {
    "Product Name": "Laundrite Laundry Powder 4kg",
    "Price": 3.69,
    "Unit Price": "0.92c per kg"
  },
  {
    "Product Name": "Tandil Ultra Dishwashing Liquid 450ml",
    "Price": 1.59,
    "Unit Price": "35c per 100ml"
  },
  {
    "Product Name": "Power Force Pro Heavy Duty Cleaner 1.25L",
    "Price": 2.19,
    "Unit Price": "18c per 100ml"
  },
  {
    "Product Name": "Atlas Kill & Protect Fast Knockdown Flying Insect Spray 300g",
    "Price": 2.39,
    "Unit Price": "80c per 100g"
  },
  {
    "Product Name": "MAMIA® Unisex Walker Nappies 13kg-18kg 44pk 44pk",
    "Price": 9.99,
    "Unit Price": "23c per nappy"
  },
  {
    "Product Name": "Confidence Toilet Tissue Hypoallgerenic 4ply 8pk",
    "Price": 3.99,
    "Unit Price": "36c per 100 sheets (50c per roll)"
  },
  {
    "Product Name": "Mamia Baby Wipes 80pk Scented",
    "Price": 1.89,
    "Unit Price": "$2.36 per 100 wipes"
  },
  {
    "Product Name": "Mamia Baby Wipes 480pk Fragance free",
    "Price": 8.99,
    "Unit Price": "$1.87 per 100 wipes"
  },
  {
    "Product Name": "Mamia Premium Baby Wipes Fragrance Free 240pk",
    "Price": 7.69,
    "Unit Price": "$3.20 per 100 wipes"
  },
  {
    "Product Name": "Mamia Baby Wipes 80pk Fragrance Free",
    "Price": 1.89,
    "Unit Price": "$2.36 per 100 wipes"
  },
  {
    "Product Name": "Mamia Baby’s First Breakfast 6mth+ Porridge",
    "Price": 89,
    "Unit Price": "74c per 100g"
  },
  {
    "Product Name": "Mamia Baby Wipes Embossed Fragrance Free 80pk",
    "Price": 2.69,
    "Unit Price": "$3.36 per 100 wipes"
  },
  {
    "Product Name": "MAMIA® Unisex Junior Nappies 16kg-25kg 40pk 40pk",
    "Price": 9.99,
    "Unit Price": "25c per nappy"
  },
  {
    "Product Name": "Mamia Baby Food 6 Months+ 120g ea",
    "Price": 89,
    "Unit Price": "74c per 100g"
  },
  {
    "Product Name": "Mamia Baby Wipes Embossed Scented 80pk",
    "Price": 2.69,
    "Unit Price": "$3.36 per 100 wipes"
  },
  {
    "Product Name": "Mamia Baby Fruit 4 Months+ 120g 120g",
    "Price": 89,
    "Unit Price": "74c per 100g"
  },
  {
    "Product Name": "Mamia Fruit Snack Cereal Bars Apple & Raspberry 12+ months 8pk 128g 8pk",
    "Price": 2.79,
    "Unit Price": "$2.18 per 100g"
  },
  {
    "Product Name": "Mamia Fruit & Oat Bars 90g - Apple & Raisin with Yogurt 12+ Months",
    "Price": 2.99,
    "Unit Price": "$3.32 per 100g"
  },
  {
    "Product Name": "Mamia Premium Baby Food 6+ Months 120g ea",
    "Price": 89,
    "Unit Price": "74c per 100g"
  },
  {
    "Product Name": "Mamia Organic Apple Mini Rice Cakes 40g",
    "Price": 2.49,
    "Unit Price": "$6.23 per 100g"
  },
  {
    "Product Name": "Mamia Baby’s First Breakfast 6mth+ Muesli",
    "Price": 89,
    "Unit Price": "74c per 100g"
  },
  {
    "Product Name": "Mamia Baby Food Desserts 6 Months+ 120g ea",
    "Price": 89,
    "Unit Price": "74c per 100g"
  },
  {
    "Product Name": "Mamia Fruit Snack Cereal Bars Apple 12+ months 8pk 128g 8pk",
    "Price": 2.79,
    "Unit Price": "$2.18 per 100g"
  },
  {
    "Product Name": "Mamia Organic Raspberry Mini Rice Cakes 40g",
    "Price": 2.49,
    "Unit Price": "$6.23 per 100g"
  },
  {
    "Product Name": "Mamia Infant Formula Toddler Step 3 900g",
    "Price": 12.99,
    "Unit Price": "$1.44 per 100g"
  },
  {
    "Product Name": "Mamia Fruit Snack Cereal Bars Apple, Blueberry & Banana 12+ months 8pk 128g 8pk",
    "Price": 2.79,
    "Unit Price": "$2.18 per 100g"
  },
  {
    "Product Name": "Mamia Fruit & Oat Bars 90g - Strawberry 12+ Months",
    "Price": 2.99,
    "Unit Price": "$3.32 per 100g"
  },
  {
    "Product Name": "Mamia Fruit & Oat Bars 90g - Apricot 12+ Months",
    "Price": 2.99,
    "Unit Price": "$3.32 per 100g"
  },
  {
    "Product Name": "Mamia Organic Fruit 4 months+ 120g ea",
    "Price": 1.29,
    "Unit Price": "$1.08 per 100g"
  },
  {
    "Product Name": "Slimline Storage Drawers",
    "Price": 69.99,
    "Unit Price": ""
  },
  {
    "Product Name": "Knitting Tote Bag or Needles 10pk ea",
    "Price": 19.99,
    "Unit Price": ""
  },
  {
    "Product Name": "Fabric Fat Quarters 6pk ea",
    "Price": 6.99,
    "Unit Price": ""
  },
  {
    "Product Name": "Hobby Sewing Table",
    "Price": 99.99,
    "Unit Price": ""
  },
  {
    "Product Name": "Sewing Thread 500m 3pk or Overlocker Thread 2000m ea",
    "Price": 99,
    "Unit Price": ""
  },
  {
    "Product Name": "Baby Knitting Yarn 8ply 100g ea",
    "Price": 1.99,
    "Unit Price": ""
  },
  {
    "Product Name": "Craft Cutting Tools ea",
    "Price": 4.99,
    "Unit Price": ""
  },
  {
    "Product Name": "Assorted Haberdashery ea",
    "Price": 99,
    "Unit Price": ""
  },
  {
    "Product Name": "Craft Cutting Mat ea",
    "Price": 4.99,
    "Unit Price": ""
  },
  {
    "Product Name": "Sewing Machine",
    "Price": 99.99,
    "Unit Price": ""
  },
  {
    "Product Name": "Magnified Task Lamp",
    "Price": 49.99,
    "Unit Price": ""
  },
  {
    "Product Name": "Sewing Machine Bag",
    "Price": 39.99,
    "Unit Price": ""
  },
  {
    "Product Name": "Sewing Basket ea",
    "Price": 24.99,
    "Unit Price": ""
  },
  {
    "Product Name": "Long Stitch or Embroidery Kit ea",
    "Price": 6.99,
    "Unit Price": ""
  },
  {
    "Product Name": "Acrylic Knitting Yarn 8ply 100g ea",
    "Price": 1.99,
    "Unit Price": ""
  },
  {
    "Product Name": "Facial Steamer",
    "Price": 39.99,
    "Unit Price": ""
  },
  {
    "Product Name": "Acrylic Super Chunky Yarn 3ply 280g ea",
    "Price": 3.99,
    "Unit Price": ""
  },
  {
    "Product Name": "Shiatsu Neck and Shoulder Massager",
    "Price": 49.99,
    "Unit Price": ""
  },
  {
    "Product Name": "Cordless Hair Remover",
    "Price": 39.99,
    "Unit Price": ""
  },
  {
    "Product Name": "Air Compression Foot Massager ea",
    "Price": 59.99,
    "Unit Price": ""
  },
  {
    "Product Name": "Shiatsu Back Massage Cushion ea",
    "Price": 39.99,
    "Unit Price": ""
  },
  {
    "Product Name": "Shiatsu Neck Massage Cushion ea",
    "Price": 39.99,
    "Unit Price": ""
  },
  {
    "Product Name": "Hairbrush with Boar and Nylon Bristles ea",
    "Price": 7.99,
    "Unit Price": ""
  },
  {
    "Product Name": "IPL Hair Remover",
    "Price": 69.99,
    "Unit Price": ""
  },
  {
    "Product Name": "Professional Hair Dryer ea",
    "Price": 24.99,
    "Unit Price": ""
  },
  {
    "Product Name": "Sewing Scissors 5pc ea",
    "Price": 12.99,
    "Unit Price": ""
  },
  {
    "Product Name": "Kairplex 3-Step Hair Bonding Kit kit",
    "Price": 19.99,
    "Unit Price": ""
  },
  {
    "Product Name": "Volume Hair Styler",
    "Price": 24.99,
    "Unit Price": ""
  },
  {
    "Product Name": "Haberdashery Assortment ea",
    "Price": 99,
    "Unit Price": ""
  },
  {
    "Product Name": "Schwarzkopf Leave In Treatment 150ml or Conditioning Spray 250ml ea",
    "Price": 4.99,
    "Unit Price": "$3.32/$2.00 per 100ml"
  },
  {
    "Product Name": "Haircarebear 50pk/60pk ea",
    "Price": 14.99,
    "Unit Price": ""
  },
  {
    "Product Name": "OGX Argan Oil of Morocco Shampoo or Conditioner 385ml ea",
    "Price": 9.99,
    "Unit Price": "$2.59 per 100ml"
  },
  {
    "Product Name": "Hair Treatment with Argan Oil 100ml",
    "Price": 5.99,
    "Unit Price": "$5.99 per 100ml"
  },
  {
    "Product Name": "Market Fare Broccoli 500g",
    "Price": 2.29,
    "Unit Price": "$4.58 per kg"
  },
  {
    "Product Name": "Market Fare Green Beans 1kg",
    "Price": 1.99,
    "Unit Price": "$1.99 per kg"
  },
  {
    "Product Name": "Market Fare Baby Peas 1kg 1kg",
    "Price": 2.99,
    "Unit Price": "$2.99 per kg"
  },
  {
    "Product Name": "OGX Coconut Milk Shampoo or Conditioner 385ml ea",
    "Price": 9.99,
    "Unit Price": "$2.59 per 100ml"
  },
  {
    "Product Name": "Handheld Massager ea",
    "Price": 39.99,
    "Unit Price": ""
  },
  {
    "Product Name": "Market Fare Peas, Carrots & Corn 1kg",
    "Price": 2.79,
    "Unit Price": "$2.79 per kg"
  },
  {
    "Product Name": "International Cuisine Beef Lasagne 2kg",
    "Price": 8.49,
    "Unit Price": "43c per 100g"
  },
  {
    "Product Name": "International Cuisine Supreme Family Pizza 500g",
    "Price": 2.99,
    "Unit Price": "59c per 100g"
  },
  {
    "Product Name": "Market Fare Corn Kernels 1kg",
    "Price": 2.59,
    "Unit Price": "$2.59 per kg"
  },
  {
    "Product Name": "Market Fare Stir Fry Vegetables 850g 850g",
    "Price": 3.49,
    "Unit Price": "$4.11 per kg"
  },
  {
    "Product Name": "Orchard & Vine Blueberries 500g",
    "Price": 3.69,
    "Unit Price": "$7.38 per kg"
  },
  {
    "Product Name": "Market Fare Corn Cobs 1kg",
    "Price": "see price in store",
    "Unit Price": "see price in store*"
  },
  {
    "Product Name": "Expressi Stainless Steel Large Milk Frother",
    "Price": 49.99,
    "Unit Price": ""
  },
  {
    "Product Name": "Market Fare Cauliflower or Broccoli Bake 800g ea",
    "Price": 4.99,
    "Unit Price": "$6.24 per kg"
  },
  {
    "Product Name": "Kenny’s Frozen Dessert 475ml 475ml",
    "Price": 4.99,
    "Unit Price": "$1.05 per 100ml"
  },
  {
    "Product Name": "Expressi Silver Coffee Capsule Machine",
    "Price": 79.99,
    "Unit Price": ""
  },
  {
    "Product Name": "Expressi Matte Black Large Milk Frother",
    "Price": 49.99,
    "Unit Price": ""
  },
  {
    "Product Name": "Market Fare Garden Peas 1kg",
    "Price": 1.99,
    "Unit Price": "$1.99 per kg"
  },
  {
    "Product Name": "Expressi White Coffee Capsule Machine",
    "Price": 79.99,
    "Unit Price": ""
  },
  {
    "Product Name": "Expressi Intenzo #14 Coffee Capsule Value Pack 6 x 16pk 96pk",
    "Price": 32.99,
    "Unit Price": "34c per capsule"
  },
  {
    "Product Name": "The Best Margherita Pizza Ever 365g",
    "Price": 4.99,
    "Unit Price": "$1.37 per 100g"
  },
  {
    "Product Name": "Expressi Vanilla Coffee Syrups 250ml",
    "Price": 2.99,
    "Unit Price": "$1.20 per 100ml"
  },
  {
    "Product Name": "Market Fare Spinach 250g",
    "Price": 89,
    "Unit Price": "$3.56 per kg"
  },
  {
    "Product Name": "Expressi Abruzzo #12 Coffee Capsule Value Pack 6 x 16pk 96pk",
    "Price": 32.99,
    "Unit Price": "34c per capsule"
  },
  {
    "Product Name": "Expressi Hazelnut Coffee Syrups 250ml",
    "Price": 2.99,
    "Unit Price": "$1.20 per 100ml"
  },
  {
    "Product Name": "Expressi Caramel Coffee Syrups 250ml",
    "Price": 2.99,
    "Unit Price": "$1.20 per 100ml"
  },
  {
    "Product Name": "Women’s Knit Pullover ea",
    "Price": 12.99,
    "Unit Price": ""
  },
  {
    "Product Name": "Women’s Coatigan ea",
    "Price": 29.99,
    "Unit Price": ""
  },
  {
    "Product Name": "Schwarzkopf Lacquer or Hairspray 500g ea",
    "Price": 6.99,
    "Unit Price": "$1.40 per 100g"
  },
  {
    "Product Name": "Women’s Cashmere Scarf ea",
    "Price": 29.99,
    "Unit Price": ""
  },
  {
    "Product Name": "Market Fare Winter Vegetables 1kg",
    "Price": 2.79,
    "Unit Price": "$2.79 per kg"
  },
  {
    "Product Name": "Women’s Stretch Denim Jeans or Jeggings ea",
    "Price": 14.99,
    "Unit Price": ""
  },
  {
    "Product Name": "Women’s Puffer Vest ea",
    "Price": 19.99,
    "Unit Price": ""
  },
  {
    "Product Name": "Expressi Milano #10 Coffee Capsule Value Pack 6 x 16pk 96pk",
    "Price": 32.99,
    "Unit Price": "34c per capsule"
  },
  {
    "Product Name": "Women’s Longline Cardigan ea",
    "Price": 16.99,
    "Unit Price": ""
  },
  {
    "Product Name": "Double Wall Thermo Glasses 2pk 2pk",
    "Price": 8.99,
    "Unit Price": ""
  },
  {
    "Product Name": "Women’s Loungewear Set ea",
    "Price": 16.99,
    "Unit Price": ""
  },
  {
    "Product Name": "Women’s Cowl Neck Pullover ea",
    "Price": 19.99,
    "Unit Price": ""
  },
  {
    "Product Name": "Women’s Velour Tracksuit ea",
    "Price": 24.99,
    "Unit Price": ""
  },
  {
    "Product Name": "Expressi Best Sellers Assortment Pack 10pk 10pk",
    "Price": 6.99,
    "Unit Price": "70c per capsule"
  },
  {
    "Product Name": "Women’s Wool Cashmere Blend Sweater ea",
    "Price": 34.99,
    "Unit Price": ""
  },
  {
    "Product Name": "Women’s Long Sleeve Tee 2pk 2pk",
    "Price": 8.99,
    "Unit Price": ""
  },
  {
    "Product Name": "Women’s Three-quarter Sleeve Top ea",
    "Price": 12.99,
    "Unit Price": ""
  },
  {
    "Product Name": "Women’s Leather Gloves pr",
    "Price": 12.99,
    "Unit Price": ""
  },
  {
    "Product Name": "Women’s White & Navy Trim Casual Shoes pr",
    "Price": 24.99,
    "Unit Price": ""
  },
  {
    "Product Name": "Women’s Wool Gloves pr",
    "Price": 12.99,
    "Unit Price": ""
  },
  {
    "Product Name": "Women’s White Casual Shoes pr",
    "Price": 24.99,
    "Unit Price": ""
  },
  {
    "Product Name": "Women’s Bootie Socks pr",
    "Price": 6.99,
    "Unit Price": ""
  },
  {
    "Product Name": "Women’s Underwear 3pk 3pk",
    "Price": 6.99,
    "Unit Price": ""
  },
  {
    "Product Name": "Women’s Casual Leather Bag ea",
    "Price": 39.99,
    "Unit Price": ""
  },
  {
    "Product Name": "Women’s Leather Belt ea",
    "Price": 9.99,
    "Unit Price": ""
  },
  {
    "Product Name": "Darrell Lea Rocklea Road Gift Box 250g",
    "Price": 6.99,
    "Unit Price": "$2.80 per 100g"
  },
  {
    "Product Name": "McVities Dark Chocolate Digestive Thins 150g",
    "Price": 1.99,
    "Unit Price": "$1.33 per 100g"
  },
  {
    "Product Name": "McVities Milk Chocolate Digestive Thins 150g",
    "Price": 1.99,
    "Unit Price": "$1.33 per 100g"
  },
  {
    "Product Name": "Darrell Lea Dark Chocolate Ginger Gift Box 200g",
    "Price": 6.99,
    "Unit Price": "$3.50 per 100g"
  },
  {
    "Product Name": "Cherry Cranberry & Pistachio Nougat Limar Gift Tin 150g",
    "Price": 7.99,
    "Unit Price": "$5.33 per 100g"
  },
  {
    "Product Name": "Nescafé Cappuccino Coffee Sachets 30pk 30pk",
    "Price": 11.99,
    "Unit Price": "40c per sachet"
  },
  {
    "Product Name": "Darrell Lea Mum’s Bag 850g ea",
    "Price": 15.99,
    "Unit Price": "$1.88 per 100g"
  },
  {
    "Product Name": "Vanilla Almond Nougat Limar Gift Tin 150g",
    "Price": 7.99,
    "Unit Price": "$5.33 per 100g"
  },
  {
    "Product Name": "Heller & Strauss Tutti Fruitti Jar 966g",
    "Price": 8.99,
    "Unit Price": "93c per 100g"
  },
  {
    "Product Name": "Fever Tree Indian Tonic 500ml",
    "Price": 3.99,
    "Unit Price": "$7.98 per litre"
  },
  {
    "Product Name": "Gift Wrap 3M ea",
    "Price": 1.99,
    "Unit Price": ""
  },
  {
    "Product Name": "Cadbury Roses Gift Box 450g",
    "Price": 7.99,
    "Unit Price": "$1.78 per 100g"
  },
  {
    "Product Name": "Fever Tree Mediterranean Tonic 500ml",
    "Price": 3.99,
    "Unit Price": "$7.98 per litre"
  },
  {
    "Product Name": "Nescafé Mocha Coffee Sachets 30pk 30pk",
    "Price": 11.99,
    "Unit Price": "40c per sachet"
  },
  {
    "Product Name": "Linen-Look Tablecloth ea",
    "Price": 19.99,
    "Unit Price": ""
  },
  {
    "Product Name": "Premium Candle 230g ea",
    "Price": 9.99,
    "Unit Price": "$4.34 per 100g"
  },
  {
    "Product Name": "Mother’s Day Charity Greeting Card ea",
    "Price": 1.99,
    "Unit Price": ""
  },
  {
    "Product Name": "Bodum® Vacuum Travel Mug 350ml ea",
    "Price": 14.99,
    "Unit Price": ""
  },
  {
    "Product Name": "Tea for One Gift Set ea",
    "Price": 9.99,
    "Unit Price": ""
  },
  {
    "Product Name": "Fever Tree Elderflower 500ml",
    "Price": 3.99,
    "Unit Price": "$7.98 per litre"
  },
  {
    "Product Name": "Tapestry Cushion ea",
    "Price": 14.99,
    "Unit Price": ""
  },
  {
    "Product Name": "Mars Celebrations Gift Box 320g",
    "Price": 5.99,
    "Unit Price": "$1.87 per 100g"
  },
  {
    "Product Name": "Hand Towel 2 pack ea",
    "Price": 6.99,
    "Unit Price": ""
  },
  {
    "Product Name": "Mother’s Day Luxe Puzzle Book ea",
    "Price": 3.99,
    "Unit Price": ""
  },
  {
    "Product Name": "Bath Sheet 2 pack ea",
    "Price": 24.99,
    "Unit Price": ""
  },
  {
    "Product Name": "Berg Habanero Flavoured Pan Sized Bacon 200g 200g",
    "Price": 3.49,
    "Unit Price": "$17.45 per kg"
  },
  {
    "Product Name": "Women’s Flannel PJ Set ea",
    "Price": 9.99,
    "Unit Price": ""
  },
  {
    "Product Name": "The Fishmonger Crispy Fish and Chips 400g 400g",
    "Price": 6.99,
    "Unit Price": "$17.48 per kg"
  },
  {
    "Product Name": "Ready, Set…Cook! Beef & Cheese Meatballs 420g 420g",
    "Price": 4.99,
    "Unit Price": "$11.88 per kg"
  },
  {
    "Product Name": "Drawer Liner 6pk or Scent Sachets 4pk ea",
    "Price": 8.99,
    "Unit Price": ""
  },
  {
    "Product Name": "Ocean Royale Trout Portions",
    "Price": 12.99,
    "Unit Price": "$25.98 per kg"
  },
  {
    "Product Name": "Broad Oak Farms Turkey Mince 500g",
    "Price": 3.99,
    "Unit Price": "$7.98 per kg"
  },
  {
    "Product Name": "Brooklea Stampede Chocolate Dairy Snack 140g",
    "Price": 99,
    "Unit Price": "71c per 100g"
  },
  {
    "Product Name": "Bruemar Pork Porterhouse with Honey & Rosemary Butter per kg 280g",
    "Price": 5.99,
    "Unit Price": ""
  },
  {
    "Product Name": "Ironbark Pork Fillet",
    "Price": 13.99,
    "Unit Price": "$13.99 per kg"
  },
  {
    "Product Name": "Reed Diffuser 145ml ea",
    "Price": 9.99,
    "Unit Price": "69c per 10ml"
  },
  {
    "Product Name": "Belmont Biscuit Co. Palazzo Cookies 125g ea",
    "Price": 1.49,
    "Unit Price": "$1.19 per 100g"
  },
  {
    "Product Name": "Damora Satisfied Snacking Specialty Crackers 100g ea",
    "Price": 2.99,
    "Unit Price": "$2.99 per 100g"
  },
  {
    "Product Name": "Ingham’s Chicken and Corn Schnitzel 8pk/1kg 8pk",
    "Price": 8.99,
    "Unit Price": "$8.99 per kg"
  },
  {
    "Product Name": "Belmont Biscuit Co. Skadoos 6pk/150g-162g ea",
    "Price": 2.49,
    "Unit Price": "$1.66/$1.54 per 100g"
  },
  {
    "Product Name": "Women’s Dressing Gown ea",
    "Price": 19.99,
    "Unit Price": ""
  },
  {
    "Product Name": "Maltesers Gift Box 400g",
    "Price": 5.99,
    "Unit Price": "$1.50 per 100g"
  },
  {
    "Product Name": "Hillcrest Gourmet Protein Bars 5pk/200g ea",
    "Price": 3.49,
    "Unit Price": "$1.75 per 100g"
  },
  {
    "Product Name": "Sprinters Snack Stack Chips 160g ea",
    "Price": 1.49,
    "Unit Price": "93c per 100g"
  },
  {
    "Product Name": "Women’s Premium Slippers pr",
    "Price": 29.99,
    "Unit Price": ""
  },
  {
    "Product Name": "Nescafé Blend 43 Instant Coffee – Original or Espresso 375g ea",
    "Price": 11.99,
    "Unit Price": "$3.46 per 100g"
  },
  {
    "Product Name": "Prince 3 in 1 Shower Gel 1L ea",
    "Price": 2.99,
    "Unit Price": "30c per 100ml"
  },
  {
    "Product Name": "South of Somewhere Pale Ale 6 x 330ml 6pk",
    "Price": 9.99,
    "Unit Price": ""
  },
  {
    "Product Name": "Coraggioso Nero D’Avola Sicily, Italy 750ml",
    "Price": 4.99,
    "Unit Price": ""
  },
  {
    "Product Name": "Mamia Organic Fruit 4 months+ 120g ea",
    "Price": 99,
    "Unit Price": "83c per 100g"
  },
  {
    "Product Name": "Colway Squeezy Mayonnaise 475g/535g ea",
    "Price": 1.99,
    "Unit Price": "42c/37c per 100g"
  },
  {
    "Product Name": "Juliet Body Shower Gel 1L ea",
    "Price": 2.99,
    "Unit Price": "30c per 100ml"
  },
  {
    "Product Name": "LACURA® Renew Q10 Face Cream 50ml",
    "Price": 6.99,
    "Unit Price": "$13.98 per 100ml"
  },
  {
    "Product Name": "LACURA® Revitalise Mature Skin Serum 50ml",
    "Price": 6.99,
    "Unit Price": "$13.98 per 100ml"
  },
  {
    "Product Name": "Hammerhead Seltzer Passionfruit & Ginger or Strawberry & Lime 4 x 330ml ea",
    "Price": 9.99,
    "Unit Price": ""
  },
  {
    "Product Name": "Velvet Petal Organic Rosé 2020 750ml",
    "Price": 11.99,
    "Unit Price": ""
  },
  {
    "Product Name": "LACURA® Revitalise Face Cream for Mature Skin 50ml ea",
    "Price": 6.99,
    "Unit Price": "$13.98 per 100ml"
  },
  {
    "Product Name": "Tricare Instant Hand Sanitiser 250ml",
    "Price": 2.99,
    "Unit Price": "$1.20 per 100ml"
  },
  {
    "Product Name": "VOK Pina Colada 2L Cask",
    "Price": 19.99,
    "Unit Price": ""
  },
  {
    "Product Name": "El Toro Macho Superior Organico 2019 750ml",
    "Price": 6.99,
    "Unit Price": ""
  },
  {
    "Product Name": "Garden Gangsta Central Ranges Shiraz 2018 or Cabernet Sauvignon 2018 750ml ea",
    "Price": 9.99,
    "Unit Price": ""
  },
  {
    "Product Name": "VOK Mojito 2L Cask",
    "Price": 19.99,
    "Unit Price": ""
  },
  {
    "Product Name": "South of Somewhere Pale Ale 24 x 330ml 24pk",
    "Price": 39.95,
    "Unit Price": ""
  },
  {
    "Product Name": "Le Bio Balthazar Minervois 2019 750ml",
    "Price": 9.99,
    "Unit Price": ""
  },
  {
    "Product Name": "Tavernello Organico Sangiovese Rubicone 2019 or Greciano Pinot Grigio 2020 750ml ea",
    "Price": 6.99,
    "Unit Price": ""
  },
  {
    "Product Name": "El Miracle Red No. 1 2018 750ml",
    "Price": 11.99,
    "Unit Price": ""
  },
  {
    "Product Name": "Mamia Organic Breakfast 6 months+ 120g ea",
    "Price": 99,
    "Unit Price": "83c per 100g"
  },
  {
    "Product Name": "El Miracle Rosé No. 5 2019 750ml",
    "Price": 11.99,
    "Unit Price": ""
  },
  {
    "Product Name": "Villa Flora Pinot Noir 2019/2020 750ml",
    "Price": 9.99,
    "Unit Price": ""
  },
  {
    "Product Name": "Moillard Le Rosé du Beaujolais 2019 750ml",
    "Price": 14.99,
    "Unit Price": ""
  },
  {
    "Product Name": "Eastern Laneway Vintners Grampians Shiraz 2020 750ml",
    "Price": 11.99,
    "Unit Price": ""
  },
  {
    "Product Name": "Pink Gin Selection Gift Pack 4 x 50ml 4pk",
    "Price": 18.99,
    "Unit Price": ""
  },
  {
    "Product Name": "Villa Flora Vermentino 2020 750ml",
    "Price": 9.99,
    "Unit Price": ""
  },
  {
    "Product Name": "Ginbery’s Rosé Gin 700ml Gift Pack pk",
    "Price": 39.99,
    "Unit Price": ""
  },
  {
    "Product Name": "Henkell Trocken Dry-Sec Sparkling NV 750ml",
    "Price": 11.99,
    "Unit Price": ""
  },
  {
    "Product Name": "Flavoured Gin Selection Gift Pack 4 x 50ml 4pk",
    "Price": 18.99,
    "Unit Price": ""
  },
  {
    "Product Name": "Ironbark Native Strawberry Gin 700ml",
    "Price": 54.99,
    "Unit Price": ""
  },
  {
    "Product Name": "Inner Circle Red Rum 700ml",
    "Price": 32.99,
    "Unit Price": ""
  },
  {
    "Product Name": "Greyson’s Pink Gin 700ml",
    "Price": 36.99,
    "Unit Price": ""
  },
  {
    "Product Name": "Sheridan’s Coffee Layered Liqueur 500ml",
    "Price": 29.99,
    "Unit Price": ""
  },
  {
    "Product Name": "42 Below Vodka 700ml",
    "Price": 39.99,
    "Unit Price": ""
  },
  {
    "Product Name": "Farmdale RAM Iced coffee Flavoured Milk 600ml",
    "Price": 1.99,
    "Unit Price": "$3.32 per Litre"
  },
  {
    "Product Name": "Farmdale Lactose Free Full Cream Milk 1L",
    "Price": 1.99,
    "Unit Price": "$1.99 per litre"
  },
  {
    "Product Name": "Lodge Farm Free Range Eggs 12 Pack 700g 700g",
    "Price": 3.99,
    "Unit Price": "57c per 100g"
  },
  {
    "Product Name": "23rd Street Rosé Vodka 200ml",
    "Price": 16.99,
    "Unit Price": ""
  },
  {
    "Product Name": "Farmdale Skim Milk Powder 1kg",
    "Price": 5.69,
    "Unit Price": "$5.69 per kg"
  },
  {
    "Product Name": "Lodge Farm Free Range Eggs 12 Pack 600g 600g",
    "Price": 3.69,
    "Unit Price": "62c per 100g"
  },
  {
    "Product Name": "Beautifully Butterfully Dairy Blend 500g",
    "Price": 3.49,
    "Unit Price": "70c per 100g"
  },
  {
    "Product Name": "Beautifully Butterfully Butter 250g",
    "Price": 2.79,
    "Unit Price": "$1.12 per 100g"
  },
  {
    "Product Name": "Emporium Selection Ash Brie 150g",
    "Price": 4.49,
    "Unit Price": "$29.93 per kg"
  },
  {
    "Product Name": "Emporium Selection Double Cream Camembert 200g",
    "Price": 4.49,
    "Unit Price": "$22.45 per kg"
  },
  {
    "Product Name": "Farmdale Full Cream Milk Powder 1kg",
    "Price": 5.69,
    "Unit Price": "$5.69 per kg"
  },
  {
    "Product Name": "Emporium Selection Triple Cream Brie 200g",
    "Price": 4.49,
    "Unit Price": "$22.45 per kg"
  },
  {
    "Product Name": "Emporium Selection Camembert 125g",
    "Price": 2.79,
    "Unit Price": "$22.32 per kg"
  },
  {
    "Product Name": "Farmdale RAM Chocolate Flavoured Milk 600ml",
    "Price": 1.99,
    "Unit Price": "$3.32 per Litre"
  },
  {
    "Product Name": "Beautifully Butterfully Unsalted Butter 250g",
    "Price": 2.79,
    "Unit Price": "$1.12 per 100g"
  },
  {
    "Product Name": "Emporium Selection Danish Style Fetta Cheese 200g",
    "Price": 2.69,
    "Unit Price": "$13.45 per kg"
  },
  {
    "Product Name": "Just Organic Free Range Eggs 6 Pack 300g 6pk",
    "Price": 3.99,
    "Unit Price": "$1.33 per 100g"
  },
  {
    "Product Name": "Cowbelle Original Cheese Slices 500g",
    "Price": 3.69,
    "Unit Price": "$7.38 per kg"
  },
  {
    "Product Name": "Farmdale RAM Coffee Flavoured Milk 2L",
    "Price": 3.49,
    "Unit Price": "$1.75 per litre"
  },
  {
    "Product Name": "Emporium Selection Cheddar Cheese Aged 20 Months 250g",
    "Price": 3.99,
    "Unit Price": "$15.96 per kg"
  },
  {
    "Product Name": "Just Organic Butter 250g",
    "Price": 3.59,
    "Unit Price": "$1.44 per 100g"
  },
  {
    "Product Name": "Cowbelle Light Cheese Slices 500g",
    "Price": 3.69,
    "Unit Price": "$7.38 per kg"
  },
  {
    "Product Name": "Emporium Selection Greek Style Fetta Cheese 200g",
    "Price": 2.69,
    "Unit Price": "$13.45 per kg"
  },
  {
    "Product Name": "Emporium Selection Brie 125g",
    "Price": 2.79,
    "Unit Price": "$22.32 per kg"
  },
  {
    "Product Name": "Emporium Selection Persian Fetta 180g",
    "Price": 3.99,
    "Unit Price": "$22.17 per kg"
  },
  {
    "Product Name": "Westacre Vintage Cheese Slices 12pk/250g",
    "Price": 3.99,
    "Unit Price": "$15.96 per kg"
  },
  {
    "Product Name": "Manhattan Cottage Cheese 500g",
    "Price": 3.79,
    "Unit Price": "$7.58 per kg"
  },
  {
    "Product Name": "Farmdale Thickened Light Cream 300ml",
    "Price": 1.89,
    "Unit Price": "63c per 100ml"
  },
  {
    "Product Name": "Westacre Colby Cheese Block 500g",
    "Price": 4.99,
    "Unit Price": "$9.98 per kg"
  },
  {
    "Product Name": "Farmdale Thickened Cream 600ml",
    "Price": 2.99,
    "Unit Price": "50c per 100ml"
  },
  {
    "Product Name": "Westacre Tasty Cheese Slices 250g",
    "Price": 3.99,
    "Unit Price": "$15.96 per kg"
  },
  {
    "Product Name": "Emporium Selection Smooth Ricotta 375g",
    "Price": 2.69,
    "Unit Price": "$7.17 per kg"
  },
  {
    "Product Name": "Just Organic Natural Yogurt 1kg",
    "Price": 4.99,
    "Unit Price": "50c per 100g"
  },
  {
    "Product Name": "Lyttos Greek Style Natural Yogurt 2kg",
    "Price": 8.79,
    "Unit Price": "44c per 100g"
  },
  {
    "Product Name": "Farmdale Sour Cream 300ml",
    "Price": 2.09,
    "Unit Price": "70c per 100g"
  },
  {
    "Product Name": "Brooklea Joi Deluxe Yogurt Classics 6 x 150g",
    "Price": 3.49,
    "Unit Price": "39c per 100g"
  },
  {
    "Product Name": "Dairy Dream Blueberry Fruit Swirled Yogurt 720g",
    "Price": 3.99,
    "Unit Price": "55c per 100g"
  },
  {
    "Product Name": "Farmdale Double Cream 300ml",
    "Price": 3.69,
    "Unit Price": "$1.23 per 100ml"
  },
  {
    "Product Name": "Brooklea Joi Mango Yogurt 1kg",
    "Price": 3.19,
    "Unit Price": "32c per 100g"
  },
  {
    "Product Name": "Emporium Selection Apricot & Almond Cream Cheese 200g",
    "Price": 2.89,
    "Unit Price": "$14.45 per kg"
  },
  {
    "Product Name": "Dairy Dream Greek Style Yogurt No Added Sugar 750g",
    "Price": 4.99,
    "Unit Price": "67c per 100g"
  },
  {
    "Product Name": "Brooklea Joi Mixed Berry Yogurt 1kg",
    "Price": 3.19,
    "Unit Price": "32c per 100g"
  },
  {
    "Product Name": "Brooklea Stampede Chocolate Dairy Snack 12 x 100g",
    "Price": 4.49,
    "Unit Price": "37c per 100g"
  },
  {
    "Product Name": "Brooklea Yogurt Squishies 70g ea",
    "Price": 69,
    "Unit Price": "99c per 100g"
  },
  {
    "Product Name": "Farmdale Light Sour Cream 300ml",
    "Price": 2.09,
    "Unit Price": "70c per 100g"
  },
  {
    "Product Name": "Just Organic Vanilla Bean Yogurt 1kg",
    "Price": 4.99,
    "Unit Price": "50c per 100g"
  },
  {
    "Product Name": "Brooklea Family Lite Yogurt 1kg",
    "Price": 3,
    "Unit Price": "30c per 100g"
  },
  {
    "Product Name": "LACURA® Essentials Fine Balance Cleansing Wipes 30pk 30pk",
    "Price": 1.69,
    "Unit Price": "6c per wipe"
  },
  {
    "Product Name": "LACURA® Essentials BB Cream SPF 15 50ml",
    "Price": 4.99,
    "Unit Price": "$9.98 per 100ml"
  },
  {
    "Product Name": "Brooklea Vanilla Custard 1kg",
    "Price": 2.99,
    "Unit Price": "30c per 100g"
  },
  {
    "Product Name": "LACURA® Essentials Fine Balance Foaming Cleansing Gel 150ml",
    "Price": 3.79,
    "Unit Price": "$2.53 per 100ml"
  },
  {
    "Product Name": "LACURA® Essentials Purify Exfoliating Wash 150ml",
    "Price": 3.79,
    "Unit Price": "$2.53 per 100ml"
  },
  {
    "Product Name": "LACURA® Essentials Caring Cleansing Gel 150ml",
    "Price": 3.79,
    "Unit Price": "$2.53 per 100ml"
  },
  {
    "Product Name": "Food Envy Chocolate Mousse with Salted Caramel 2 x 62g",
    "Price": 2.29,
    "Unit Price": "$1.85 per 100g"
  },
  {
    "Product Name": "Food Envy Crème Caramel 2 x 150g",
    "Price": 1.99,
    "Unit Price": "66c per 100g"
  },
  {
    "Product Name": "Food Envy Chocolate Mousse 2 x 62g",
    "Price": 2.29,
    "Unit Price": "$1.85 per 100g"
  },
  {
    "Product Name": "Dairy Dream Premiere Passionfruit Yogurt 4 x 115g",
    "Price": 3.29,
    "Unit Price": "72c per 100g"
  },
  {
    "Product Name": "LACURA® Skin Science Renew Expert Wrinkle Smoother 15ml",
    "Price": 10.99,
    "Unit Price": "$73.27 per 100ml"
  },
  {
    "Product Name": "LACURA® Essentials Caring Cleansing Wipes 30pk",
    "Price": 1.69,
    "Unit Price": "6c per wipe"
  },
  {
    "Product Name": "LACURA® Essentials Cotton Tips 240pk",
    "Price": 99,
    "Unit Price": "41c per 100 tips"
  },
  {
    "Product Name": "LACURA® Skin Science Renew Night Cream 50ml",
    "Price": 7.99,
    "Unit Price": "$15.98 per 100ml"
  },
  {
    "Product Name": "LACURA® Skin Science Renew Serum 50ml",
    "Price": 7.99,
    "Unit Price": "$15.98 per 100ml"
  },
  {
    "Product Name": "LACURA® Essentials Women's Comfort Touch 3 Blade Disposable Razors 8pk",
    "Price": 3.99,
    "Unit Price": "50c per unit"
  },
  {
    "Product Name": "LACURA® Skin Science Renew Expert Double Effect Eye Gel 15ml",
    "Price": 9.99,
    "Unit Price": "$66.60/100ml"
  },
  {
    "Product Name": "LACURA® Revitalise Face Cream for Mature Skin 50ml ea",
    "Price": 6.99,
    "Unit Price": "$13.98 per 100ml"
  },
  {
    "Product Name": "LACURA® Skin Science Renew Expert Day Cream SPF 15 50ml",
    "Price": 10.99,
    "Unit Price": "$21.98 per 100ml"
  },
  {
    "Product Name": "LACURA® Essentials Renew Cleansing Wipes 30pk",
    "Price": 1.69,
    "Unit Price": "6c per wipe"
  },
  {
    "Product Name": "LACURA® Skin Science Revitalise Expert Neck & Décolleté Serum 50ml",
    "Price": 10.99,
    "Unit Price": "$21.98 per 100ml"
  },
  {
    "Product Name": "LACURA® Skin Science Revive Night Elixir 30ml",
    "Price": 10.99,
    "Unit Price": "$36.63 per 100ml"
  },
  {
    "Product Name": "LACURA® Skin Science Revitalise Night Cream with Soy for Mature Skin 50ml",
    "Price": 7.99,
    "Unit Price": "$15.98 per 100ml"
  },
  {
    "Product Name": "LACURA® Skin Science Renew Expert Night Cream SPF 15 50ml",
    "Price": 10.99,
    "Unit Price": "$21.98 per 100ml"
  },
  {
    "Product Name": "LACURA® Revitalise Mature Skin Serum 50ml",
    "Price": 6.99,
    "Unit Price": "$13.98 per 100ml"
  },
  {
    "Product Name": "LACURA® Skin Science Revive Moisture Boost 15ml",
    "Price": 10.99,
    "Unit Price": "$73.27 per 100ml"
  },
  {
    "Product Name": "LACURA® Skin Science Renew Day Cream SPF 15 50ml",
    "Price": 7.99,
    "Unit Price": "$15.98 per 100ml"
  },
  {
    "Product Name": "LACURA® Skin Science Revive Hyaluronic Gel 30ml",
    "Price": 10.99,
    "Unit Price": "$36.63 per 100ml"
  },
  {
    "Product Name": "LACURA® Essentials Make Up Rounds 80pk",
    "Price": 1.39,
    "Unit Price": "$1.74 per 100 rounds"
  },
  {
    "Product Name": "LACURA® Essentials Revitalise Cleansing Wipes 30pk",
    "Price": 1.69,
    "Unit Price": "6c per wipe"
  },
  {
    "Product Name": "LACURA® Naturals Revitalising Facial Foaming Cleanser 150ml",
    "Price": 5.99,
    "Unit Price": "$3.99 per 100ml"
  },
  {
    "Product Name": "LACURA® Skin Science Revitalise Expert Day Cream 50ml",
    "Price": 10.99,
    "Unit Price": "$21.98 per 100ml"
  },
  {
    "Product Name": "LACURA® Naturals Invigorating Exfoliating Facial Scrub 150ml",
    "Price": 5.99,
    "Unit Price": "$3.99 per 100ml"
  },
  {
    "Product Name": "LACURA® Skin Science Revitalise Expert Eye Cream 15ml",
    "Price": 10.99,
    "Unit Price": "$73.27 per 100ml"
  },
  {
    "Product Name": "LACURA® Naturals Anti-Aging Night Cream with Rice Bran Oil & Silk Protein 50ml",
    "Price": 7.99,
    "Unit Price": "$15.98 per 100ml"
  },
  {
    "Product Name": "LACURA® Beauty Long Lasting Duo Lipstick ea",
    "Price": 6.99,
    "Unit Price": ""
  },
  {
    "Product Name": "LACURA® Naturals Anti-Aging Day Cream with Liquorice Extract Oil & Silk Protein 50ml",
    "Price": 7.99,
    "Unit Price": "$15.98 per 100ml"
  },
  {
    "Product Name": "LACURA® Beauty Long Lasting Compact Powder 10g",
    "Price": 5.99,
    "Unit Price": "$5.99 per 10g"
  },
  {
    "Product Name": "LACURA® Beauty 24hr Mascara – Waterproof 11.6ml or Volume 11.9ml ea $",
    "Price": 6.99,
    "Unit Price": "$5.87-$6.03 per 10ml"
  },
  {
    "Product Name": "LACURA® Naturals Anti-Aging Eye Cream with Tiger Grass & Silk Protein 15ml",
    "Price": 7.99,
    "Unit Price": "$53.27 per 100ml"
  },
  {
    "Product Name": "LACURA® Beauty Long Lasting Compact Blush 4.5g",
    "Price": 5.99,
    "Unit Price": "$13.31 per 10g"
  },
  {
    "Product Name": "LACURA® Naturals Anti-Aging Serum with Ginger Extract & Silk Protein 30ml",
    "Price": 7.99,
    "Unit Price": "$26.63 per 100ml"
  },
  {
    "Product Name": "LACURA® Beauty Face Primer 3 in 1",
    "Price": 4.99,
    "Unit Price": "$1.00 per 10ml"
  },
  {
    "Product Name": "Gluten Free Cocoa Puffs 475g",
    "Price": 2.99,
    "Unit Price": "63c per 100g"
  },
  {
    "Product Name": "LACURA® Retractable Eyeliner or Eyebrow Pencil 0.3g 0.3g",
    "Price": 4.99,
    "Unit Price": "$166.33 per 10g"
  },
  {
    "Product Name": "LACURA® Beauty Foundation with Sunscreen",
    "Price": 4.99,
    "Unit Price": "$1.00 per 10ml"
  },
  {
    "Product Name": "Gluten Free Spirals 500g",
    "Price": 2.29,
    "Unit Price": "46c per 100g"
  },
  {
    "Product Name": "Gluten Free Penne 500g",
    "Price": 2.29,
    "Unit Price": "46c per 100g"
  },
  {
    "Product Name": "LACURA® Naturals Pore Cleansing Clarifying Facial Scrub 150ml",
    "Price": 5.99,
    "Unit Price": "$3.99 per 100ml"
  },
  {
    "Product Name": "Just Organic Extra Virgin Olive Oil 500ml",
    "Price": 4.69,
    "Unit Price": "94c per 100ml"
  },
  {
    "Product Name": "The Olive Tree Australian Extra Virgin Olive Oil 1L – Classic",
    "Price": 8.99,
    "Unit Price": "90c per 100ml"
  },
  {
    "Product Name": "Has No Gluten Free Biscuits 180g ea",
    "Price": 2.79,
    "Unit Price": "$1.55 per 100g"
  },
  {
    "Product Name": "The Olive Tree Australian Extra Virgin Olive Oil 3L",
    "Price": 23.99,
    "Unit Price": "80c per 100ml"
  },
  {
    "Product Name": "Cobram Estate  Australia Extra Virgin Olive Oil 500ml ea",
    "Price": 9.49,
    "Unit Price": "$1.90 per 100ml"
  },
  {
    "Product Name": "Has No Gluten Free Coconut Macaroons 160g",
    "Price": 2.49,
    "Unit Price": "$1.56 per 100g"
  },
  {
    "Product Name": "Remano Olive Oil / Mild Olive Oil 1L ea",
    "Price": 5.99,
    "Unit Price": "60c per 100ml"
  },
  {
    "Product Name": "Just Organic Black Tea 50pk/100g",
    "Price": 2.49,
    "Unit Price": "$2.49 per 100g"
  },
  {
    "Product Name": "Just Organic Penne Pasta 500g",
    "Price": 1.59,
    "Unit Price": "32c per 100g"
  },
  {
    "Product Name": "The Olive Tree Australian Extra Virgin Olive Oil Spray 225g",
    "Price": 2.99,
    "Unit Price": "$1.33 per 100g"
  },
  {
    "Product Name": "Just Organic Baked Beans in Tomato Sauce 420g",
    "Price": 95,
    "Unit Price": "23c per 100g"
  },
  {
    "Product Name": "Organic Kombucha – Ginger & Lemon 330ml",
    "Price": 2.49,
    "Unit Price": "$6.03 per litre"
  },
  {
    "Product Name": "Just Organic Green Tea 50pk/75g",
    "Price": 2.49,
    "Unit Price": "$3.32 per 100g"
  },
  {
    "Product Name": "Just Organic Quinoa – White or Tricolour 500g",
    "Price": 6.49,
    "Unit Price": "$1.00 per 100g"
  },
  {
    "Product Name": "Remano Extra Virgin Olive Oil 3.78L",
    "Price": 19.99,
    "Unit Price": "53c per 100ml"
  },
  {
    "Product Name": "Just Organic Pasta Sauces 500g",
    "Price": 2.49,
    "Unit Price": "50c per 100g"
  },
  {
    "Product Name": "Just Organic Natural Yogurt 1kg",
    "Price": 4.99,
    "Unit Price": "50c per 100g"
  },
  {
    "Product Name": "Gluten Free Self Raising Flour 500g",
    "Price": 2.29,
    "Unit Price": "$4.58 per kg"
  },
  {
    "Product Name": "Gluten Free Spaghetti 500g",
    "Price": 2.29,
    "Unit Price": "46c per 100g"
  },
  {
    "Product Name": "Gluten Free Corn Flakes 375g",
    "Price": 2.99,
    "Unit Price": "80c per 100g"
  },
  {
    "Product Name": "Just Organic Natural Yogurt 500g",
    "Price": 3.49,
    "Unit Price": "70c per 100g"
  },
  {
    "Product Name": "Just Organic Passata 690g",
    "Price": 2.09,
    "Unit Price": "30c per 100g"
  },
  {
    "Product Name": "Just Organic Rooibos Tea 50pk/80g",
    "Price": 2.49,
    "Unit Price": "$3.11 per 100g"
  },
  {
    "Product Name": "Gluten Free Plain Flour 500g",
    "Price": 2.29,
    "Unit Price": "$4.58 per kg"
  },
  {
    "Product Name": "Just Organic UHT Milk 1L",
    "Price": 1.79,
    "Unit Price": "$1.79 per litre"
  },
  {
    "Product Name": "Just Organic UHT Soy Milk 1L",
    "Price": 1.49,
    "Unit Price": "$1.49 per litre"
  },
  {
    "Product Name": "Organic Kombucha – Raspberry & Lemon 330ml",
    "Price": 2.49,
    "Unit Price": "$6.03 per litre"
  },
  {
    "Product Name": "Just Organic Extra Virgin Coconut Oil 300g",
    "Price": 3.99,
    "Unit Price": "$1.33 per 100g"
  },
  {
    "Product Name": "Just Organic Toasted Coconut Flakes with Sea Salt 140g",
    "Price": 3.99,
    "Unit Price": "$28.50 per kg"
  },
  {
    "Product Name": "Just Organic Vanilla Bean Yogurt 1kg",
    "Price": 4.99,
    "Unit Price": "50c per 100g"
  },
  {
    "Product Name": "Just Organic Apple Cider Vinegar 500ml",
    "Price": 3.29,
    "Unit Price": "66c per 100ml"
  },
  {
    "Product Name": "Just Organic Granola 500g Coconut & Chia 500g",
    "Price": 4.49,
    "Unit Price": "90c per 100g"
  },
  {
    "Product Name": "Just Organic Granola 500g Berry 500g",
    "Price": 4.49,
    "Unit Price": "90c per 100g"
  },
  {
    "Product Name": "Just Organic Brie 125g",
    "Price": 3.99,
    "Unit Price": "$31.92 per kg"
  },
  {
    "Product Name": "Choceur Milk & White Chocolate Block 200g",
    "Price": 2.99,
    "Unit Price": "$1.50 per 100g"
  },
  {
    "Product Name": "Just Organic Sun-Dried Thompson Seedless Raisins 375g",
    "Price": 3.99,
    "Unit Price": "$10.64 per kg"
  },
  {
    "Product Name": "Just Organic Dark Chocolate with Sea Salt 100g",
    "Price": 2.79,
    "Unit Price": "$2.79 per 100g"
  },
  {
    "Product Name": "Just Organic Natural Coconut Flakes 200g",
    "Price": 3.99,
    "Unit Price": "$19.95 per kg"
  },
  {
    "Product Name": "Choceur Salted Pretzel Chocolate Block 200g",
    "Price": 2.99,
    "Unit Price": "$1.50 per 100g"
  },
  {
    "Product Name": "Just Organic Dark Chocolate 100g",
    "Price": 2.79,
    "Unit Price": "$2.79 per 100g"
  },
  {
    "Product Name": "Just Organic Extra Virgin Olive Oil 500ml 500ml",
    "Price": 4.69,
    "Unit Price": "94c per 100ml"
  },
  {
    "Product Name": "Choceur White Chocolate Block 200g",
    "Price": 2.99,
    "Unit Price": "$1.50 per 100g"
  },
  {
    "Product Name": "Choceur Caramel Filled Milk Chocolate Block 200g",
    "Price": 2.99,
    "Unit Price": "$1.50 per 100g"
  },
  {
    "Product Name": "Choceur Rum Raisin & Nut Chocolate Block 200g",
    "Price": 2.99,
    "Unit Price": "$1.50 per 100g"
  },
  {
    "Product Name": "Choceur Milk Hazelnut Chocolate Block 200g",
    "Price": 2.99,
    "Unit Price": "$1.50 per 100g"
  },
  {
    "Product Name": "Choceur Dark Hazelnut Chocolate Block 200g",
    "Price": 2.99,
    "Unit Price": "$1.50 per 100g"
  },
  {
    "Product Name": "Choceur Fruit & Nut Chocolate Block 200g",
    "Price": 2.99,
    "Unit Price": "$1.50 per 100g"
  },
  {
    "Product Name": "Just Organic Yogurt Assorted Varieties 70g 70g",
    "Price": 99,
    "Unit Price": "$1.41 per 100g"
  },
  {
    "Product Name": "Dark Mini Chocolate Bars 5 x 40g 5pk",
    "Price": 2.99,
    "Unit Price": "$1.50 per 100g"
  },
  {
    "Product Name": "Choceur Dark Chocolate Block 200g",
    "Price": 2.99,
    "Unit Price": "$1.50 per 100g"
  },
  {
    "Product Name": "Choceur Milk Chocolate Block 200g",
    "Price": 2.99,
    "Unit Price": "$1.50 per 100g"
  },
  {
    "Product Name": "White Crisp Mini Chocolate Bars 5 x 40g 5pk",
    "Price": 2.99,
    "Unit Price": "$1.50 per 100g"
  },
  {
    "Product Name": "Choceur Dark Almond Chocolate Block 200g",
    "Price": 2.99,
    "Unit Price": "$1.50 per 100g"
  },
  {
    "Product Name": "Choceur Coffee & Cream Chocolate Block 200g",
    "Price": 2.99,
    "Unit Price": "$1.50 per 100g"
  },
  {
    "Product Name": "Just Organic Free Range Eggs 6 Pack 300g 6pk",
    "Price": 3.99,
    "Unit Price": "$1.33 per 100g"
  },
  {
    "Product Name": "White Mini Chocolate Bars 5 x 40g 5pk",
    "Price": 2.99,
    "Unit Price": "$1.50 per 100g"
  },
  {
    "Product Name": "Marzipan Mini Chocolate Bars 5 x 40g 5pk",
    "Price": 2.99,
    "Unit Price": "$1.50 per 100g"
  },
  {
    "Product Name": "Expressi Organic 16pk",
    "Price": 5.99,
    "Unit Price": "37c per capsule"
  },
  {
    "Product Name": "Hazelnut Mini Chocolate Bars 5 x 40g 5pk",
    "Price": 2.99,
    "Unit Price": "$1.50 per 100g"
  },
  {
    "Product Name": "Choceur Milk Almond Chocolate Block 200g",
    "Price": 2.99,
    "Unit Price": "$1.50 per 100g"
  },
  {
    "Product Name": "Just Organic Yogurt Assorted Varieties 140g 140g",
    "Price": 1.49,
    "Unit Price": "$1.06 per 100g"
  },
  {
    "Product Name": "Choceur Mountain Bar 100g",
    "Price": 1.99,
    "Unit Price": "$1.99 per 100g"
  },
  {
    "Product Name": "Milk Mini Chocolate Bars 5 x 40g 5pk",
    "Price": 2.99,
    "Unit Price": "$1.50 per 100g"
  },
  {
    "Product Name": "Hazelnut Crème Mini Chocolate Bars 5 x 40g 5pk",
    "Price": 2.99,
    "Unit Price": "$1.50 per 100g"
  },
  {
    "Product Name": "Expressi Calabrese 16pk",
    "Price": 5.99,
    "Unit Price": "37c per capsule"
  },
  {
    "Product Name": "Expressi La Spezia 16pk",
    "Price": 5.99,
    "Unit Price": "37c per capsule"
  },
  {
    "Product Name": "Expressi Decaffi 16pk",
    "Price": 5.99,
    "Unit Price": "37c per capsule"
  },
  {
    "Product Name": "Expressi Abruzzo 16pk",
    "Price": 5.99,
    "Unit Price": "37c per capsule"
  },
  {
    "Product Name": "Expressi Milano 16pk",
    "Price": 5.99,
    "Unit Price": "37c per capsule"
  },
  {
    "Product Name": "EXPRESSI Milk Frother",
    "Price": 29.99,
    "Unit Price": ""
  },
  {
    "Product Name": "Expressi Reggio 16pk",
    "Price": 5.99,
    "Unit Price": "37c per capsule"
  },
  {
    "Product Name": "EXPRESSI Coffee Capsule Machine – Steel Grey",
    "Price": 79.99,
    "Unit Price": ""
  },
  {
    "Product Name": "Expressi Valletta 16pk",
    "Price": 5.99,
    "Unit Price": "37c per capsule"
  },
  {
    "Product Name": "Expressi Rich Hot Chocolate 16pk",
    "Price": 5.99,
    "Unit Price": "37c per capsule"
  },
  {
    "Product Name": "The Tudor Central Victorian Shiraz 750ml",
    "Price": 12.99,
    "Unit Price": ""
  },
  {
    "Product Name": "Expressi Torino 16pk",
    "Price": 5.99,
    "Unit Price": "37c per capsule"
  },
  {
    "Product Name": "Expressi Intenzo 120g",
    "Price": 5.99,
    "Unit Price": "37c per capsule"
  },
  {
    "Product Name": "Vinology McLaren Vale Organic Cabernet Sauvignon 750ml",
    "Price": 11.99,
    "Unit Price": ""
  },
  {
    "Product Name": "EXPRESSI Coffee Capsule Machine – One",
    "Price": 69.99,
    "Unit Price": ""
  },
  {
    "Product Name": "Blackstone Paddock Margaret River Cabernet Sauvignon 750ml",
    "Price": 17.99,
    "Unit Price": ""
  },
  {
    "Product Name": "Taylors Special Release Clare Valley Shiraz 750ml",
    "Price": 14.99,
    "Unit Price": ""
  },
  {
    "Product Name": "Precious Earth Shiraz  750ml",
    "Price": 2.99,
    "Unit Price": ""
  },
  {
    "Product Name": "Luis Felipe Edwards Classic Carménère 750ml",
    "Price": "see price in store",
    "Unit Price": "see price in store*"
  },
  {
    "Product Name": "The Pond Cabernet Sauvignon 750ml",
    "Price": 6.99,
    "Unit Price": ""
  },
  {
    "Product Name": "The Venturer Series Durif 750ml",
    "Price": 8.99,
    "Unit Price": ""
  },
  {
    "Product Name": "El Toro Macho Reserva 750ml",
    "Price": 8.99,
    "Unit Price": ""
  },
  {
    "Product Name": "Kaiora Bay Reserve Central Otago Pinot Noir 750ml",
    "Price": 14.99,
    "Unit Price": ""
  },
  {
    "Product Name": "Expressi Tauro 16pk",
    "Price": 5.99,
    "Unit Price": "37c per capsule"
  },
  {
    "Product Name": "Blackstone Paddock Barossa Valley Shiraz 750ml",
    "Price": 17.99,
    "Unit Price": ""
  },
  {
    "Product Name": "Expressi Renzo 16pk",
    "Price": 5.99,
    "Unit Price": "37c per capsule"
  },
  {
    "Product Name": "One Road Goulburn Valley & King Valley Cabernet Merlot 750ml",
    "Price": 7.49,
    "Unit Price": ""
  },
  {
    "Product Name": "Blackstone Paddock “The Player” Barossa Valley Shiraz 750ml",
    "Price": 12.99,
    "Unit Price": ""
  },
  {
    "Product Name": "Coraggioso Nero D’Avola Sicily, Italy 750ml",
    "Price": 4.99,
    "Unit Price": ""
  },
  {
    "Product Name": "Piedra Negra Argentinian Malbec 750ml",
    "Price": 10.99,
    "Unit Price": ""
  },
  {
    "Product Name": "The Tudor Yarra Valley Pinot Noir 750ml",
    "Price": 12.99,
    "Unit Price": ""
  },
  {
    "Product Name": "Château Les Maurins Bordeaux Merlot & Cabernet Sauvignon 750ml",
    "Price": 9.99,
    "Unit Price": ""
  },
  {
    "Product Name": "A.C. Byrne & Co McLaren Vale Shiraz 750ml",
    "Price": 9.99,
    "Unit Price": ""
  },
  {
    "Product Name": "Corte Carista Chianti Superiore DOC 750ml",
    "Price": 10.99,
    "Unit Price": ""
  },
  {
    "Product Name": "Small Talk Shiraz 1L",
    "Price": 5.99,
    "Unit Price": ""
  },
  {
    "Product Name": "One Road South Australia & Heathcote Shiraz 750ml",
    "Price": 7.49,
    "Unit Price": ""
  },
  {
    "Product Name": "A.C. Byrne & Co Margaret River Cabernet Merlot 750ml",
    "Price": 9.99,
    "Unit Price": ""
  },
  {
    "Product Name": "South Point Estate Pink Moscato 750ml",
    "Price": 4.99,
    "Unit Price": ""
  },
  {
    "Product Name": "Pájaro de Buen Agüero Old Vines Garnacha 750ml 750ml",
    "Price": 9.99,
    "Unit Price": ""
  },
  {
    "Product Name": "El Toro Macho Tempranillo Bobal 750ml",
    "Price": 5.99,
    "Unit Price": ""
  },
  {
    "Product Name": "Keeper’s Glove Tawny NV 750ml",
    "Price": 4.99,
    "Unit Price": ""
  },
  {
    "Product Name": "Albertson's Reserve Soft Dry Red Cask 4L",
    "Price": 9.99,
    "Unit Price": ""
  },
  {
    "Product Name": "Little Birdwood Sweet Red 750ml",
    "Price": 4.99,
    "Unit Price": ""
  },
  {
    "Product Name": "Loire Valley Cabernet Franc Rosé 750ml",
    "Price": 8.49,
    "Unit Price": ""
  },
  {
    "Product Name": "Grands Les Maurins Bordeaux Sauvignon Blanc 750ml",
    "Price": 7.99,
    "Unit Price": ""
  },
  {
    "Product Name": "Kaiora Bay Marlborough Sauvignon Blanc 750ml",
    "Price": 9.99,
    "Unit Price": ""
  },
  {
    "Product Name": "One Road Chardonnay 750ml",
    "Price": 7.49,
    "Unit Price": ""
  },
  {
    "Product Name": "Neve Marlborough/Hawkes Bay Sauvignon Blanc 750ml",
    "Price": 6.49,
    "Unit Price": ""
  },
  {
    "Product Name": "Little Birdwood Cabernet Shiraz Merlot 750ml",
    "Price": 4.99,
    "Unit Price": ""
  },
  {
    "Product Name": "François Lurton La Mule Provence Rosé 750ml",
    "Price": 10.99,
    "Unit Price": ""
  },
  {
    "Product Name": "Claire Creek Merlot 750ml",
    "Price": "see price in store",
    "Unit Price": "see price in store*"
  },
  {
    "Product Name": "South Point Estate Rosé 750ml",
    "Price": 4.99,
    "Unit Price": ""
  },
  {
    "Product Name": "Loire Valley Sauvignon Blanc 750ml",
    "Price": 8.49,
    "Unit Price": ""
  },
  {
    "Product Name": "Brooke James Vintners Shiraz Cask 2L",
    "Price": 8.99,
    "Unit Price": ""
  },
  {
    "Product Name": "Precious Earth Chardonnay 750ml",
    "Price": 2.99,
    "Unit Price": ""
  },
  {
    "Product Name": "A.C. Byrne & Co Margaret River Sauvignon Blanc Semillon 750ml",
    "Price": 7.99,
    "Unit Price": ""
  },
  {
    "Product Name": "A.C. Byrne & Co Margaret River Chardonnay 750ml",
    "Price": 9.99,
    "Unit Price": ""
  },
  {
    "Product Name": "Sandara Sparkling Sangria 750ml",
    "Price": 7.49,
    "Unit Price": ""
  },
  {
    "Product Name": "Brooke James Vitners Premium Cabernet Merlot Cask 2L",
    "Price": 8.99,
    "Unit Price": ""
  },
  {
    "Product Name": "Kaiora Bay Reserve Marlborough Sauvignon Blanc 750ml",
    "Price": 12.99,
    "Unit Price": ""
  },
  {
    "Product Name": "Precious Earth Semillon Sauvignon Blanc 750ml",
    "Price": 2.99,
    "Unit Price": ""
  },
  {
    "Product Name": "South Point Estate Sauvignon Blanc 750ml",
    "Price": 4.99,
    "Unit Price": ""
  },
  {
    "Product Name": "Brooke James Vintners Semillon Sauvignon Blanc Cask 2L",
    "Price": 8.99,
    "Unit Price": ""
  },
  {
    "Product Name": "South Point Estate Moscato 750ml",
    "Price": 4.99,
    "Unit Price": ""
  },
  {
    "Product Name": "Villa Elsa Pinot Grigio DOC Delle Venezie 750ml 750ml",
    "Price": 6.99,
    "Unit Price": ""
  },
  {
    "Product Name": "Little Birdwood Semillon Sauvignon Blanc 750ml",
    "Price": 4.99,
    "Unit Price": ""
  },
  {
    "Product Name": "Monsigny Champagne Brut NV 750ml",
    "Price": 22.99,
    "Unit Price": ""
  },
  {
    "Product Name": "Veuve Olivier French Sparkling Wine NV 750ml",
    "Price": 7.49,
    "Unit Price": ""
  },
  {
    "Product Name": "South Point Estate Sparkling Chardonnay Pinot Noir NV 750ml",
    "Price": 4.99,
    "Unit Price": ""
  },
  {
    "Product Name": "South Point Estate Pinot Grigio 750ml",
    "Price": 4.99,
    "Unit Price": ""
  },
  {
    "Product Name": "Albertson's Reserve Soft Fruity White Cask 4L",
    "Price": 9.99,
    "Unit Price": ""
  },
  {
    "Product Name": "Freya & Jules Watervale, Clare Valley Riesling 750ml",
    "Price": 8.99,
    "Unit Price": ""
  },
  {
    "Product Name": "Claire Creek Sparkling Moscato Rosa NV 750ml",
    "Price": 3.99,
    "Unit Price": ""
  },
  {
    "Product Name": "The Pond Pinot Grigio 750ml",
    "Price": 6.99,
    "Unit Price": ""
  },
  {
    "Product Name": "Yellowglen Chardonnay Pinot Noir Prosecco Rosé 750ml",
    "Price": 7.99,
    "Unit Price": ""
  },
  {
    "Product Name": "Albertson's Reserve Crisp Dry White Cask 4L",
    "Price": 9.99,
    "Unit Price": ""
  },
  {
    "Product Name": "Claire Creek Sparkling Moscato NV 750ml",
    "Price": 3.99,
    "Unit Price": ""
  },
  {
    "Product Name": "Corte Carista Prosecco DOC NV 750ml",
    "Price": 9.99,
    "Unit Price": ""
  },
  {
    "Product Name": "Yellowglen Chardonnay Pinot Noir & Prosecco 750ml",
    "Price": 7.99,
    "Unit Price": ""
  },
  {
    "Product Name": "North of Nowhere Pale Ale 12 x 330mL see price in store*",
    "Price": "see price in store",
    "Unit Price": ""
  },
  {
    "Product Name": "Storm Brewing Co. Premium Light Lager 6 x 330mL",
    "Price": 7.99,
    "Unit Price": ""
  },
  {
    "Product Name": "Storm Brewing Co. Premium Light Lager 24 x 330mL see price in store*",
    "Price": "see price in store",
    "Unit Price": ""
  },
  {
    "Product Name": "Vallée Des Secrets Sparkling Cuvée NV 750ml",
    "Price": 12.99,
    "Unit Price": ""
  },
  {
    "Product Name": "Rivet Gold 12pk see price in store*",
    "Price": "see price in store",
    "Unit Price": ""
  },
  {
    "Product Name": "Fraser Briggs Premium Lager 6 x 330mL",
    "Price": 9.99,
    "Unit Price": ""
  },
  {
    "Product Name": "Cape Cyan Natural Blonde Beer 6 x 330mL",
    "Price": 9.99,
    "Unit Price": ""
  },
  {
    "Product Name": "Rivet Lager 24 x 330mL see price in store*",
    "Price": "see price in store",
    "Unit Price": ""
  },
  {
    "Product Name": "Carlton Dry 12 x 330ml",
    "Price": 24.99,
    "Unit Price": ""
  },
  {
    "Product Name": "Storm Brewing Co. Premium Super Dry Beer 6 x 330mL",
    "Price": 9.99,
    "Unit Price": ""
  },
  {
    "Product Name": "Sainte Etienne Premium Lager 6 x 330mL",
    "Price": 8.99,
    "Unit Price": ""
  },
  {
    "Product Name": "Coopers Original Pale Ale 12 x 375mL see price in store*",
    "Price": "see price in store",
    "Unit Price": ""
  },
  {
    "Product Name": "Cape Cyan Natural Blonde Beer 24 x 330mL see price in store*",
    "Price": "see price in store",
    "Unit Price": ""
  },
  {
    "Product Name": "Corona Lager 12 x 355mL see price in store*",
    "Price": "see price in store",
    "Unit Price": ""
  },
  {
    "Product Name": "Devil's Orchard Pear Cider 6 x 330mL",
    "Price": 9.99,
    "Unit Price": ""
  },
  {
    "Product Name": "Somersby Apple Cider 10 x 330mL see price in store*",
    "Price": "see price in store",
    "Unit Price": ""
  },
  {
    "Product Name": "Sainte Etienne Premium Lager 24 x 330mL see price in store*",
    "Price": "see price in store",
    "Unit Price": ""
  },
  {
    "Product Name": "Storm Brewing Co. Premium Super Dry Beer 24 x 330mL see price in store*",
    "Price": "see price in store",
    "Unit Price": ""
  },
  {
    "Product Name": "Fraser Briggs Premium Lager 24 x 330mL see price in store*",
    "Price": "see price in store",
    "Unit Price": ""
  },
  {
    "Product Name": "Renberg Apple Cider 500mL",
    "Price": 2.99,
    "Unit Price": ""
  },
  {
    "Product Name": "Storm Brewing Co. Apple Cider 10 x 375mL",
    "Price": 16.99,
    "Unit Price": ""
  },
  {
    "Product Name": "Tamova Quadruple Distilled Vodka 700ml",
    "Price": 29.99,
    "Unit Price": ""
  },
  {
    "Product Name": "Darley’s London Style Gin 700ml",
    "Price": 29.99,
    "Unit Price": ""
  },
  {
    "Product Name": "Renberg Swedish Pear Cider 500mL",
    "Price": 2.99,
    "Unit Price": ""
  },
  {
    "Product Name": "Highland Earl Blended Scotch Whisky 700ml",
    "Price": 32.99,
    "Unit Price": ""
  },
  {
    "Product Name": "Baroque Brandy 700ml",
    "Price": 29.99,
    "Unit Price": ""
  },
  {
    "Product Name": "Leo Imported Lager 12 x 330mL",
    "Price": 18.99,
    "Unit Price": ""
  },
  {
    "Product Name": "Striganov Vodka Crush Guava 4pk",
    "Price": 9.99,
    "Unit Price": ""
  },
  {
    "Product Name": "Bluegrass Kentucky Straight Bourbon Whiskey & Cola 6pk 6pk",
    "Price": 17.99,
    "Unit Price": ""
  },
  {
    "Product Name": "Jim Beam Bourbon 700mL",
    "Price": 37.95,
    "Unit Price": ""
  },
  {
    "Product Name": "Striganov Vodka Crush Raspberry 4pk",
    "Price": 9.99,
    "Unit Price": ""
  },
  {
    "Product Name": "Baileys Irish Cream 700mL",
    "Price": 29.95,
    "Unit Price": ""
  },
  {
    "Product Name": "Striganov Vodka Crush Lemon Lime 4pk",
    "Price": 9.99,
    "Unit Price": ""
  },
  {
    "Product Name": "Striganov Vodka Crush Watermelon 4pk",
    "Price": 9.99,
    "Unit Price": ""
  },
  {
    "Product Name": "A.C. Byrne & Co. Margaret River Cabernet Merlot",
    "Price": 9.99,
    "Unit Price": ""
  },
  {
    "Product Name": "A.C. Byrne & Co. Margaret River Chardonnay",
    "Price": 9.99,
    "Unit Price": ""
  },
  {
    "Product Name": "A.C. Byrne & Co. Margaret River Semillon Sauvignon Blanc",
    "Price": 7.99,
    "Unit Price": ""
  },
  {
    "Product Name": "Blackstone Paddock Margaret River Cabernet Sauvignon",
    "Price": 17.99,
    "Unit Price": ""
  },
  {
    "Product Name": "Highland Black 8YO Blended Scotch Whisky 700ml",
    "Price": 36.99,
    "Unit Price": ""
  },
  {
    "Product Name": "One Road South Australian & Heathcote Shiraz",
    "Price": 6.99,
    "Unit Price": ""
  },
  {
    "Product Name": "Bluegrass Kentucky Bourbon 700ml",
    "Price": 31.49,
    "Unit Price": ""
  },
  {
    "Product Name": "O’Donnells Irish Country Cream Liqueur 700ml",
    "Price": 13.99,
    "Unit Price": ""
  },
  {
    "Product Name": "Devil’s Orchard Apple Cider 6 x 330mL",
    "Price": 9.99,
    "Unit Price": ""
  },
  {
    "Product Name": "Veuve Monsigny Brut Champagne NV",
    "Price": 19.99,
    "Unit Price": ""
  }
]