[
  {
    "Brand_Product_Size": "Em Wholefoods Hemp Oil Cold Pressed 250mL",
    "WOW Price": 19.95,
    "WOW Size": "250mL",
    "WOW ppu": "$7.98 / 100ML"
  },
  {
    "Brand_Product_Size": "Happy Little Camper Newborn Natural Nappies 36 pack",
    "WOW Price": 14,
    "WOW Size": "36 pack",
    "WOW ppu": "$0.39 / 1EA"
  },
  {
    "Brand_Product_Size": "Spc Spaghetti Rich Tomato 140g x12 pack",
    "WOW Price": 10.5,
    "WOW Size": "140g x12 pack",
    "WOW ppu": "$0.63 / 100G"
  },
  {
    "Brand_Product_Size": "Mint Glazed Antipasto Dish Blue each",
    "WOW Price": 2,
    "WOW Size": "each",
    "WOW ppu": ""
  },
  {
    "Brand_Product_Size": "Seedlip Grove 42 Alcohol Free 700mL",
    "WOW Price": 50,
    "WOW Size": "700mL",
    "WOW ppu": "$71.43 / 1L"
  },
  {
    "Brand_Product_Size": "The Bagel Co. Plain Bagels 5 pack",
    "WOW Price": 6,
    "WOW Size": "5 pack",
    "WOW ppu": "$1.20 / 1EA"
  },
  {
    "Brand_Product_Size": "Papermate Inkjoy Liquid Roller Ball Point Pen Blue each",
    "WOW Price": 3.5,
    "WOW Size": "each",
    "WOW ppu": ""
  },
  {
    "Brand_Product_Size": "B.box Bowl & Straw  - Lemon Sherbet each",
    "WOW Price": 15,
    "WOW Size": "each",
    "WOW ppu": "$15.00 / 1EA"
  },
  {
    "Brand_Product_Size": "B.box Insulated Drink Bottle - Passion Splash each",
    "WOW Price": 30,
    "WOW Size": "each",
    "WOW ppu": "$30.00 / 1EA"
  },
  {
    "Brand_Product_Size": "B.box Tritan Drink Bottle  - Strawberry Shake each",
    "WOW Price": 20,
    "WOW Size": "each",
    "WOW ppu": "$20.00 / 1EA"
  },
  {
    "Brand_Product_Size": "Papyrus Happy Birthday To You each",
    "WOW Price": 12.99,
    "WOW Size": "each",
    "WOW ppu": ""
  },
  {
    "Brand_Product_Size": "B.box Snack Pack Aqualicious each",
    "WOW Price": 15,
    "WOW Size": "each",
    "WOW ppu": "$15.00 / 1EA"
  },
  {
    "Brand_Product_Size": "B.box Insulated Drink Bottle - Ocean Breeze each",
    "WOW Price": 30,
    "WOW Size": "each",
    "WOW ppu": "$30.00 / 1EA"
  },
  {
    "Brand_Product_Size": "Shneider's Dellinut Dip 65g",
    "WOW Price": 2.7,
    "WOW Size": "65g",
    "WOW ppu": "$4.15 / 100G"
  },
  {
    "Brand_Product_Size": "Baracuda 6 In 1 Smart Test Strips 50 pack",
    "WOW Price": 22.9,
    "WOW Size": "50 pack",
    "WOW ppu": ""
  },
  {
    "Brand_Product_Size": "B.box Cutlery Set  - Ocean Breeze each",
    "WOW Price": 13,
    "WOW Size": "each",
    "WOW ppu": "$13.00 / 1EA"
  },
  {
    "Brand_Product_Size": "B.box Bowl & Straw  - Passion Splash each",
    "WOW Price": 15,
    "WOW Size": "each",
    "WOW ppu": "$15.00 / 1EA"
  },
  {
    "Brand_Product_Size": "B.box Travel Bib - Pine Splice each",
    "WOW Price": 18,
    "WOW Size": "each",
    "WOW ppu": "$18.00 / 1EA"
  },
  {
    "Brand_Product_Size": "Playgro Bear In The Bath Corner Organiser each",
    "WOW Price": 20,
    "WOW Size": "each",
    "WOW ppu": "$20.00 / 1EA"
  },
  {
    "Brand_Product_Size": "Happy Little Camper Infant Natural Nappies 36 pack",
    "WOW Price": 14,
    "WOW Size": "36 pack",
    "WOW ppu": "$0.39 / 1EA"
  },
  {
    "Brand_Product_Size": "Playgro Safe To Paddle Light Up Canoe each",
    "WOW Price": 20,
    "WOW Size": "each",
    "WOW ppu": "$20.00 / 1EA"
  },
  {
    "Brand_Product_Size": "Noble Vegan Jerky Original 70g",
    "WOW Price": 9.95,
    "WOW Size": "70g",
    "WOW ppu": "$14.21 / 100G"
  },
  {
    "Brand_Product_Size": "B.box Feeding Set  - Lemon Sherbet each",
    "WOW Price": 30,
    "WOW Size": "each",
    "WOW ppu": "$30.00 / 1EA"
  },
  {
    "Brand_Product_Size": "Medela Wide Neck Teat Medium Flow 3 pack",
    "WOW Price": 12,
    "WOW Size": "3 pack",
    "WOW ppu": "$12.00 / 1EA"
  },
  {
    "Brand_Product_Size": "Medela Harmony Manual Breast Pump each",
    "WOW Price": 59.95,
    "WOW Size": "each",
    "WOW ppu": "$59.95 / 1EA"
  },
  {
    "Brand_Product_Size": "Blue Dinosaur Paleo Bars Choc Orange 45g",
    "WOW Price": 3.6,
    "WOW Size": "45g",
    "WOW ppu": "$8.00 / 100G"
  },
  {
    "Brand_Product_Size": "Revlon Salon Color Violet Black each",
    "WOW Price": 19,
    "WOW Size": "each",
    "WOW ppu": ""
  },
  {
    "Brand_Product_Size": "Playgro Bath Time Activity Gift Pack each",
    "WOW Price": 21,
    "WOW Size": "each",
    "WOW ppu": "$21.00 / 1EA"
  },
  {
    "Brand_Product_Size": "Tommee Tippee Closer To Nature Breast Milk Pouches 20 pack",
    "WOW Price": 20,
    "WOW Size": "20 pack",
    "WOW ppu": ""
  },
  {
    "Brand_Product_Size": "Bulldog Oil Control Moisturiser 100mL",
    "WOW Price": 12.5,
    "WOW Size": "100mL",
    "WOW ppu": "$12.50 / 100ML"
  },
  {
    "Brand_Product_Size": "B.box Cutlery Set  - Strawberry Shake each",
    "WOW Price": 13,
    "WOW Size": "each",
    "WOW ppu": "$13.00 / 1EA"
  },
  {
    "Brand_Product_Size": "Vermont Limon Alcohol Free 500mL",
    "WOW Price": 55,
    "WOW Size": "500mL",
    "WOW ppu": "$110.00 / 1L"
  },
  {
    "Brand_Product_Size": "Queen Fiesta Icing Decorations 13g",
    "WOW Price": 3.5,
    "WOW Size": "13g",
    "WOW ppu": "$26.92 / 100G"
  },
  {
    "Brand_Product_Size": "Huggie Quick Dry Fabric Softener Honeysuckle 1L",
    "WOW Price": 8,
    "WOW Size": "1L",
    "WOW ppu": "$8.00 / 1L"
  },
  {
    "Brand_Product_Size": "Natm Soap Manuka Honey & Goats Milk 200g",
    "WOW Price": 4,
    "WOW Size": "200g",
    "WOW ppu": "$2.00 / 100G"
  },
  {
    "Brand_Product_Size": "Papyrus Lasercut Clutch each",
    "WOW Price": 14.99,
    "WOW Size": "each",
    "WOW ppu": ""
  },
  {
    "Brand_Product_Size": "B.box Training Cup - Blueberry each",
    "WOW Price": 10,
    "WOW Size": "each",
    "WOW ppu": "$10.00 / 1EA"
  },
  {
    "Brand_Product_Size": "Carlton On Your Engagement each",
    "WOW Price": 7.99,
    "WOW Size": "each",
    "WOW ppu": ""
  },
  {
    "Brand_Product_Size": "Baby U Disposable Change Mats 10 pack",
    "WOW Price": 6,
    "WOW Size": "10 pack",
    "WOW ppu": "$60.00 / 100EA"
  },
  {
    "Brand_Product_Size": "B.box Tritan Drink Bottle - Ocean Breeze each",
    "WOW Price": 20,
    "WOW Size": "each",
    "WOW ppu": "$20.00 / 1EA"
  },
  {
    "Brand_Product_Size": "B.box Sport Spout Drink Bottle - Lemon Sherbet each",
    "WOW Price": 20,
    "WOW Size": "each",
    "WOW ppu": "$20.00 / 1EA"
  },
  {
    "Brand_Product_Size": "Glow Lab Rejuvenating Pink Clay Body Soap 125g",
    "WOW Price": 5,
    "WOW Size": "125g",
    "WOW ppu": "$4.00 / 100G"
  },
  {
    "Brand_Product_Size": "Energizer Anti-shock Phone Case 1.2m Iphone 5 each",
    "WOW Price": 20,
    "WOW Size": "each",
    "WOW ppu": ""
  },
  {
    "Brand_Product_Size": "Papyrus Dog With Glasses each",
    "WOW Price": 8.99,
    "WOW Size": "each",
    "WOW ppu": ""
  },
  {
    "Brand_Product_Size": "Playgro My First Soccer Ball each",
    "WOW Price": 9.99,
    "WOW Size": "each",
    "WOW ppu": "$9.99 / 1EA"
  },
  {
    "Brand_Product_Size": "B.box Travel Bib - Dino Time each",
    "WOW Price": 18,
    "WOW Size": "each",
    "WOW ppu": "$18.00 / 1EA"
  },
  {
    "Brand_Product_Size": "Canon Cli681 Yellow Ink Tank each",
    "WOW Price": 22,
    "WOW Size": "each",
    "WOW ppu": ""
  },
  {
    "Brand_Product_Size": "Nuk Jolie Manual Breast Pump each",
    "WOW Price": 60,
    "WOW Size": "each",
    "WOW ppu": "$60.00 / 1EA"
  },
  {
    "Brand_Product_Size": "Nuk Nipple Shields Medium 2 pack",
    "WOW Price": 20,
    "WOW Size": "2 pack",
    "WOW ppu": "$10.00 / 1EA"
  },
  {
    "Brand_Product_Size": "Piksters Bamboo Size 3 Interdental Brush Right Angle each",
    "WOW Price": 8.95,
    "WOW Size": "each",
    "WOW ppu": "$1.49 / 1EA"
  },
  {
    "Brand_Product_Size": "Camden Graphics Colourful Hare each",
    "WOW Price": 5.99,
    "WOW Size": "each",
    "WOW ppu": ""
  },
  {
    "Brand_Product_Size": "Googys Coffee Cocoa Protein Bar 55g",
    "WOW Price": 3.5,
    "WOW Size": "55g",
    "WOW ppu": "$6.36 / 100G"
  },
  {
    "Brand_Product_Size": "Vego Whole Hazelnut Chocolate Bar Mini 65g",
    "WOW Price": 4.95,
    "WOW Size": "65g",
    "WOW ppu": "$7.62 / 100G"
  },
  {
    "Brand_Product_Size": "Pure Pops Strawberry Rhubarb & Vanilla 4 pack",
    "WOW Price": 13,
    "WOW Size": "4 pack",
    "WOW ppu": "$4.06 / 100ML"
  },
  {
    "Brand_Product_Size": "Ner Mitzvah Tea Light Candles 50 pack",
    "WOW Price": 7.8,
    "WOW Size": "50 pack",
    "WOW ppu": "$1.52 / 100G"
  },
  {
    "Brand_Product_Size": "Liebers Tomato Paste 340g",
    "WOW Price": 5,
    "WOW Size": "340g",
    "WOW ppu": "$1.47 / 100G"
  },
  {
    "Brand_Product_Size": "Medela Wide Neck Teat Slow Flow 3 pack",
    "WOW Price": 12,
    "WOW Size": "3 pack",
    "WOW ppu": "$12.00 / 1EA"
  },
  {
    "Brand_Product_Size": "B.box Travel Bib - Hip Hop each",
    "WOW Price": 18,
    "WOW Size": "each",
    "WOW ppu": "$18.00 / 1EA"
  },
  {
    "Brand_Product_Size": "B.box Connect-a-cup  - Ocean Breeze each",
    "WOW Price": 13,
    "WOW Size": "each",
    "WOW ppu": "$13.00 / 1EA"
  },
  {
    "Brand_Product_Size": "B.box Travel Bib - Cactus Capers each",
    "WOW Price": 18,
    "WOW Size": "each",
    "WOW ppu": "$18.00 / 1EA"
  },
  {
    "Brand_Product_Size": "Playgro Bibs Assorted 2 pack",
    "WOW Price": 10,
    "WOW Size": "2 pack",
    "WOW ppu": "$10.00 / 1EA"
  },
  {
    "Brand_Product_Size": "2 Munch 4 Seed Crispbread With Fig & Olive 120g",
    "WOW Price": 6,
    "WOW Size": "120g",
    "WOW ppu": "$5.00 / 100G"
  },
  {
    "Brand_Product_Size": "B.box Bowl & Straw  - Ocean Breeze each",
    "WOW Price": 15,
    "WOW Size": "each",
    "WOW ppu": "$15.00 / 1EA"
  },
  {
    "Brand_Product_Size": "Darikay Thai Pumpkin Soup 550g",
    "WOW Price": 6.5,
    "WOW Size": "550g",
    "WOW ppu": "$1.18 / 100G"
  },
  {
    "Brand_Product_Size": "Jackson Outbound Travel Adaptor For Travel To Japan each",
    "WOW Price": 8.5,
    "WOW Size": "each",
    "WOW ppu": ""
  },
  {
    "Brand_Product_Size": "Mcobeauty Matte Cream Lip Crayon Bliss 2.8g",
    "WOW Price": 10,
    "WOW Size": "2.8g",
    "WOW ppu": "$35.71 / 10G"
  },
  {
    "Brand_Product_Size": "B.box Tritan Drink Bottle - Lemon Sherbet each",
    "WOW Price": 20,
    "WOW Size": "each",
    "WOW ppu": "$20.00 / 1EA"
  },
  {
    "Brand_Product_Size": "Noble Vegan Jerky Chipotle 70g",
    "WOW Price": 9.95,
    "WOW Size": "70g",
    "WOW ppu": "$14.21 / 100G"
  },
  {
    "Brand_Product_Size": "Naked Life Virgin G&t 250mL x4 pack",
    "WOW Price": 10,
    "WOW Size": "250mL x4 pack",
    "WOW ppu": "$10.00 / 1L"
  },
  {
    "Brand_Product_Size": "Nfco Natural Toothpaste Blak Activated Charcoal 100g",
    "WOW Price": 12,
    "WOW Size": "100g",
    "WOW ppu": "$12.00 / 100G"
  },
  {
    "Brand_Product_Size": "B.box Sport Spout Drink Bottle - Blue Slate each",
    "WOW Price": 20,
    "WOW Size": "each",
    "WOW ppu": "$20.00 / 1EA"
  },
  {
    "Brand_Product_Size": "Nuby Pop Up Freezer Pots Assorted each",
    "WOW Price": 10,
    "WOW Size": "each",
    "WOW ppu": "$10.00 / 1EA"
  },
  {
    "Brand_Product_Size": "Pearsons G&t Botanicals London Dry Alcohol Free 700mL",
    "WOW Price": 50,
    "WOW Size": "700mL",
    "WOW ppu": "$71.43 / 1L"
  },
  {
    "Brand_Product_Size": "Natureo De-alcoholised Wine Muscat 750mL",
    "WOW Price": 15,
    "WOW Size": "750mL",
    "WOW ppu": "$20.00 / 1L"
  },
  {
    "Brand_Product_Size": "Papyrus Sympathy Card each",
    "WOW Price": 10.99,
    "WOW Size": "each",
    "WOW ppu": ""
  },
  {
    "Brand_Product_Size": "Calidad Canon Printer Ink Refill Pack each",
    "WOW Price": 28,
    "WOW Size": "each",
    "WOW ppu": ""
  },
  {
    "Brand_Product_Size": "Modelco Tan Water 200mL",
    "WOW Price": 25,
    "WOW Size": "200mL",
    "WOW ppu": "$12.50 / 100ML"
  },
  {
    "Brand_Product_Size": "B.box Snack Pack - Pink Lilly each",
    "WOW Price": 15,
    "WOW Size": "each",
    "WOW ppu": "$15.00 / 1EA"
  },
  {
    "Brand_Product_Size": "B.box Insulated Drink Bottle - Strawberry Shake each",
    "WOW Price": 30,
    "WOW Size": "each",
    "WOW ppu": "$30.00 / 1EA"
  },
  {
    "Brand_Product_Size": "Elite Snacks Taami Bar 40g",
    "WOW Price": 2,
    "WOW Size": "40g",
    "WOW ppu": "$5.00 / 100G"
  },
  {
    "Brand_Product_Size": "B.box Connect-a-cup  - Passion Splash each",
    "WOW Price": 13,
    "WOW Size": "each",
    "WOW ppu": "$13.00 / 1EA"
  },
  {
    "Brand_Product_Size": "Camden Graphics Balloons Card each",
    "WOW Price": 5.99,
    "WOW Size": "each",
    "WOW ppu": ""
  },
  {
    "Brand_Product_Size": "Gibson On Your Wedding Anniversary each",
    "WOW Price": 6.99,
    "WOW Size": "each",
    "WOW ppu": ""
  },
  {
    "Brand_Product_Size": "Local Legends Beef Jerky Original 25g",
    "WOW Price": 2.4,
    "WOW Size": "25g",
    "WOW ppu": "$9.60 / 100G"
  },
  {
    "Brand_Product_Size": "L'oreal Paris Infallible Matte Foundation Radiant Beige 35mL",
    "WOW Price": 30,
    "WOW Size": "35mL",
    "WOW ppu": "$8.57 / 10ML"
  },
  {
    "Brand_Product_Size": "Playgro Face Washer Assorted 3 pack",
    "WOW Price": 15,
    "WOW Size": "3 pack",
    "WOW ppu": "$15.00 / 1EA"
  },
  {
    "Brand_Product_Size": "Vego Whole Hazelnut Chocolate Bar 150g",
    "WOW Price": 7.95,
    "WOW Size": "150g",
    "WOW ppu": "$5.30 / 100G"
  },
  {
    "Brand_Product_Size": "The Dutch Company Peanut Snaps 175g",
    "WOW Price": 3,
    "WOW Size": "175g",
    "WOW ppu": "$1.71 / 100G"
  },
  {
    "Brand_Product_Size": "Squeak & Soothe Natural Teether each",
    "WOW Price": 20,
    "WOW Size": "each",
    "WOW ppu": "$20.00 / 1EA"
  },
  {
    "Brand_Product_Size": "Olsent Led Downlight 8w 800lm Dimmable Ww With Flex & Plug 90mL",
    "WOW Price": 13,
    "WOW Size": "90mL",
    "WOW ppu": "$13.00 / 1EA"
  },
  {
    "Brand_Product_Size": "Calidad Canon Printer Ink Pgi-525bk Black each",
    "WOW Price": 16,
    "WOW Size": "each",
    "WOW ppu": ""
  },
  {
    "Brand_Product_Size": "Naturopathica Clear Skin Active Acne Relief Capsules 30 pack",
    "WOW Price": 26,
    "WOW Size": "30 pack",
    "WOW ppu": "$86.67 / 100EA"
  },
  {
    "Brand_Product_Size": "Medela Bottles Wide Base 150ml 3 pack",
    "WOW Price": 27,
    "WOW Size": "3 pack",
    "WOW ppu": "$27.00 / 1EA"
  },
  {
    "Brand_Product_Size": "Maybelline Snapscara Mascara Burgundy Bold 10mL",
    "WOW Price": 17.95,
    "WOW Size": "10mL",
    "WOW ppu": "$17.95 / 10ML"
  },
  {
    "Brand_Product_Size": "Tommee Tippee Single Silicone Breast Pump each",
    "WOW Price": 24,
    "WOW Size": "each",
    "WOW ppu": ""
  },
  {
    "Brand_Product_Size": "Happy Little Camper Walker Natural Nappies 25 pack",
    "WOW Price": 14,
    "WOW Size": "25 pack",
    "WOW ppu": "$0.56 / 1EA"
  },
  {
    "Brand_Product_Size": "Uptons Naturals Jackfruit Bar-b-que 300g",
    "WOW Price": 8.95,
    "WOW Size": "300g",
    "WOW ppu": "$2.98 / 100G"
  },
  {
    "Brand_Product_Size": "B.box Connect-a-cup  - Lemon Sherbet each",
    "WOW Price": 13,
    "WOW Size": "each",
    "WOW ppu": "$13.00 / 1EA"
  },
  {
    "Brand_Product_Size": "Uptons Naturals Jackfruit Original 300g",
    "WOW Price": 8.95,
    "WOW Size": "300g",
    "WOW ppu": "$2.98 / 100G"
  },
  {
    "Brand_Product_Size": "Tommee Tippee Single Manual Breast Pump each",
    "WOW Price": 70,
    "WOW Size": "each",
    "WOW ppu": "$70.00 / 1EA"
  },
  {
    "Brand_Product_Size": "Tommee Tippee 2in1 Bottle & Teat Brush each",
    "WOW Price": 9,
    "WOW Size": "each",
    "WOW ppu": ""
  },
  {
    "Brand_Product_Size": "Hot Hands Hand Warmers 2 pack",
    "WOW Price": 2,
    "WOW Size": "2 pack",
    "WOW ppu": "$2.00 / 1EA"
  },
  {
    "Brand_Product_Size": "Hot Hands Hand Warmers 2 pack",
    "WOW Price": 2,
    "WOW Size": "2 pack",
    "WOW ppu": "$2.00 / 1EA"
  },
  {
    "Brand_Product_Size": "B.box Feeding Set  - Strawberry Shake each",
    "WOW Price": 30,
    "WOW Size": "each",
    "WOW ppu": "$30.00 / 1EA"
  },
  {
    "Brand_Product_Size": "Revlon Salon Color Lightest Natural Blonde each",
    "WOW Price": 19,
    "WOW Size": "each",
    "WOW ppu": ""
  },
  {
    "Brand_Product_Size": "B.box Sport Spout Drink Bottle - Indigo Rose each",
    "WOW Price": 20,
    "WOW Size": "each",
    "WOW ppu": "$20.00 / 1EA"
  },
  {
    "Brand_Product_Size": "Papyrus To The Bride And Groom each",
    "WOW Price": 14.99,
    "WOW Size": "each",
    "WOW ppu": ""
  },
  {
    "Brand_Product_Size": "Olay Moisturising Lotion Daily Moisturising 75mL",
    "WOW Price": 8.99,
    "WOW Size": "75mL",
    "WOW ppu": "$11.99 / 100ML"
  },
  {
    "Brand_Product_Size": "The Bagel Co. Fruit Bagels 5 pack",
    "WOW Price": 7,
    "WOW Size": "5 pack",
    "WOW ppu": "$1.40 / 1EA"
  },
  {
    "Brand_Product_Size": "Allen's Party Mix Bulk Lollies 1kg",
    "WOW Price": 10,
    "WOW Size": "1kg",
    "WOW ppu": "$1.00 / 100G"
  },
  {
    "Brand_Product_Size": "Broth & Co Australian Beef Bone Broth 500mL",
    "WOW Price": 13.3,
    "WOW Size": "500mL",
    "WOW ppu": "$2.66 / 100ML"
  },
  {
    "Brand_Product_Size": "D'lish Halal Chicken Nehari 250g",
    "WOW Price": 5.5,
    "WOW Size": "250g",
    "WOW ppu": "$1.83 / 100G"
  },
  {
    "Brand_Product_Size": "Nuby Stainless Steel Suction Bowl Assorted each",
    "WOW Price": 15,
    "WOW Size": "each",
    "WOW ppu": "$15.00 / 1EA"
  },
  {
    "Brand_Product_Size": "Nuk Ultra Dry Comfort+ Nursing Pads 24 pack",
    "WOW Price": 8,
    "WOW Size": "24 pack",
    "WOW ppu": "$0.33 / 1EA"
  },
  {
    "Brand_Product_Size": "Camden Graphics Black And White Chimp each",
    "WOW Price": 5.99,
    "WOW Size": "each",
    "WOW ppu": ""
  },
  {
    "Brand_Product_Size": "Nuk First Choice+ Silicone Teat 0-6 Months 2 pack",
    "WOW Price": 10,
    "WOW Size": "2 pack",
    "WOW ppu": "$5.00 / 1EA"
  },
  {
    "Brand_Product_Size": "Revlon Salon Color Medium Blonde each",
    "WOW Price": 19,
    "WOW Size": "each",
    "WOW ppu": ""
  },
  {
    "Brand_Product_Size": "Cocolife Macadamia Oil Non Aerosol Spray 150mL",
    "WOW Price": 6.5,
    "WOW Size": "150mL",
    "WOW ppu": "$4.33 / 100ML"
  },
  {
    "Brand_Product_Size": "Mud Pure Matte Liquid Lipstick Red Rose each",
    "WOW Price": 7,
    "WOW Size": "each",
    "WOW ppu": "$10.00 / 10ML"
  },
  {
    "Brand_Product_Size": "Nuk First Choice Learner Bottle 6-18 Months Assorted 150mL",
    "WOW Price": 14,
    "WOW Size": "150mL",
    "WOW ppu": "$14.00 / 1EA"
  },
  {
    "Brand_Product_Size": "Underworks Zip All In One Girls 000/ 1 each",
    "WOW Price": 12,
    "WOW Size": "each",
    "WOW ppu": ""
  },
  {
    "Brand_Product_Size": "Korbond Happy Birthday Foil Balloon Metallic Set Assorted each",
    "WOW Price": 10,
    "WOW Size": "each",
    "WOW ppu": "$10.00 / 1EA"
  },
  {
    "Brand_Product_Size": "Tempo Tasty Cheddar Cheese 250g",
    "WOW Price": 7.5,
    "WOW Size": "250g",
    "WOW ppu": "$30.00 / 1KG"
  },
  {
    "Brand_Product_Size": "Calidad Canon Printer Ink Refill Pack each",
    "WOW Price": 28,
    "WOW Size": "each",
    "WOW ppu": ""
  },
  {
    "Brand_Product_Size": "Maybelline Snapscara Mascara Ultra Violet 10mL",
    "WOW Price": 17.95,
    "WOW Size": "10mL",
    "WOW ppu": "$17.95 / 10ML"
  },
  {
    "Brand_Product_Size": "B.box Sport Spout Drink Bottle - Strawberry Shake each",
    "WOW Price": 20,
    "WOW Size": "each",
    "WOW ppu": "$20.00 / 1EA"
  },
  {
    "Brand_Product_Size": "The Dutch Company Red Cabbage & Apple 340g",
    "WOW Price": 2.8,
    "WOW Size": "340g",
    "WOW ppu": "$0.82 / 100G"
  },
  {
    "Brand_Product_Size": "B.box Sport Spout Drink Bottle - Ocean Breeze each",
    "WOW Price": 20,
    "WOW Size": "each",
    "WOW ppu": "$20.00 / 1EA"
  },
  {
    "Brand_Product_Size": "Camden Graphics Dog At Table each",
    "WOW Price": 5.99,
    "WOW Size": "each",
    "WOW ppu": ""
  },
  {
    "Brand_Product_Size": "Carlton What Doesn't Kill You each",
    "WOW Price": 4.99,
    "WOW Size": "each",
    "WOW ppu": ""
  },
  {
    "Brand_Product_Size": "B.box Training Cup Lemon each",
    "WOW Price": 10,
    "WOW Size": "each",
    "WOW ppu": "$10.00 / 1EA"
  },
  {
    "Brand_Product_Size": "B.box Tritan Drink Bottle - Indigo Rose each",
    "WOW Price": 20,
    "WOW Size": "each",
    "WOW ppu": "$20.00 / 1EA"
  },
  {
    "Brand_Product_Size": "Papyrus Birthday Card each",
    "WOW Price": 12.99,
    "WOW Size": "each",
    "WOW ppu": ""
  },
  {
    "Brand_Product_Size": "Queen Party Pals Icing Decorations 12 pack 13g",
    "WOW Price": 3.5,
    "WOW Size": "12 pack 13g",
    "WOW ppu": "$26.92 / 100G"
  },
  {
    "Brand_Product_Size": "Bx Earth Body Wash Perfectly Balanced 600mL",
    "WOW Price": 9,
    "WOW Size": "600mL",
    "WOW ppu": "$1.50 / 100ML"
  },
  {
    "Brand_Product_Size": "Piksters Bamboo Size 1 Interdental Brush Right Angle each",
    "WOW Price": 8.95,
    "WOW Size": "each",
    "WOW ppu": "$1.49 / 1EA"
  },
  {
    "Brand_Product_Size": "Calidad Epson Printer Ink 220 Tri-colour each",
    "WOW Price": 30,
    "WOW Size": "each",
    "WOW ppu": ""
  },
  {
    "Brand_Product_Size": "Uptons Naturals Jackfruit Chili Lime Carnitas 300g",
    "WOW Price": 8.95,
    "WOW Size": "300g",
    "WOW ppu": "$2.98 / 100G"
  },
  {
    "Brand_Product_Size": "Uptons Naturals Real Meal Kit Thai Spaghetti 260g",
    "WOW Price": 8.95,
    "WOW Size": "260g",
    "WOW ppu": "$3.44 / 100G"
  },
  {
    "Brand_Product_Size": "Airborne Honey Classic Liquid 500g",
    "WOW Price": 12,
    "WOW Size": "500g",
    "WOW ppu": "$2.40 / 100G"
  },
  {
    "Brand_Product_Size": "L'oreal Paris Infallible Matte Foundation Honey 35mL",
    "WOW Price": 30,
    "WOW Size": "35mL",
    "WOW ppu": "$8.57 / 10ML"
  },
  {
    "Brand_Product_Size": "Playgro Hooded Towel Crown each",
    "WOW Price": 17,
    "WOW Size": "each",
    "WOW ppu": "$17.00 / 1EA"
  },
  {
    "Brand_Product_Size": "Marukome Miso Soup Seaweed 146g",
    "WOW Price": 5,
    "WOW Size": "146g",
    "WOW ppu": "$3.42 / 100G"
  },
  {
    "Brand_Product_Size": "Paperclick Laptop Bag With Handle each",
    "WOW Price": 15,
    "WOW Size": "each",
    "WOW ppu": ""
  },
  {
    "Brand_Product_Size": "B.box Cutlery Set  - Passion Splash each",
    "WOW Price": 13,
    "WOW Size": "each",
    "WOW ppu": "$13.00 / 1EA"
  },
  {
    "Brand_Product_Size": "Allen's Retro Party Mix 1kg",
    "WOW Price": 12,
    "WOW Size": "1kg",
    "WOW ppu": "$1.20 / 100G"
  },
  {
    "Brand_Product_Size": "Local Legends Beef Jerky Nice 'n' Spicy 25g",
    "WOW Price": 2.4,
    "WOW Size": "25g",
    "WOW ppu": "$9.60 / 100G"
  },
  {
    "Brand_Product_Size": "B.box Insulated Drink Bottle - Lemon Sherbet each",
    "WOW Price": 30,
    "WOW Size": "each",
    "WOW ppu": "$30.00 / 1EA"
  },
  {
    "Brand_Product_Size": "B.box Drink Bottle - Blue Slate each",
    "WOW Price": 20,
    "WOW Size": "each",
    "WOW ppu": "$20.00 / 1EA"
  },
  {
    "Brand_Product_Size": "Happy Little Camper Toddler Natural Nappies 29 pack",
    "WOW Price": 14,
    "WOW Size": "29 pack",
    "WOW ppu": "$0.48 / 1EA"
  },
  {
    "Brand_Product_Size": "Korbond Congratulations Foil Banner Assorted each",
    "WOW Price": 2,
    "WOW Size": "each",
    "WOW ppu": "$2.00 / 1EA"
  },
  {
    "Brand_Product_Size": "Natm Soap Colloidal Oatmeal 200g",
    "WOW Price": 4,
    "WOW Size": "200g",
    "WOW ppu": "$2.00 / 100G"
  },
  {
    "Brand_Product_Size": "Tommee Tippee Advanced Anti Colic Feeding Pack each",
    "WOW Price": 60,
    "WOW Size": "each",
    "WOW ppu": "$60.00 / 1EA"
  },
  {
    "Brand_Product_Size": "Haddar Teriyaki Sauce 296mL",
    "WOW Price": 5,
    "WOW Size": "296mL",
    "WOW ppu": "$1.69 / 100ML"
  },
  {
    "Brand_Product_Size": "Medela Breast Milk Storage Bags 25 pack",
    "WOW Price": 20,
    "WOW Size": "25 pack",
    "WOW ppu": "$20.00 / 1EA"
  },
  {
    "Brand_Product_Size": "Cancer Council Moisturising Sunscreen Spf50+ Pump 1L",
    "WOW Price": 36,
    "WOW Size": "1L",
    "WOW ppu": "$3.60 / 100ML"
  },
  {
    "Brand_Product_Size": "Nuk Breast Milk Bags 25 pack",
    "WOW Price": 20,
    "WOW Size": "25 pack",
    "WOW ppu": "$0.80 / 1EA"
  },
  {
    "Brand_Product_Size": "Vermont Bloom Alcohol Free 500mL",
    "WOW Price": 55,
    "WOW Size": "500mL",
    "WOW ppu": "$110.00 / 1L"
  },
  {
    "Brand_Product_Size": "Crown Hooded Towel Assorted each",
    "WOW Price": 15,
    "WOW Size": "each",
    "WOW ppu": "$15.00 / 1EA"
  },
  {
    "Brand_Product_Size": "Vo5 Texture Putty Rework 150mL",
    "WOW Price": 7.5,
    "WOW Size": "150mL",
    "WOW ppu": "$5.00 / 100ML"
  },
  {
    "Brand_Product_Size": "Happy Little Camper Crawler Natural Nappies 31 pack",
    "WOW Price": 14,
    "WOW Size": "31 pack",
    "WOW ppu": "$0.45 / 1EA"
  },
  {
    "Brand_Product_Size": "B.box Connect-a-cup  - Strawberry Shake each",
    "WOW Price": 13,
    "WOW Size": "each",
    "WOW ppu": "$13.00 / 1EA"
  },
  {
    "Brand_Product_Size": "Cocolife Coconut Oil Non Aerosol Spray 150mL",
    "WOW Price": 6.5,
    "WOW Size": "150mL",
    "WOW ppu": "$4.33 / 100ML"
  },
  {
    "Brand_Product_Size": "The Bagel Co. Poppy Bagels 5 pack",
    "WOW Price": 6,
    "WOW Size": "5 pack",
    "WOW ppu": "$1.20 / 1EA"
  },
  {
    "Brand_Product_Size": "The Bagel Co. Sesame Bagels 5 pack",
    "WOW Price": 6,
    "WOW Size": "5 pack",
    "WOW ppu": "$1.20 / 1EA"
  },
  {
    "Brand_Product_Size": "B.box Sport Spout Drink Bottle - Passion Splash each",
    "WOW Price": 20,
    "WOW Size": "each",
    "WOW ppu": "$20.00 / 1EA"
  },
  {
    "Brand_Product_Size": "Revlon Salon Color Ash Blonde Extra Light Natural each",
    "WOW Price": 19,
    "WOW Size": "each",
    "WOW ppu": ""
  },
  {
    "Brand_Product_Size": "Canon Cli681 Cyan Ink Tank each",
    "WOW Price": 22,
    "WOW Size": "each",
    "WOW ppu": ""
  },
  {
    "Brand_Product_Size": "Playgro Rainy Raccoon's Musical Submarine each",
    "WOW Price": 20,
    "WOW Size": "each",
    "WOW ppu": "$20.00 / 1EA"
  },
  {
    "Brand_Product_Size": "Minetan Self Tan Foam Dark Ash 200mL",
    "WOW Price": 30,
    "WOW Size": "200mL",
    "WOW ppu": "$15.00 / 100ML"
  },
  {
    "Brand_Product_Size": "B.box Cutlery Set - Lemon Squeeze each",
    "WOW Price": 13,
    "WOW Size": "each",
    "WOW ppu": "$13.00 / 1EA"
  },
  {
    "Brand_Product_Size": "Playgro Bath Duckie each",
    "WOW Price": 5,
    "WOW Size": "each",
    "WOW ppu": "$5.00 / 1EA"
  },
  {
    "Brand_Product_Size": "Share The Dignity $2 Donation each",
    "WOW Price": 2,
    "WOW Size": "each",
    "WOW ppu": ""
  },
  {
    "Brand_Product_Size": "Mcobeauty Cover & Treat Concealer Light Light each",
    "WOW Price": 14,
    "WOW Size": "each",
    "WOW ppu": "$46.67 / 10G"
  },
  {
    "Brand_Product_Size": "Brite Organix Semi Permanent Hair Colour Lavender 75mL",
    "WOW Price": 10,
    "WOW Size": "75mL",
    "WOW ppu": "$13.33 / 100ML"
  },
  {
    "Brand_Product_Size": "Maybelline Master Camo Colour Correcting Concealer Pen - Green 1.5mL",
    "WOW Price": 18,
    "WOW Size": "1.5mL",
    "WOW ppu": "$120.00 / 10ML"
  },
  {
    "Brand_Product_Size": "Natureo De-alcoholised Wine Sauvignon Blanc 750mL",
    "WOW Price": 15,
    "WOW Size": "750mL",
    "WOW ppu": ""
  },
  {
    "Brand_Product_Size": "Googys Choc Sea Salt Protein Bar 55g",
    "WOW Price": 3.5,
    "WOW Size": "55g",
    "WOW ppu": "$6.36 / 100G"
  },
  {
    "Brand_Product_Size": "B.box Tritan Drink Bottle - Passion Splash each",
    "WOW Price": 20,
    "WOW Size": "each",
    "WOW ppu": "$20.00 / 1EA"
  },
  {
    "Brand_Product_Size": "Tempo Low Fat Cheddar Cheese 250g",
    "WOW Price": 6.5,
    "WOW Size": "250g",
    "WOW ppu": "$26.00 / 1KG"
  },
  {
    "Brand_Product_Size": "B.box Snack Pack - Graperama each",
    "WOW Price": 15,
    "WOW Size": "each",
    "WOW ppu": "$15.00 / 1EA"
  },
  {
    "Brand_Product_Size": "Googys Blueberry Protein Bar 55g",
    "WOW Price": 3.5,
    "WOW Size": "55g",
    "WOW ppu": "$6.36 / 100G"
  },
  {
    "Brand_Product_Size": "Alka Power Alkaline Spring Water 10L",
    "WOW Price": 10,
    "WOW Size": "10L",
    "WOW ppu": "$1.00 / 1L"
  },
  {
    "Brand_Product_Size": "Mcobeauty Matte Cream Lip Crayon Dream 2.8g",
    "WOW Price": 10,
    "WOW Size": "2.8g",
    "WOW ppu": "$35.71 / 10G"
  },
  {
    "Brand_Product_Size": "Canon Cli681 Magenta Ink Tank each",
    "WOW Price": 22,
    "WOW Size": "each",
    "WOW ppu": ""
  },
  {
    "Brand_Product_Size": "B.box Bowl & Straw  - Strawberry Shake each",
    "WOW Price": 15,
    "WOW Size": "each",
    "WOW ppu": "$15.00 / 1EA"
  },
  {
    "Brand_Product_Size": "Sara Lee Deep Dish Double Chocolate Pudding 600g",
    "WOW Price": 7.5,
    "WOW Size": "600g",
    "WOW ppu": "$1.25 / 100G"
  },
  {
    "Brand_Product_Size": "Nuk Trio Bottle Set 0-6 Months each",
    "WOW Price": 25,
    "WOW Size": "each",
    "WOW ppu": "$25.00 / 1EA"
  },
  {
    "Brand_Product_Size": "Seasol Powerfeed Pots & Plants Ready To Use Plant Fertiliser 750mL",
    "WOW Price": 8.2,
    "WOW Size": "750mL",
    "WOW ppu": "$1.09 / 100ML"
  },
  {
    "Brand_Product_Size": "B.box Transition Pack - Blueberry each",
    "WOW Price": 30,
    "WOW Size": "each",
    "WOW ppu": "$30.00 / 1EA"
  },
  {
    "Brand_Product_Size": "Gc Tooth Mousse Plus Mint 40g",
    "WOW Price": 35,
    "WOW Size": "40g",
    "WOW ppu": "$87.50 / 100G"
  },
  {
    "Brand_Product_Size": "Medela Quick Clean Microwave Bags 5 pack",
    "WOW Price": 27,
    "WOW Size": "5 pack",
    "WOW ppu": "$27.00 / 1EA"
  },
  {
    "Brand_Product_Size": "Calidad Epson Printer Ink 220 Black each",
    "WOW Price": 11,
    "WOW Size": "each",
    "WOW ppu": ""
  },
  {
    "Brand_Product_Size": "Mint Stainless Steel Triple Sifting Action Sifter each",
    "WOW Price": 10,
    "WOW Size": "each",
    "WOW ppu": ""
  },
  {
    "Brand_Product_Size": "Variety Children's Charity Donation $2 each",
    "WOW Price": 2,
    "WOW Size": "each",
    "WOW ppu": ""
  },
  {
    "Brand_Product_Size": "Cancer Council Ultra Sunscreen Spf50+ Pump 1L",
    "WOW Price": 36,
    "WOW Size": "1L",
    "WOW ppu": "$3.60 / 100ML"
  },
  {
    "Brand_Product_Size": "Share The Dignity $5 Donation each",
    "WOW Price": 5,
    "WOW Size": "each",
    "WOW ppu": ""
  },
  {
    "Brand_Product_Size": "Pearsons G&t Botanicals Hibiscus & Rose Alcohol Free 700mL",
    "WOW Price": 50,
    "WOW Size": "700mL",
    "WOW ppu": "$71.43 / 1L"
  },
  {
    "Brand_Product_Size": "B.box Transition Pack - Raspberry each",
    "WOW Price": 30,
    "WOW Size": "each",
    "WOW ppu": "$30.00 / 1EA"
  },
  {
    "Brand_Product_Size": "Playgro My First Footy each",
    "WOW Price": 5,
    "WOW Size": "each",
    "WOW ppu": "$5.00 / 1EA"
  },
  {
    "Brand_Product_Size": "Eylure Lashfix Strip Lash Adhesive each",
    "WOW Price": 11,
    "WOW Size": "each",
    "WOW ppu": "$12.94 / 10ML"
  },
  {
    "Brand_Product_Size": "Shneider's Melba Toast Sesame 100g",
    "WOW Price": 4,
    "WOW Size": "100g",
    "WOW ppu": "$4.00 / 100G"
  },
  {
    "Brand_Product_Size": "Zak Bamboo Meal Set each",
    "WOW Price": 12,
    "WOW Size": "each",
    "WOW ppu": "$12.00 / 1EA"
  },
  {
    "Brand_Product_Size": "B.box Transition Pack - Lemon each",
    "WOW Price": 30,
    "WOW Size": "each",
    "WOW ppu": "$30.00 / 1EA"
  },
  {
    "Brand_Product_Size": "Calidad Brother Printer Ink Lc-233 Lc-231 Tri-colour each",
    "WOW Price": 50,
    "WOW Size": "each",
    "WOW ppu": ""
  },
  {
    "Brand_Product_Size": "Nuk Silicone Spill Proof Spout each",
    "WOW Price": 8,
    "WOW Size": "each",
    "WOW ppu": "$8.00 / 1EA"
  },
  {
    "Brand_Product_Size": "B.box Training Cup - Raspberry each",
    "WOW Price": 10,
    "WOW Size": "each",
    "WOW ppu": "$10.00 / 1EA"
  },
  {
    "Brand_Product_Size": "Mud Pure Matte Liquid Lipstick Nude Kiss each",
    "WOW Price": 7,
    "WOW Size": "each",
    "WOW ppu": "$10.00 / 10ML"
  },
  {
    "Brand_Product_Size": "Love Luna Reusable Liner Black Onesize each",
    "WOW Price": 8,
    "WOW Size": "each",
    "WOW ppu": "$8.00 / 1EA"
  },
  {
    "Brand_Product_Size": "Nuby Chewy Charms Soothing Teether Assorted each",
    "WOW Price": 10,
    "WOW Size": "each",
    "WOW ppu": "$10.00 / 1EA"
  },
  {
    "Brand_Product_Size": "B.box Feeding Set  - Ocean Breeze each",
    "WOW Price": 30,
    "WOW Size": "each",
    "WOW ppu": "$30.00 / 1EA"
  },
  {
    "Brand_Product_Size": "Monster Super Fuel Blue Ice 550mL",
    "WOW Price": 4,
    "WOW Size": "550mL",
    "WOW ppu": "$7.27 / 1L"
  },
  {
    "Brand_Product_Size": "Brite Semi Permanent Hair Colour Colour Limited Edition Red 75mL",
    "WOW Price": 10,
    "WOW Size": "75mL",
    "WOW ppu": "$13.33 / 100ML"
  },
  {
    "Brand_Product_Size": "Bonds Baby Zippy Grey Marle Stripe Size 2 each",
    "WOW Price": 14.4,
    "WOW Size": "each",
    "WOW ppu": ""
  },
  {
    "Brand_Product_Size": "Canon 671 Yellow Ink each",
    "WOW Price": 20,
    "WOW Size": "each",
    "WOW ppu": ""
  },
  {
    "Brand_Product_Size": "Bonds Baby Zippy Charcoal Stripe Size 1 each",
    "WOW Price": 14.4,
    "WOW Size": "each",
    "WOW ppu": ""
  },
  {
    "Brand_Product_Size": "Maui Moisture Thicken & Restore Bamboo Fibres Blow Out Mist 236mL",
    "WOW Price": 22,
    "WOW Size": "236mL",
    "WOW ppu": "$9.32 / 100ML"
  },
  {
    "Brand_Product_Size": "Ecostore Complete Care Toothpaste 100g",
    "WOW Price": 7,
    "WOW Size": "100g",
    "WOW ppu": "$7.00 / 100G"
  },
  {
    "Brand_Product_Size": "Thawed Marinara Mix Teriyaki Ginger per kg",
    "WOW Price": 13.5,
    "WOW Size": "per kg",
    "WOW ppu": "$13.50 / 1KG"
  },
  {
    "Brand_Product_Size": "Fudge Professional Matte Hed Styling Paste 85g",
    "WOW Price": 22,
    "WOW Size": "85g",
    "WOW ppu": "$25.88 / 100G"
  },
  {
    "Brand_Product_Size": "Olive Green Organics Penne Quinoa & Rice 300g",
    "WOW Price": 6,
    "WOW Size": "300g",
    "WOW ppu": "$2.00 / 100G"
  },
  {
    "Brand_Product_Size": "Elmer's Metallic Glue Blue 147mL",
    "WOW Price": 4.9,
    "WOW Size": "147mL",
    "WOW ppu": ""
  },
  {
    "Brand_Product_Size": "Brite Organix Semi Permanent Hair Colour Pastel Blue 75mL",
    "WOW Price": 10,
    "WOW Size": "75mL",
    "WOW ppu": "$13.33 / 100ML"
  },
  {
    "Brand_Product_Size": "Paperclick Canvas Pencil Case each",
    "WOW Price": 5,
    "WOW Size": "each",
    "WOW ppu": ""
  },
  {
    "Brand_Product_Size": "Smoothie Bombs The Motivator Raw Cacao Organic 5 pack",
    "WOW Price": 11.95,
    "WOW Size": "5 pack",
    "WOW ppu": "$11.95 / 100G"
  },
  {
    "Brand_Product_Size": "Smoothie Bombs The Transformer Super Greens 5 pack",
    "WOW Price": 11.95,
    "WOW Size": "5 pack",
    "WOW ppu": "$11.95 / 100G"
  },
  {
    "Brand_Product_Size": "Smoothie Bombs The Lover Super Berries Organic 5 pack",
    "WOW Price": 11.95,
    "WOW Size": "5 pack",
    "WOW ppu": "$11.95 / 100G"
  },
  {
    "Brand_Product_Size": "Smoothie Bombs The Healer Vanilla Hemp Organic 5 pack",
    "WOW Price": 11.95,
    "WOW Size": "5 pack",
    "WOW ppu": "$11.95 / 100G"
  },
  {
    "Brand_Product_Size": "Natureo De-alcoholised Red Wine Shiraz 750mL",
    "WOW Price": 15,
    "WOW Size": "750mL",
    "WOW ppu": "$20.00 / 1L"
  },
  {
    "Brand_Product_Size": "Nuk Space Soother 0-6 Months 2 pack",
    "WOW Price": 12,
    "WOW Size": "2 pack",
    "WOW ppu": "$12.00 / 1EA"
  },
  {
    "Brand_Product_Size": "Happy Little Camper 100% Cotton Baby Wipes Baby Wipes 72 pack",
    "WOW Price": 5,
    "WOW Size": "72 pack",
    "WOW ppu": "$0.07 / 1EA"
  },
  {
    "Brand_Product_Size": "Absolutely Wrapped Vegetarian Platter each",
    "WOW Price": 35,
    "WOW Size": "each",
    "WOW ppu": ""
  },
  {
    "Brand_Product_Size": "Gaia Bamboo Baby Wipes 640 pack",
    "WOW Price": 35,
    "WOW Size": "640 pack",
    "WOW ppu": "$5.47 / 100EA"
  },
  {
    "Brand_Product_Size": "Loma Linda Tuno & Mayo 142g",
    "WOW Price": 2.35,
    "WOW Size": "142g",
    "WOW ppu": "$16.55 / 1KG"
  },
  {
    "Brand_Product_Size": "Google Home Mini Charcoal each",
    "WOW Price": 79,
    "WOW Size": "each",
    "WOW ppu": ""
  },
  {
    "Brand_Product_Size": "From The Deli Mediterranean Delight Platter each",
    "WOW Price": 35,
    "WOW Size": "each",
    "WOW ppu": ""
  },
  {
    "Brand_Product_Size": "Google Home Mini Chalk each",
    "WOW Price": 79,
    "WOW Size": "each",
    "WOW ppu": ""
  },
  {
    "Brand_Product_Size": "Essentials Placemat 33x48cm each",
    "WOW Price": 3,
    "WOW Size": "each",
    "WOW ppu": ""
  },
  {
    "Brand_Product_Size": "Clio Italian Slimming Brief Pantyhose Black X/tall each",
    "WOW Price": 8,
    "WOW Size": "each",
    "WOW ppu": ""
  },
  {
    "Brand_Product_Size": "Clio Italian Soft Shine 12d Pantyhose Black Medium each",
    "WOW Price": 8,
    "WOW Size": "each",
    "WOW ppu": ""
  },
  {
    "Brand_Product_Size": "Clio Italian Cotton Sole Knee High Tights Black One Size 2 pack",
    "WOW Price": 8,
    "WOW Size": "2 pack",
    "WOW ppu": ""
  },
  {
    "Brand_Product_Size": "Tradie Baby Legging Boy each",
    "WOW Price": 8,
    "WOW Size": "each",
    "WOW ppu": ""
  },
  {
    "Brand_Product_Size": "Clio Travel Sock Black Size 3-8 each",
    "WOW Price": 10,
    "WOW Size": "each",
    "WOW ppu": ""
  },
  {
    "Brand_Product_Size": "Clio Eco Bci Opaque Tights Black T/xt each",
    "WOW Price": 15,
    "WOW Size": "each",
    "WOW ppu": ""
  },
  {
    "Brand_Product_Size": "Clio Italian Soft Shine 12d Pantyhose Black X/tall each",
    "WOW Price": 8,
    "WOW Size": "each",
    "WOW ppu": ""
  },
  {
    "Brand_Product_Size": "Clio Italian Soft Shine 12d Pantyhose Natural Tall each",
    "WOW Price": 8,
    "WOW Size": "each",
    "WOW ppu": ""
  },
  {
    "Brand_Product_Size": "Clio Curvy Control Tights Fuller Figure Natural 2 each",
    "WOW Price": 8,
    "WOW Size": "each",
    "WOW ppu": ""
  },
  {
    "Brand_Product_Size": "Clio Curvy Control Tights Fuller Figure Black 2 each",
    "WOW Price": 8,
    "WOW Size": "each",
    "WOW ppu": ""
  },
  {
    "Brand_Product_Size": "Mint Glazed Side Plate Blue each",
    "WOW Price": 4,
    "WOW Size": "each",
    "WOW ppu": ""
  },
  {
    "Brand_Product_Size": "Corelle Livingware Pie Plate Winter Frost White each",
    "WOW Price": 15,
    "WOW Size": "each",
    "WOW ppu": ""
  },
  {
    "Brand_Product_Size": "For Kids Boys Briefs Sizes 10-12 5 pack",
    "WOW Price": 8,
    "WOW Size": "5 pack",
    "WOW ppu": ""
  },
  {
    "Brand_Product_Size": "Global Organics Organic Black Beans 400g",
    "WOW Price": 2,
    "WOW Size": "400g",
    "WOW ppu": "$5.00 / 1KG"
  },
  {
    "Brand_Product_Size": "Fudge Professional Matte Hed Extra Styling Clay 85g",
    "WOW Price": 22,
    "WOW Size": "85g",
    "WOW ppu": "$25.88 / 100G"
  },
  {
    "Brand_Product_Size": "Sabco Dusting Microfibre Cloths 2 pack",
    "WOW Price": 4,
    "WOW Size": "2 pack",
    "WOW ppu": "$2.00 / 1EA"
  },
  {
    "Brand_Product_Size": "Glow Lab Hydrating Shea Butter Body Soap 125g",
    "WOW Price": 5,
    "WOW Size": "125g",
    "WOW ppu": "$4.00 / 100G"
  },
  {
    "Brand_Product_Size": "Sabco Delicate Surface Cloth 2 pack",
    "WOW Price": 4,
    "WOW Size": "2 pack",
    "WOW ppu": "$2.00 / 1EA"
  },
  {
    "Brand_Product_Size": "Olive Green Organics Penne Amaranth & Rice 300g",
    "WOW Price": 6,
    "WOW Size": "300g",
    "WOW ppu": "$2.00 / 100G"
  },
  {
    "Brand_Product_Size": "Woolworths Spicy Chicken & Vegetable Curry With Rice 350g",
    "WOW Price": 4,
    "WOW Size": "350g",
    "WOW ppu": "$1.14 / 100G"
  },
  {
    "Brand_Product_Size": "Podravka Pate Meat 100g",
    "WOW Price": 2.1,
    "WOW Size": "100g",
    "WOW ppu": "$2.21 / 100G"
  },
  {
    "Brand_Product_Size": "Apollo Dog Food Succulent Chicken 2kg",
    "WOW Price": 9.9,
    "WOW Size": "2kg",
    "WOW ppu": "$0.50 / 100G"
  },
  {
    "Brand_Product_Size": "Nfco Natural Toothpaste Sensitive & Gentle 100g",
    "WOW Price": 9.95,
    "WOW Size": "100g",
    "WOW ppu": "$9.95 / 100G"
  },
  {
    "Brand_Product_Size": "Benedikt New York Pretzel Twists 200g",
    "WOW Price": 2.6,
    "WOW Size": "200g",
    "WOW ppu": "$1.30 / 100G"
  },
  {
    "Brand_Product_Size": "Voost Vitamin D 1000 Iu Tablets 20 pack",
    "WOW Price": 6.5,
    "WOW Size": "20 pack",
    "WOW ppu": "$32.50 / 100EA"
  },
  {
    "Brand_Product_Size": "Shneider's Melba Toast Original 100g",
    "WOW Price": 4,
    "WOW Size": "100g",
    "WOW ppu": "$4.00 / 100G"
  },
  {
    "Brand_Product_Size": "White Wings Cake In A Cup Butterscotch Brownie 220g",
    "WOW Price": 5,
    "WOW Size": "220g",
    "WOW ppu": "$2.27 / 100G"
  },
  {
    "Brand_Product_Size": "Tommee Tippee Closer To Nature Newborn Bottle Feeding Pack each",
    "WOW Price": 40,
    "WOW Size": "each",
    "WOW ppu": "$40.00 / 1EA"
  },
  {
    "Brand_Product_Size": "2 Munch 4 Seed Crispbread With Hazelnut & Cranberry 120g",
    "WOW Price": 6,
    "WOW Size": "120g",
    "WOW ppu": "$5.00 / 100G"
  },
  {
    "Brand_Product_Size": "Glow Lab Body Wash Black Peppercorn 400mL",
    "WOW Price": 9,
    "WOW Size": "400mL",
    "WOW ppu": "$2.25 / 100ML"
  },
  {
    "Brand_Product_Size": "Sally Hansen Nail Polish Wine Not each",
    "WOW Price": 15,
    "WOW Size": "each",
    "WOW ppu": "$10.20 / 10ML"
  },
  {
    "Brand_Product_Size": "Tommee Tippee Advanced Anti Colic Fast Flow Teats 2 pack",
    "WOW Price": 12,
    "WOW Size": "2 pack",
    "WOW ppu": ""
  },
  {
    "Brand_Product_Size": "Tommee Tippee Microwave Steam Sterliser each",
    "WOW Price": 17.5,
    "WOW Size": "each",
    "WOW ppu": "$17.50 / 1EA"
  },
  {
    "Brand_Product_Size": "Farmer Jo Granola Twice Baked Pistachio & Quinoa 400g",
    "WOW Price": 15,
    "WOW Size": "400g",
    "WOW ppu": "$3.75 / 100G"
  },
  {
    "Brand_Product_Size": "Farmer Jo Muesli Paleo Raw 300g",
    "WOW Price": 15,
    "WOW Size": "300g",
    "WOW ppu": "$5.00 / 100G"
  },
  {
    "Brand_Product_Size": "Milton 3 In 1 Antibacterial Surface Spray 500mL",
    "WOW Price": 5.5,
    "WOW Size": "500mL",
    "WOW ppu": "$1.10 / 100ML"
  },
  {
    "Brand_Product_Size": "Metamucil Wild Berry Smooth 673g",
    "WOW Price": 31.5,
    "WOW Size": "673g",
    "WOW ppu": "$4.68 / 100G"
  },
  {
    "Brand_Product_Size": "Bonds Baby Zippy Charcoal Stripe Size 000 each",
    "WOW Price": 14.4,
    "WOW Size": "each",
    "WOW ppu": ""
  },
  {
    "Brand_Product_Size": "Bonds Baby Zippy Grey Marle Stripe Size 000 each",
    "WOW Price": 14.4,
    "WOW Size": "each",
    "WOW ppu": ""
  },
  {
    "Brand_Product_Size": "Bonds Baby Zippy Grey Marle Stripe Size 1 each",
    "WOW Price": 14.4,
    "WOW Size": "each",
    "WOW ppu": ""
  },
  {
    "Brand_Product_Size": "Green's Jumbo Triple Choc Muffin 600g",
    "WOW Price": 5,
    "WOW Size": "600g",
    "WOW ppu": "$0.83 / 100G"
  },
  {
    "Brand_Product_Size": "Blue Dinosaur Mac Lemon Paleo Bar 45g",
    "WOW Price": 3.6,
    "WOW Size": "45g",
    "WOW ppu": "$8.00 / 100G"
  },
  {
    "Brand_Product_Size": "Podravka Pate Chicken 100g",
    "WOW Price": 2.1,
    "WOW Size": "100g",
    "WOW ppu": "$2.33 / 100G"
  },
  {
    "Brand_Product_Size": "Global Organics Organic Red Kidney Beans 400g",
    "WOW Price": 2,
    "WOW Size": "400g",
    "WOW ppu": "$5.00 / 1KG"
  },
  {
    "Brand_Product_Size": "Nature's Way Triple Action Joint Restore Powder Lemon Flavour 150g",
    "WOW Price": 35,
    "WOW Size": "150g",
    "WOW ppu": "$23.33 / 100G"
  },
  {
    "Brand_Product_Size": "Osem Falafel Mix 180g",
    "WOW Price": 5,
    "WOW Size": "180g",
    "WOW ppu": "$2.78 / 100G"
  },
  {
    "Brand_Product_Size": "Rizzoli Anchovies In Extra Virgin Olive Oil 90g",
    "WOW Price": 7.75,
    "WOW Size": "90g",
    "WOW ppu": "$86.11 / 1KG"
  },
  {
    "Brand_Product_Size": "Elevit Morning Sickness Relief 30 tabLets",
    "WOW Price": 18.5,
    "WOW Size": "30 tabLets",
    "WOW ppu": "$61.67 / 100EA"
  },
  {
    "Brand_Product_Size": "Almond Breeze Protein Uht Almond Milk 1L",
    "WOW Price": 4,
    "WOW Size": "1L",
    "WOW ppu": "$4.00 / 1L"
  },
  {
    "Brand_Product_Size": "Almond Breeze Protein Uht Almond Milk 1L",
    "WOW Price": 4,
    "WOW Size": "1L",
    "WOW ppu": "$4.00 / 1L"
  },
  {
    "Brand_Product_Size": "Remifemin Menopause Relief Tablet 100 pack",
    "WOW Price": 22,
    "WOW Size": "100 pack",
    "WOW ppu": "$22.00 / 100EA"
  },
  {
    "Brand_Product_Size": "Tommee Tippee Manual Breast Pump each",
    "WOW Price": 17.5,
    "WOW Size": "each",
    "WOW ppu": ""
  },
  {
    "Brand_Product_Size": "Tommee Tippee Closer To Nature Breast Milk Starter Set each",
    "WOW Price": 40,
    "WOW Size": "each",
    "WOW ppu": ""
  },
  {
    "Brand_Product_Size": "Bonds Baby Zippy Charcoal Stripe Size 00 each",
    "WOW Price": 14.4,
    "WOW Size": "each",
    "WOW ppu": ""
  },
  {
    "Brand_Product_Size": "Bonds Baby Zippy Charcoal Stripe Size 2 each",
    "WOW Price": 14.4,
    "WOW Size": "each",
    "WOW ppu": ""
  },
  {
    "Brand_Product_Size": "Apollo Dog Food Gourmet Beef 2kg",
    "WOW Price": 9.9,
    "WOW Size": "2kg",
    "WOW ppu": "$0.50 / 100G"
  },
  {
    "Brand_Product_Size": "Tempo Shredded Mozzarella Cheese 250g",
    "WOW Price": 6.4,
    "WOW Size": "250g",
    "WOW ppu": "$25.60 / 1KG"
  },
  {
    "Brand_Product_Size": "Thawed Barramundi Fillets Teriyaki Ginger per kg",
    "WOW Price": 16,
    "WOW Size": "per kg",
    "WOW ppu": "$16.00 / 1KG"
  },
  {
    "Brand_Product_Size": "Olive Green Organics Penne Tri Grain 300g",
    "WOW Price": 6,
    "WOW Size": "300g",
    "WOW ppu": "$2.00 / 100G"
  },
  {
    "Brand_Product_Size": "Mint Glazed Side Plate Grey each",
    "WOW Price": 4,
    "WOW Size": "each",
    "WOW ppu": ""
  },
  {
    "Brand_Product_Size": "Shneider's Yo Round Crackers 350g",
    "WOW Price": 5.75,
    "WOW Size": "350g",
    "WOW ppu": "$1.64 / 100G"
  },
  {
    "Brand_Product_Size": "White King Disinfectant Cleaner Hospital Grade Trigger Citrus 500mL",
    "WOW Price": 5,
    "WOW Size": "500mL",
    "WOW ppu": "$1.00 / 100ML"
  },
  {
    "Brand_Product_Size": "For Kids Boys Briefs Sizes 8-10 5 pack",
    "WOW Price": 8,
    "WOW Size": "5 pack",
    "WOW ppu": ""
  },
  {
    "Brand_Product_Size": "Armor All Bug Wipes 30 pack",
    "WOW Price": 10.5,
    "WOW Size": "30 pack",
    "WOW ppu": "$10.50 / 1EA"
  },
  {
    "Brand_Product_Size": "Bonds Zip Wondersuit Disney Mickey Grey Size 1 each",
    "WOW Price": 30,
    "WOW Size": "each",
    "WOW ppu": "$30.00 / 1EA"
  },
  {
    "Brand_Product_Size": "Ki Cold & Flu Day/night Formula Tablets 30 pack",
    "WOW Price": 23.2,
    "WOW Size": "30 pack",
    "WOW ppu": "$77.33 / 100EA"
  },
  {
    "Brand_Product_Size": "Elite Sugar Free Berry Yoghurt 80g",
    "WOW Price": 4.5,
    "WOW Size": "80g",
    "WOW ppu": "$5.63 / 100G"
  },
  {
    "Brand_Product_Size": "Bonds Zip Wondersuit Disney Mickey Grey Size 2 each",
    "WOW Price": 30,
    "WOW Size": "each",
    "WOW ppu": ""
  },
  {
    "Brand_Product_Size": "Edgell Corn Kernels 300g",
    "WOW Price": 1.3,
    "WOW Size": "300g",
    "WOW ppu": "$4.33 / 1KG"
  },
  {
    "Brand_Product_Size": "Loving Earth Dark Luvju 30g",
    "WOW Price": 3,
    "WOW Size": "30g",
    "WOW ppu": "$10.00 / 100G"
  },
  {
    "Brand_Product_Size": "Cloverdale Tasty & Sweet Pure Honey 400g",
    "WOW Price": 4.8,
    "WOW Size": "400g",
    "WOW ppu": "$1.20 / 100G"
  },
  {
    "Brand_Product_Size": "Clio Curvy Comfort Knee Hi Natural 2 pack",
    "WOW Price": 5,
    "WOW Size": "2 pack",
    "WOW ppu": ""
  },
  {
    "Brand_Product_Size": "Man Snacks Wafers Chocolate 500g",
    "WOW Price": 3.95,
    "WOW Size": "500g",
    "WOW ppu": "$0.79 / 100G"
  },
  {
    "Brand_Product_Size": "Global Organics Organic Cannelini Beans 400g",
    "WOW Price": 2,
    "WOW Size": "400g",
    "WOW ppu": "$5.00 / 1KG"
  },
  {
    "Brand_Product_Size": "Clio Curvy Comfort Knee Hi Black 2 pack",
    "WOW Price": 5,
    "WOW Size": "2 pack",
    "WOW ppu": ""
  },
  {
    "Brand_Product_Size": "Olympic Carbon Filing Cash Receipt Book 714 each",
    "WOW Price": 3.5,
    "WOW Size": "each",
    "WOW ppu": ""
  },
  {
    "Brand_Product_Size": "Mint Silicone Spoon Rest each",
    "WOW Price": 3.5,
    "WOW Size": "each",
    "WOW ppu": ""
  },
  {
    "Brand_Product_Size": "Mint 3in1 Mandoline Dicer each",
    "WOW Price": 12,
    "WOW Size": "each",
    "WOW ppu": ""
  },
  {
    "Brand_Product_Size": "Googys Apple Cinnamon Protein Bar 55g",
    "WOW Price": 3.5,
    "WOW Size": "55g",
    "WOW ppu": "$6.36 / 100G"
  },
  {
    "Brand_Product_Size": "Urbane Mess Gritty Soap 200g",
    "WOW Price": 5.5,
    "WOW Size": "200g",
    "WOW ppu": "$2.75 / 100G"
  },
  {
    "Brand_Product_Size": "Hoyt's Rosemary 25g",
    "WOW Price": 1.25,
    "WOW Size": "25g",
    "WOW ppu": "$0.50 / 10G"
  },
  {
    "Brand_Product_Size": "Clio Girl Summer Glow Tight Natural M 90mm(w) X 250mm(h) X 15mm(d) each",
    "WOW Price": 5,
    "WOW Size": "each",
    "WOW ppu": ""
  },
  {
    "Brand_Product_Size": "Mother's Recipe Lamb Mutton Mix 100g",
    "WOW Price": 2.3,
    "WOW Size": "100g",
    "WOW ppu": "$2.30 / 100G"
  },
  {
    "Brand_Product_Size": "Blue M Mountain Berry Jam 220g",
    "WOW Price": 6.5,
    "WOW Size": "220g",
    "WOW ppu": "$2.95 / 100G"
  },
  {
    "Brand_Product_Size": "Eskal Noodles No 2 Thin 400g",
    "WOW Price": 3.95,
    "WOW Size": "400g",
    "WOW ppu": "$0.99 / 100G"
  },
  {
    "Brand_Product_Size": "Pure Pops Pine Lime & Coconut 4 pack",
    "WOW Price": 13,
    "WOW Size": "4 pack",
    "WOW ppu": "$4.06 / 100ML"
  },
  {
    "Brand_Product_Size": "Hoyt's Paprika Hot 50g",
    "WOW Price": 1.47,
    "WOW Size": "50g",
    "WOW ppu": "$0.29 / 10G"
  },
  {
    "Brand_Product_Size": "Pure Pops Watermelon Berry & Mint 4 pack",
    "WOW Price": 13,
    "WOW Size": "4 pack",
    "WOW ppu": "$4.06 / 100ML"
  },
  {
    "Brand_Product_Size": "Thisit Dressing Poppyseed 300mL",
    "WOW Price": 4,
    "WOW Size": "300mL",
    "WOW ppu": "$1.33 / 100ML"
  },
  {
    "Brand_Product_Size": "Aerogard Kids Insect Repellent Roll On 50mL",
    "WOW Price": 8.5,
    "WOW Size": "50mL",
    "WOW ppu": "$17.00 / 100ML"
  },
  {
    "Brand_Product_Size": "San Remo Fettuccine Spinach Pasta 500g",
    "WOW Price": 2.6,
    "WOW Size": "500g",
    "WOW ppu": "$0.52 / 100G"
  },
  {
    "Brand_Product_Size": "Eskal Confectionery Marshmallows Gluten Free 180g",
    "WOW Price": 3.15,
    "WOW Size": "180g",
    "WOW ppu": "$1.75 / 100G"
  },
  {
    "Brand_Product_Size": "Nana Crispy Crackers Oregano Tomato Parmesan & Garlic 150g",
    "WOW Price": 6,
    "WOW Size": "150g",
    "WOW ppu": "$4.00 / 100G"
  },
  {
    "Brand_Product_Size": "Absolutely Gluten Free Original Crackers 125g",
    "WOW Price": 9.5,
    "WOW Size": "125g",
    "WOW ppu": "$7.60 / 100G"
  },
  {
    "Brand_Product_Size": "Bonds Comfytails Seamfree Midi Size 14 2 pack",
    "WOW Price": 24,
    "WOW Size": "2 pack",
    "WOW ppu": ""
  },
  {
    "Brand_Product_Size": "Grants Of Australia Whitening Toothpaste With Baking Soda 110g",
    "WOW Price": 3.3,
    "WOW Size": "110g",
    "WOW ppu": "$3.00 / 100G"
  },
  {
    "Brand_Product_Size": "Whittaker's Block Peanut Butter 250g",
    "WOW Price": 6,
    "WOW Size": "250g",
    "WOW ppu": "$2.40 / 100G"
  },
  {
    "Brand_Product_Size": "Moredough Kitchens Premium Beef Stock 500mL",
    "WOW Price": 8,
    "WOW Size": "500mL",
    "WOW ppu": "$1.60 / 100ML"
  },
  {
    "Brand_Product_Size": "Olive Green Organics Spaghetti Tri Grain 300g",
    "WOW Price": 6,
    "WOW Size": "300g",
    "WOW ppu": "$2.00 / 100G"
  },
  {
    "Brand_Product_Size": "Better Choice Fisheries Crumbed Whiting Fillets 300g",
    "WOW Price": 9,
    "WOW Size": "300g",
    "WOW ppu": "$30.00 / 1KG"
  },
  {
    "Brand_Product_Size": "Better Choice Fisheries Crumbed Whiting Fillets 300g",
    "WOW Price": 9,
    "WOW Size": "300g",
    "WOW ppu": "$30.00 / 1KG"
  },
  {
    "Brand_Product_Size": "Nivea Q10 Pearls Anti-wrinkle Face Moisturiser Cream + Creatine 40mL",
    "WOW Price": 29.99,
    "WOW Size": "40mL",
    "WOW ppu": "$74.98 / 100ML"
  },
  {
    "Brand_Product_Size": "Adesso High Velocity Floor Fan 45cm each",
    "WOW Price": 50,
    "WOW Size": "each",
    "WOW ppu": ""
  },
  {
    "Brand_Product_Size": "Lifeline Donation $5.00 each",
    "WOW Price": 5,
    "WOW Size": "each",
    "WOW ppu": ""
  },
  {
    "Brand_Product_Size": "The Salvation Army Donation $5.00 each",
    "WOW Price": 5,
    "WOW Size": "each",
    "WOW ppu": ""
  },
  {
    "Brand_Product_Size": "Nuk Microwave Steam Steriliser each",
    "WOW Price": 40,
    "WOW Size": "each",
    "WOW ppu": "$40.00 / 1EA"
  },
  {
    "Brand_Product_Size": "Lifeline Donation $20.00 each",
    "WOW Price": 20,
    "WOW Size": "each",
    "WOW ppu": ""
  },
  {
    "Brand_Product_Size": "Wiltshire Salute Beer Glasses 425ml 4 pack",
    "WOW Price": 10.5,
    "WOW Size": "4 pack",
    "WOW ppu": ""
  },
  {
    "Brand_Product_Size": "Ozharvest Meal Donation $0.50 each",
    "WOW Price": 0.5,
    "WOW Size": "each",
    "WOW ppu": ""
  },
  {
    "Brand_Product_Size": "Paramount Salmon Red 210g",
    "WOW Price": 7,
    "WOW Size": "210g",
    "WOW ppu": "$33.33 / 1KG"
  },
  {
    "Brand_Product_Size": "Disney Mickey Mouse Dog Collar Large each",
    "WOW Price": 19,
    "WOW Size": "each",
    "WOW ppu": "$19.00 / 1EA"
  },
  {
    "Brand_Product_Size": "Vegeta Beef Stock Cubes 60g",
    "WOW Price": 2,
    "WOW Size": "60g",
    "WOW ppu": "$0.33 / 10G"
  },
  {
    "Brand_Product_Size": "The Gluten Free Food Co Mac & Cheez Chilli Cheez 200g",
    "WOW Price": 8.95,
    "WOW Size": "200g",
    "WOW ppu": "$4.48 / 100G"
  },
  {
    "Brand_Product_Size": "Schick Hydro 5 Groomer Razor Kit each",
    "WOW Price": 20,
    "WOW Size": "each",
    "WOW ppu": "$20.00 / 1EA"
  },
  {
    "Brand_Product_Size": "Mckenzie's Green Lentil Whole 1kg",
    "WOW Price": 3.95,
    "WOW Size": "1kg",
    "WOW ppu": "$0.40 / 100G"
  },
  {
    "Brand_Product_Size": "Modelco Tan Remover Soap 125g",
    "WOW Price": 12,
    "WOW Size": "125g",
    "WOW ppu": "$9.60 / 100G"
  },
  {
    "Brand_Product_Size": "Yumi's Aioli Dip 200g",
    "WOW Price": 4,
    "WOW Size": "200g",
    "WOW ppu": "$2.00 / 100G"
  },
  {
    "Brand_Product_Size": "The Salvation Army Donation $2.00 each",
    "WOW Price": 2,
    "WOW Size": "each",
    "WOW ppu": ""
  },
  {
    "Brand_Product_Size": "Hello Kitty Diamond Bow Pin Set each",
    "WOW Price": 8,
    "WOW Size": "each",
    "WOW ppu": ""
  },
  {
    "Brand_Product_Size": "Ambrosia Dessert Rice Pudding 400g",
    "WOW Price": 4.5,
    "WOW Size": "400g",
    "WOW ppu": "$1.13 / 100G"
  },
  {
    "Brand_Product_Size": "Nuby Teething Gel With Gumeez Teether each",
    "WOW Price": 9,
    "WOW Size": "each",
    "WOW ppu": "$9.00 / 1EA"
  },
  {
    "Brand_Product_Size": "Nivea Q10 Anti-wrinkle Vitamin C Sleep Cream Face Moisturiser 40mL",
    "WOW Price": 25,
    "WOW Size": "40mL",
    "WOW ppu": "$62.50 / 100ML"
  },
  {
    "Brand_Product_Size": "Kodak Cd-r Spindle 25 pack",
    "WOW Price": 12,
    "WOW Size": "25 pack",
    "WOW ppu": ""
  },
  {
    "Brand_Product_Size": "Variety Children's Charity Donation $5.00 each",
    "WOW Price": 5,
    "WOW Size": "each",
    "WOW ppu": ""
  },
  {
    "Brand_Product_Size": "Variety Children's Charity Donation $2.00 each",
    "WOW Price": 2,
    "WOW Size": "each",
    "WOW ppu": ""
  },
  {
    "Brand_Product_Size": "Noble Vegan Jerky Teriyaki 70g",
    "WOW Price": 9.95,
    "WOW Size": "70g",
    "WOW ppu": "$14.21 / 100G"
  },
  {
    "Brand_Product_Size": "Lifeline Donation $2.00 each",
    "WOW Price": 2,
    "WOW Size": "each",
    "WOW ppu": ""
  },
  {
    "Brand_Product_Size": "Wires Donation $2.00 each",
    "WOW Price": 2,
    "WOW Size": "each",
    "WOW ppu": ""
  },
  {
    "Brand_Product_Size": "Global Organics Organic Brown Lentils 400g",
    "WOW Price": 2,
    "WOW Size": "400g",
    "WOW ppu": "$5.00 / 1KG"
  },
  {
    "Brand_Product_Size": "Nivea Q10 Anti-age Hand Cream Moisturiser 70mL",
    "WOW Price": 5.5,
    "WOW Size": "70mL",
    "WOW ppu": "$7.86 / 100ML"
  },
  {
    "Brand_Product_Size": "Modelco Ultra Dark Tanning Lotion 200mL",
    "WOW Price": 20,
    "WOW Size": "200mL",
    "WOW ppu": "$10.00 / 100ML"
  },
  {
    "Brand_Product_Size": "Disney Mickey Mouse Dog Collar Small each",
    "WOW Price": 17,
    "WOW Size": "each",
    "WOW ppu": "$17.00 / 1EA"
  },
  {
    "Brand_Product_Size": "Swisse Ultivite Women's Multivitamin Tablets 120 pack",
    "WOW Price": 57,
    "WOW Size": "120 pack",
    "WOW ppu": "$47.50 / 100EA"
  },
  {
    "Brand_Product_Size": "Wires Donation $5.00 each",
    "WOW Price": 5,
    "WOW Size": "each",
    "WOW ppu": ""
  },
  {
    "Brand_Product_Size": "Moredough Kitchens Premium Chicken Stock 500mL",
    "WOW Price": 8,
    "WOW Size": "500mL",
    "WOW ppu": "$1.60 / 100ML"
  },
  {
    "Brand_Product_Size": "Foodbank Donation $2.00 each",
    "WOW Price": 2,
    "WOW Size": "each",
    "WOW ppu": ""
  },
  {
    "Brand_Product_Size": "Rufus & Coco Anxiety Aid 100g",
    "WOW Price": 25,
    "WOW Size": "100g",
    "WOW ppu": "$25.00 / 100G"
  },
  {
    "Brand_Product_Size": "Yumi's Aioli With Chilli Dip 200g",
    "WOW Price": 4,
    "WOW Size": "200g",
    "WOW ppu": "$2.00 / 100G"
  },
  {
    "Brand_Product_Size": "Olive Green Organics Spaghetti Quinoa & Rice 300g",
    "WOW Price": 6,
    "WOW Size": "300g",
    "WOW ppu": "$2.00 / 100G"
  },
  {
    "Brand_Product_Size": "Whittaker's Block Dark Almond 250g",
    "WOW Price": 6,
    "WOW Size": "250g",
    "WOW ppu": "$3.00 / 100G"
  },
  {
    "Brand_Product_Size": "Total Care Padded Dog Collar Large each",
    "WOW Price": 15.49,
    "WOW Size": "each",
    "WOW ppu": "$15.49 / 1EA"
  },
  {
    "Brand_Product_Size": "Tempo Mozzarella Cheese 250g",
    "WOW Price": 5.9,
    "WOW Size": "250g",
    "WOW ppu": "$23.60 / 1KG"
  },
  {
    "Brand_Product_Size": "Ozharvest Donation $2 each",
    "WOW Price": 2,
    "WOW Size": "each",
    "WOW ppu": ""
  },
  {
    "Brand_Product_Size": "Noble Vegan Jerky Sweet Bbq 70g",
    "WOW Price": 9.95,
    "WOW Size": "70g",
    "WOW ppu": "$14.21 / 100G"
  },
  {
    "Brand_Product_Size": "Zazres Gelt Taffy Coins 175g",
    "WOW Price": 7.75,
    "WOW Size": "175g",
    "WOW ppu": "$4.43 / 100G"
  },
  {
    "Brand_Product_Size": "Foodbank Donation $5.00 each",
    "WOW Price": 5,
    "WOW Size": "each",
    "WOW ppu": ""
  },
  {
    "Brand_Product_Size": "Total Care Retro Adjustable Collar Large each",
    "WOW Price": 13,
    "WOW Size": "each",
    "WOW ppu": "$13.00 / 1EA"
  },
  {
    "Brand_Product_Size": "Nature's Way Kids Smart Trio 180 pack",
    "WOW Price": 44,
    "WOW Size": "180 pack",
    "WOW ppu": "$24.44 / 100EA"
  },
  {
    "Brand_Product_Size": "Munch Cheese Tomato & Sesame Organic Crackers 200g",
    "WOW Price": 6.49,
    "WOW Size": "200g",
    "WOW ppu": "$3.25 / 100G"
  },
  {
    "Brand_Product_Size": "Adesso Box Fan 30cm each",
    "WOW Price": 25,
    "WOW Size": "each",
    "WOW ppu": ""
  },
  {
    "Brand_Product_Size": "Anzac Appeal $2 Donation each",
    "WOW Price": 2,
    "WOW Size": "each",
    "WOW ppu": ""
  },
  {
    "Brand_Product_Size": "Shneider's Dijon Mustard Large 350g",
    "WOW Price": 4,
    "WOW Size": "350g",
    "WOW ppu": "$1.14 / 100G"
  },
  {
    "Brand_Product_Size": "Rural Aid Donation $2.00 each",
    "WOW Price": 2,
    "WOW Size": "each",
    "WOW ppu": ""
  },
  {
    "Brand_Product_Size": "Moredough Kitchens Premium Vegetable Stock 500mL",
    "WOW Price": 8,
    "WOW Size": "500mL",
    "WOW ppu": "$1.60 / 100ML"
  },
  {
    "Brand_Product_Size": "Kodak Dvd R Print Spindle 25 pack",
    "WOW Price": 15,
    "WOW Size": "25 pack",
    "WOW ppu": ""
  },
  {
    "Brand_Product_Size": "Rosie Rose Spritz Bottle 330mL",
    "WOW Price": 8,
    "WOW Size": "330mL",
    "WOW ppu": ""
  },
  {
    "Brand_Product_Size": "Palmer's Coconut Firming Lotion 250mL",
    "WOW Price": 10.49,
    "WOW Size": "250mL",
    "WOW ppu": "$4.20 / 100ML"
  },
  {
    "Brand_Product_Size": "Whittaker's Block Almond Gold 250g",
    "WOW Price": 6,
    "WOW Size": "250g",
    "WOW ppu": "$3.00 / 100G"
  },
  {
    "Brand_Product_Size": "Sistema Square Bottle 725ml each",
    "WOW Price": 7,
    "WOW Size": "each",
    "WOW ppu": ""
  },
  {
    "Brand_Product_Size": "Colavita Extra Virgin Olive Oil Organic 500mL",
    "WOW Price": 15,
    "WOW Size": "500mL",
    "WOW ppu": "$3.00 / 100ML"
  },
  {
    "Brand_Product_Size": "Paynes Poppets Chewy Toffee 39g",
    "WOW Price": 1.5,
    "WOW Size": "39g",
    "WOW ppu": "$3.85 / 100G"
  },
  {
    "Brand_Product_Size": "Osem Biscuits Wafers Chocolate 250g",
    "WOW Price": 4.2,
    "WOW Size": "250g",
    "WOW ppu": "$1.68 / 100G"
  },
  {
    "Brand_Product_Size": "Philadelphia Classic Icing 230g",
    "WOW Price": 4.3,
    "WOW Size": "230g",
    "WOW ppu": "$18.70 / 1KG"
  },
  {
    "Brand_Product_Size": "Swisse Men's Ultivite Multivitamin 120 pack",
    "WOW Price": 57,
    "WOW Size": "120 pack",
    "WOW ppu": "$47.50 / 100EA"
  },
  {
    "Brand_Product_Size": "Sistema To Go Snack Capsule 515ml each",
    "WOW Price": 7,
    "WOW Size": "each",
    "WOW ppu": ""
  },
  {
    "Brand_Product_Size": "Nature First Traditional Rolled Oats Creamy Style Organic 500g",
    "WOW Price": 4.99,
    "WOW Size": "500g",
    "WOW ppu": "$1.00 / 100G"
  },
  {
    "Brand_Product_Size": "Vitapet Fish Algae Control 125mL",
    "WOW Price": 5.05,
    "WOW Size": "125mL",
    "WOW ppu": "$4.04 / 100ML"
  },
  {
    "Brand_Product_Size": "Mckenzie's Red Lentils 1kg",
    "WOW Price": 3.95,
    "WOW Size": "1kg",
    "WOW ppu": "$0.40 / 100G"
  },
  {
    "Brand_Product_Size": "Whittaker's Block Gahan Peppermint 250g",
    "WOW Price": 6,
    "WOW Size": "250g",
    "WOW ppu": "$2.40 / 100G"
  },
  {
    "Brand_Product_Size": "The Salvation Army Donation $20.00 each",
    "WOW Price": 20,
    "WOW Size": "each",
    "WOW ppu": ""
  },
  {
    "Brand_Product_Size": "The Gluten Free Food Co Mac & Cheez Porcini Cheez 200g",
    "WOW Price": 8.95,
    "WOW Size": "200g",
    "WOW ppu": "$4.48 / 100G"
  },
  {
    "Brand_Product_Size": "Whittaker's Block Rum & Raisin 250g",
    "WOW Price": 6,
    "WOW Size": "250g",
    "WOW ppu": "$2.40 / 100G"
  },
  {
    "Brand_Product_Size": "Bru Original Mixed Coffee With Chicory Jar 200g",
    "WOW Price": 9.95,
    "WOW Size": "200g",
    "WOW ppu": "$4.98 / 100G"
  },
  {
    "Brand_Product_Size": "Vo5 Extreme Style Clay Paste Matt Finish For Definition 85g",
    "WOW Price": 7.5,
    "WOW Size": "85g",
    "WOW ppu": "$8.82 / 100G"
  },
  {
    "Brand_Product_Size": "Woolworths Fashion Stationery Set each",
    "WOW Price": 8,
    "WOW Size": "each",
    "WOW ppu": ""
  },
  {
    "Brand_Product_Size": "Zazres Gelt Taffy Coins 175g",
    "WOW Price": 7.75,
    "WOW Size": "175g",
    "WOW ppu": "$4.43 / 100G"
  },
  {
    "Brand_Product_Size": "The Gluten Free Food Co Mac & Cheez Original Cheez 200g",
    "WOW Price": 8.95,
    "WOW Size": "200g",
    "WOW ppu": "$4.48 / 100G"
  },
  {
    "Brand_Product_Size": "Toshiba Usb 3.0 Be03 16gb each",
    "WOW Price": 16,
    "WOW Size": "each",
    "WOW ppu": ""
  },
  {
    "Brand_Product_Size": "The Gluten Free Food Co Mac & Cheez Cheez&chive 200g",
    "WOW Price": 8.95,
    "WOW Size": "200g",
    "WOW ppu": "$4.48 / 100G"
  },
  {
    "Brand_Product_Size": "Wires Donation $20.00 each",
    "WOW Price": 20,
    "WOW Size": "each",
    "WOW ppu": ""
  },
  {
    "Brand_Product_Size": "Ozharvest Donation $5 each",
    "WOW Price": 5,
    "WOW Size": "each",
    "WOW ppu": ""
  },
  {
    "Brand_Product_Size": "Whittaker's Block Dark Ghana 250g",
    "WOW Price": 6,
    "WOW Size": "250g",
    "WOW ppu": "$2.40 / 100G"
  },
  {
    "Brand_Product_Size": "Morlife Fruit Goji Berries 150g",
    "WOW Price": 7.95,
    "WOW Size": "150g",
    "WOW ppu": "$53.00 / 1KG"
  },
  {
    "Brand_Product_Size": "Prince Natural Tahini 500g",
    "WOW Price": 8,
    "WOW Size": "500g",
    "WOW ppu": "$1.60 / 100G"
  },
  {
    "Brand_Product_Size": "Rural Aid Donation $20.00 each",
    "WOW Price": 20,
    "WOW Size": "each",
    "WOW ppu": ""
  },
  {
    "Brand_Product_Size": "Whittaker's Artisan Marlborough Sea Salt & Caramel Brittle 33% 100g",
    "WOW Price": 4.5,
    "WOW Size": "100g",
    "WOW ppu": "$4.50 / 100G"
  },
  {
    "Brand_Product_Size": "Mint Medium Oval Platter Stoneware each",
    "WOW Price": 9,
    "WOW Size": "each",
    "WOW ppu": ""
  },
  {
    "Brand_Product_Size": "Mckenzie's Soup Mix 500g",
    "WOW Price": 1.45,
    "WOW Size": "500g",
    "WOW ppu": "$0.29 / 100G"
  },
  {
    "Brand_Product_Size": "Lexar Usb 3.0 V100 16gb each",
    "WOW Price": 16,
    "WOW Size": "each",
    "WOW ppu": ""
  },
  {
    "Brand_Product_Size": "Osem African Cous Cous 340g",
    "WOW Price": 5.2,
    "WOW Size": "340g",
    "WOW ppu": "$1.53 / 100G"
  },
  {
    "Brand_Product_Size": "Osem Noodles Chicken Soup Flavour 53g",
    "WOW Price": 2.1,
    "WOW Size": "53g",
    "WOW ppu": "$3.96 / 100G"
  },
  {
    "Brand_Product_Size": "Whittaker's Block Creamy Caramel 33% Cocoa 250g",
    "WOW Price": 6,
    "WOW Size": "250g",
    "WOW ppu": "$2.40 / 100G"
  },
  {
    "Brand_Product_Size": "Eskal Herring Salad 375g",
    "WOW Price": 6,
    "WOW Size": "375g",
    "WOW ppu": "$16.00 / 1KG"
  },
  {
    "Brand_Product_Size": "Manamin Vanilla Wafers 200g",
    "WOW Price": 2.5,
    "WOW Size": "200g",
    "WOW ppu": "$1.25 / 100G"
  },
  {
    "Brand_Product_Size": "Shneider's Toast Rounds 300g",
    "WOW Price": 6.5,
    "WOW Size": "300g",
    "WOW ppu": "$2.17 / 100G"
  },
  {
    "Brand_Product_Size": "Aviv Matzo 450g",
    "WOW Price": 4.75,
    "WOW Size": "450g",
    "WOW ppu": "$1.06 / 100G"
  },
  {
    "Brand_Product_Size": "Yehda Gefilte Fish Original 679g",
    "WOW Price": 14,
    "WOW Size": "679g",
    "WOW ppu": "$2.06 / 100G"
  },
  {
    "Brand_Product_Size": "Canon Pgi680 Black Ink Tank each",
    "WOW Price": 22,
    "WOW Size": "each",
    "WOW ppu": ""
  },
  {
    "Brand_Product_Size": "Absolutely Gluten Free Everything Flatbread Cracker 150g",
    "WOW Price": 9.5,
    "WOW Size": "150g",
    "WOW ppu": "$6.33 / 100G"
  },
  {
    "Brand_Product_Size": "Malt Star Drinks 330mL",
    "WOW Price": 1.6,
    "WOW Size": "330mL",
    "WOW ppu": "$0.48 / 100ML"
  },
  {
    "Brand_Product_Size": "Palmolive Antibacterial Travel Hand Sanitiser Cherry Blossom 48mL",
    "WOW Price": 3,
    "WOW Size": "48mL",
    "WOW ppu": "$6.25 / 100ML"
  },
  {
    "Brand_Product_Size": "Forrelli Salt & Vinegar Rice Cracker 100g",
    "WOW Price": 2.65,
    "WOW Size": "100g",
    "WOW ppu": "$2.65 / 100G"
  },
  {
    "Brand_Product_Size": "Wiltshire Slice Brownie Pan each",
    "WOW Price": 9,
    "WOW Size": "each",
    "WOW ppu": ""
  },
  {
    "Brand_Product_Size": "Schneider's Snacks Danish Biscuits 200g",
    "WOW Price": 5,
    "WOW Size": "200g",
    "WOW ppu": "$2.50 / 100G"
  },
  {
    "Brand_Product_Size": "Armor All Microfibre 2 In 1 Detailing Cloth each",
    "WOW Price": 13,
    "WOW Size": "each",
    "WOW ppu": "$13.00 / 1EA"
  },
  {
    "Brand_Product_Size": "Hadar Snacks Biscuits Sandwich Tirosh 175g",
    "WOW Price": 3.5,
    "WOW Size": "175g",
    "WOW ppu": "$2.00 / 100G"
  },
  {
    "Brand_Product_Size": "Blue M Raspberry Jam 220g",
    "WOW Price": 6.5,
    "WOW Size": "220g",
    "WOW ppu": "$2.95 / 100G"
  },
  {
    "Brand_Product_Size": "Nature's Way Vegan Omega 1000mg 150 pack",
    "WOW Price": 20,
    "WOW Size": "150 pack",
    "WOW ppu": "$13.33 / 100EA"
  },
  {
    "Brand_Product_Size": "Vittoria Coffee Christmas Hamper each",
    "WOW Price": 32,
    "WOW Size": "each",
    "WOW ppu": "$32.00 / 1EA"
  },
  {
    "Brand_Product_Size": "Vittoria Coffee Christmas Hamper each",
    "WOW Price": 32,
    "WOW Size": "each",
    "WOW ppu": "$32.00 / 1EA"
  },
  {
    "Brand_Product_Size": "Allure By Tempo Low Fat Yoghurt 200g",
    "WOW Price": 2.8,
    "WOW Size": "200g",
    "WOW ppu": "$1.40 / 100G"
  },
  {
    "Brand_Product_Size": "Thisit Classic Italian Dressing 300mL",
    "WOW Price": 4,
    "WOW Size": "300mL",
    "WOW ppu": "$1.33 / 100ML"
  },
  {
    "Brand_Product_Size": "Allure By Tempo Fruit & Mango Yoghurt 200g",
    "WOW Price": 2.8,
    "WOW Size": "200g",
    "WOW ppu": "$1.40 / 100G"
  },
  {
    "Brand_Product_Size": "Protea Foods Biltong Stokkies Peri Peri 200g",
    "WOW Price": 22,
    "WOW Size": "200g",
    "WOW ppu": "$11.00 / 100G"
  },
  {
    "Brand_Product_Size": "Huggie 40 Days Freshness Fabric Softener 1L",
    "WOW Price": 8,
    "WOW Size": "1L",
    "WOW ppu": "$8.00 / 1L"
  },
  {
    "Brand_Product_Size": "Equal Plus With Prebiotic 240g",
    "WOW Price": 7.9,
    "WOW Size": "240g",
    "WOW ppu": "$3.29 / 100G"
  },
  {
    "Brand_Product_Size": "Bonds Ladies Organics Bikini Size 14 Assorted 2 pack",
    "WOW Price": 24,
    "WOW Size": "2 pack",
    "WOW ppu": ""
  },
  {
    "Brand_Product_Size": "Mars Snacks Revels Small Bag 35g",
    "WOW Price": 2.1,
    "WOW Size": "35g",
    "WOW ppu": "$6.00 / 100G"
  },
  {
    "Brand_Product_Size": "Essentials Egg Cup Set 2 pack",
    "WOW Price": 1.8,
    "WOW Size": "2 pack",
    "WOW ppu": ""
  },
  {
    "Brand_Product_Size": "Darikay Classic Pumpkin Soup 550g",
    "WOW Price": 6.5,
    "WOW Size": "550g",
    "WOW ppu": "$1.18 / 100G"
  },
  {
    "Brand_Product_Size": "Playgro Chewy Stack & Nest Cups each",
    "WOW Price": 8,
    "WOW Size": "each",
    "WOW ppu": ""
  },
  {
    "Brand_Product_Size": "Edgell Green Peas Green 220g",
    "WOW Price": 1.1,
    "WOW Size": "220g",
    "WOW ppu": "$5.00 / 1KG"
  },
  {
    "Brand_Product_Size": "Hasbro Mr Potato Head Chips Assorted each",
    "WOW Price": 9,
    "WOW Size": "each",
    "WOW ppu": ""
  },
  {
    "Brand_Product_Size": "Hasbro Mr Potato Head Chips Assorted each",
    "WOW Price": 9,
    "WOW Size": "each",
    "WOW ppu": ""
  },
  {
    "Brand_Product_Size": "Hasbro Yahtzee Classic each",
    "WOW Price": 20,
    "WOW Size": "each",
    "WOW ppu": ""
  },
  {
    "Brand_Product_Size": "Parle G Biscuit 799g",
    "WOW Price": 5,
    "WOW Size": "799g",
    "WOW ppu": "$0.63 / 100G"
  },
  {
    "Brand_Product_Size": "Robertsons Fruit Mix Mince 410g",
    "WOW Price": 4.8,
    "WOW Size": "410g",
    "WOW ppu": "$11.71 / 1KG"
  },
  {
    "Brand_Product_Size": "Batiste Brunette Dry Shampoo 400mL",
    "WOW Price": 20,
    "WOW Size": "400mL",
    "WOW ppu": "$5.00 / 100ML"
  },
  {
    "Brand_Product_Size": "Purina Totalcare Fashion Dog Collar Medium Assorted each",
    "WOW Price": 18,
    "WOW Size": "each",
    "WOW ppu": "$18.00 / 1EA"
  },
  {
    "Brand_Product_Size": "Mint Wooden Paddle Board With Marble Finish each",
    "WOW Price": 16,
    "WOW Size": "each",
    "WOW ppu": ""
  },
  {
    "Brand_Product_Size": "Faber-castell Classic Colour & Pastel Pencils 18 pack",
    "WOW Price": 8,
    "WOW Size": "18 pack",
    "WOW ppu": ""
  },
  {
    "Brand_Product_Size": "Pukka Tea Bags Three Ginger 20 pack",
    "WOW Price": 7.5,
    "WOW Size": "20 pack",
    "WOW ppu": "$0.38 / 1EA"
  },
  {
    "Brand_Product_Size": "Pukka Tea Bags Three Ginger 20 pack",
    "WOW Price": 7.5,
    "WOW Size": "20 pack",
    "WOW ppu": "$0.38 / 1EA"
  },
  {
    "Brand_Product_Size": "Underworks All Day Mens Cushioned Foot Socks Taupe Size 7-10 2 pack",
    "WOW Price": 15,
    "WOW Size": "2 pack",
    "WOW ppu": ""
  },
  {
    "Brand_Product_Size": "Yumi's Ocean Trout Smoked 150g",
    "WOW Price": 10,
    "WOW Size": "150g",
    "WOW ppu": "$66.67 / 1KG"
  },
  {
    "Brand_Product_Size": "Sonoma Country White Sourdough 640g",
    "WOW Price": 7.5,
    "WOW Size": "640g",
    "WOW ppu": "$1.17 / 100G"
  },
  {
    "Brand_Product_Size": "Sonoma Whole Wheat Miche 605g",
    "WOW Price": 7.5,
    "WOW Size": "605g",
    "WOW ppu": "$1.24 / 100G"
  },
  {
    "Brand_Product_Size": "Gillette Fusion5 Razor Starter Kit each",
    "WOW Price": 18,
    "WOW Size": "each",
    "WOW ppu": "$18.00 / 1EA"
  },
  {
    "Brand_Product_Size": "Connect Foods Roast Black Beans Cocoa & Sea Salt 125g",
    "WOW Price": 3,
    "WOW Size": "125g",
    "WOW ppu": "$2.40 / 100G"
  },
  {
    "Brand_Product_Size": "Capilano Manuka Honey Mgo 300+ 340g",
    "WOW Price": 24,
    "WOW Size": "340g",
    "WOW ppu": "$7.06 / 100G"
  },
  {
    "Brand_Product_Size": "Purina Totalcare Fashion Dog Collar Large Assorted each",
    "WOW Price": 19,
    "WOW Size": "each",
    "WOW ppu": "$19.00 / 1EA"
  },
  {
    "Brand_Product_Size": "Edgell Corn Kernels 125g",
    "WOW Price": 1.1,
    "WOW Size": "125g",
    "WOW ppu": "$8.80 / 1KG"
  },
  {
    "Brand_Product_Size": "Csr White Sugar Cubes 450g",
    "WOW Price": 4.5,
    "WOW Size": "450g",
    "WOW ppu": "$1.00 / 100G"
  },
  {
    "Brand_Product_Size": "Spc Tropics Pineapple Pieces In Syrup 432g",
    "WOW Price": 2.8,
    "WOW Size": "432g",
    "WOW ppu": "$6.48 / 1KG"
  },
  {
    "Brand_Product_Size": "The Market Grocer Hot Wasabi Peas 250g",
    "WOW Price": 4.65,
    "WOW Size": "250g",
    "WOW ppu": "$1.86 / 100G"
  },
  {
    "Brand_Product_Size": "Westmont Pickles Chilli 500g",
    "WOW Price": 6.5,
    "WOW Size": "500g",
    "WOW ppu": "$1.30 / 100G"
  },
  {
    "Brand_Product_Size": "Deep Heat Sensocream 250g",
    "WOW Price": 35,
    "WOW Size": "250g",
    "WOW ppu": "$14.00 / 100G"
  },
  {
    "Brand_Product_Size": "Vincinni Wafers Cocoa 250g",
    "WOW Price": 3.4,
    "WOW Size": "250g",
    "WOW ppu": "$1.36 / 100G"
  },
  {
    "Brand_Product_Size": "Doritos Crackers Nacho Cheese 160g",
    "WOW Price": 2,
    "WOW Size": "160g",
    "WOW ppu": "$1.25 / 100G"
  },
  {
    "Brand_Product_Size": "Kedem Drinks Muscat Grape Juice 650mL",
    "WOW Price": 7.5,
    "WOW Size": "650mL",
    "WOW ppu": "$1.15 / 100ML"
  },
  {
    "Brand_Product_Size": "Ecotools Classic Foundation Brush each",
    "WOW Price": 7,
    "WOW Size": "each",
    "WOW ppu": "$7.00 / 1EA"
  },
  {
    "Brand_Product_Size": "Bonds Wonderbodies Size 000 To 2 each",
    "WOW Price": 13.2,
    "WOW Size": "each",
    "WOW ppu": ""
  },
  {
    "Brand_Product_Size": "Munch Organic Sunflower Seeds Spelt Crackers 200g",
    "WOW Price": 6.5,
    "WOW Size": "200g",
    "WOW ppu": "$3.25 / 100G"
  },
  {
    "Brand_Product_Size": "The Market Grocer Traditional Rice Cracker 200g",
    "WOW Price": 2.79,
    "WOW Size": "200g",
    "WOW ppu": "$1.40 / 100G"
  },
  {
    "Brand_Product_Size": "Jackson Outbound Travel Adaptor With 2x Usb Charging Outlets each",
    "WOW Price": 25,
    "WOW Size": "each",
    "WOW ppu": ""
  },
  {
    "Brand_Product_Size": "D'lish Ready To Eat Chicken Haleem 300g",
    "WOW Price": 5.5,
    "WOW Size": "300g",
    "WOW ppu": "$1.83 / 100G"
  },
  {
    "Brand_Product_Size": "Pukka Tea Bags Lemon Ginger & Manuka Honey 20 pack",
    "WOW Price": 7.5,
    "WOW Size": "20 pack",
    "WOW ppu": "$0.38 / 1EA"
  },
  {
    "Brand_Product_Size": "Pukka Tea Bags Lemon Ginger & Manuka Honey 20 pack",
    "WOW Price": 7.5,
    "WOW Size": "20 pack",
    "WOW ppu": "$0.38 / 1EA"
  },
  {
    "Brand_Product_Size": "Vego Hazelnut Chocolate Spread Crunchy 200g",
    "WOW Price": 8.95,
    "WOW Size": "200g",
    "WOW ppu": "$4.48 / 100G"
  },
  {
    "Brand_Product_Size": "Nong Shim Noodles Neo Guri 120g x5 pack",
    "WOW Price": 7,
    "WOW Size": "120g x5 pack",
    "WOW ppu": "$1.17 / 100G"
  },
  {
    "Brand_Product_Size": "Fresh Bake Almond Squares 280g",
    "WOW Price": 2.5,
    "WOW Size": "280g",
    "WOW ppu": "$0.89 / 100G"
  },
  {
    "Brand_Product_Size": "Aunt Betty's Whipped Cream Chocolate Heaven 250mL",
    "WOW Price": 4,
    "WOW Size": "250mL",
    "WOW ppu": "$1.60 / 100ML"
  },
  {
    "Brand_Product_Size": "Essentials Laundry Soap 4 pack",
    "WOW Price": 1.99,
    "WOW Size": "4 pack",
    "WOW ppu": "$0.50 / 1EA"
  },
  {
    "Brand_Product_Size": "Hawkins Futura Hard Anodised Tava each",
    "WOW Price": 32,
    "WOW Size": "each",
    "WOW ppu": "$32.00 / 1EA"
  },
  {
    "Brand_Product_Size": "Clio Smooth Footlet Assorted One Size each",
    "WOW Price": 5,
    "WOW Size": "each",
    "WOW ppu": ""
  },
  {
    "Brand_Product_Size": "Woolworths Yellowfin Tuna With Mild Gherkin 95g",
    "WOW Price": 1.3,
    "WOW Size": "95g",
    "WOW ppu": "$13.68 / 1KG"
  },
  {
    "Brand_Product_Size": "Paxo Stuffing Sage & Onion 170g",
    "WOW Price": 5.5,
    "WOW Size": "170g",
    "WOW ppu": "$3.24 / 100G"
  },
  {
    "Brand_Product_Size": "Oli & Vine Premium Tangy Herb Mayonnaise 230mL",
    "WOW Price": 5,
    "WOW Size": "230mL",
    "WOW ppu": "$2.17 / 100ML"
  },
  {
    "Brand_Product_Size": "Inspire Hanging Wardrobe Organiser 10 Shelf Narrow each",
    "WOW Price": 7.5,
    "WOW Size": "each",
    "WOW ppu": ""
  },
  {
    "Brand_Product_Size": "Woolworths For Ladies Low Cut Socks Plain Black Size 8-11 3 pack",
    "WOW Price": 7,
    "WOW Size": "3 pack",
    "WOW ppu": "$2.33 / 1EA"
  },
  {
    "Brand_Product_Size": "Kikkoman Soy Sauce Soy 250mL",
    "WOW Price": 5.25,
    "WOW Size": "250mL",
    "WOW ppu": "$2.10 / 100ML"
  },
  {
    "Brand_Product_Size": "Magic Multi-use Descaler 2x40g",
    "WOW Price": 5.6,
    "WOW Size": "2x40g",
    "WOW ppu": "$7.00 / 100G"
  },
  {
    "Brand_Product_Size": "Paramount Salmon Pink 210g",
    "WOW Price": 5,
    "WOW Size": "210g",
    "WOW ppu": "$23.81 / 1KG"
  },
  {
    "Brand_Product_Size": "Marco Polo European Foods Semolina 750g",
    "WOW Price": 2.99,
    "WOW Size": "750g",
    "WOW ppu": "$0.40 / 100G"
  },
  {
    "Brand_Product_Size": "Uludag Orange Drink 1.5L",
    "WOW Price": 2.5,
    "WOW Size": "1.5L",
    "WOW ppu": "$0.17 / 100ML"
  },
  {
    "Brand_Product_Size": "Osem Chicken Flavour 400g",
    "WOW Price": 8.25,
    "WOW Size": "400g",
    "WOW ppu": "$2.06 / 100G"
  },
  {
    "Brand_Product_Size": "Korbond Seam Ripper 2 pack",
    "WOW Price": 3,
    "WOW Size": "2 pack",
    "WOW ppu": ""
  },
  {
    "Brand_Product_Size": "Hoyt's Vanilla Beans each",
    "WOW Price": 6.3,
    "WOW Size": "each",
    "WOW ppu": ""
  },
  {
    "Brand_Product_Size": "Farmer Jo Muesli Burnt Fig & Cinnamon 400g",
    "WOW Price": 15,
    "WOW Size": "400g",
    "WOW ppu": "$3.75 / 100G"
  },
  {
    "Brand_Product_Size": "The Natural Cracker Co. Roast Chicken Crispy Crackers 160g",
    "WOW Price": 3.5,
    "WOW Size": "160g",
    "WOW ppu": "$2.19 / 100G"
  },
  {
    "Brand_Product_Size": "Woolworths Essentials Underwear Boy's Basic Briefs Size 6-7 each",
    "WOW Price": 8,
    "WOW Size": "each",
    "WOW ppu": "$1.60 / 1EA"
  },
  {
    "Brand_Product_Size": "Korbond Decorative Garland 42g",
    "WOW Price": 3,
    "WOW Size": "42g",
    "WOW ppu": "$3.00 / 1EA"
  },
  {
    "Brand_Product_Size": "Wiltshire Square Pan 20cm each",
    "WOW Price": 8,
    "WOW Size": "each",
    "WOW ppu": ""
  },
  {
    "Brand_Product_Size": "Hoyt's Mustard Seed 25g",
    "WOW Price": 1.3,
    "WOW Size": "25g",
    "WOW ppu": "$0.52 / 10G"
  },
  {
    "Brand_Product_Size": "So Delicious Dairy Free Salted Caramel N Choc Chip Cashew Ice Cream 473mL",
    "WOW Price": 12,
    "WOW Size": "473mL",
    "WOW ppu": "$2.54 / 100ML"
  },
  {
    "Brand_Product_Size": "Maggi Fusian Soupy Noodles Korean Style Kimchi 5 pack",
    "WOW Price": 3.95,
    "WOW Size": "5 pack",
    "WOW ppu": "$1.11 / 100G"
  },
  {
    "Brand_Product_Size": "Essentials Oval Platter each",
    "WOW Price": 8,
    "WOW Size": "each",
    "WOW ppu": ""
  },
  {
    "Brand_Product_Size": "Cycle Pure Agarbathies Incense 100 sticks",
    "WOW Price": 3,
    "WOW Size": "100 sticks",
    "WOW ppu": "$0.03 / 1EA"
  },
  {
    "Brand_Product_Size": "Campbell's Chicken Noodle Condensed Soup 420g",
    "WOW Price": 1.7,
    "WOW Size": "420g",
    "WOW ppu": "$0.43 / 100G"
  },
  {
    "Brand_Product_Size": "Dhara Sunflower Oil 5L",
    "WOW Price": 20,
    "WOW Size": "5L",
    "WOW ppu": "$0.40 / 100ML"
  },
  {
    "Brand_Product_Size": "Hoyt's Pine Nuts 25g",
    "WOW Price": 3.2,
    "WOW Size": "25g",
    "WOW ppu": "$1.28 / 10G"
  },
  {
    "Brand_Product_Size": "Maggie Beer Pasta Sauce Sugo Tomato Chilli 500mL",
    "WOW Price": 11.99,
    "WOW Size": "500mL",
    "WOW ppu": "$2.40 / 100G"
  },
  {
    "Brand_Product_Size": "The Market Grocer Chocolate Pretzels 200g",
    "WOW Price": 4.6,
    "WOW Size": "200g",
    "WOW ppu": "$23.00 / 1KG"
  },
  {
    "Brand_Product_Size": "Laziza Karahi Fry Masala 90g",
    "WOW Price": 2.2,
    "WOW Size": "90g",
    "WOW ppu": "$2.44 / 100G"
  },
  {
    "Brand_Product_Size": "Toshiba Usb 3.0 Be03 32gb each",
    "WOW Price": 22,
    "WOW Size": "each",
    "WOW ppu": ""
  },
  {
    "Brand_Product_Size": "Mamee Corntos Tangy Cheese 30 pack",
    "WOW Price": 13,
    "WOW Size": "30 pack",
    "WOW ppu": "$2.17 / 100G"
  },
  {
    "Brand_Product_Size": "Mamee Corntos Zesty Bbq 30 pack",
    "WOW Price": 13,
    "WOW Size": "30 pack",
    "WOW ppu": "$2.17 / 100G"
  },
  {
    "Brand_Product_Size": "Napro Palette 7-46 Light Brown Mocha each",
    "WOW Price": 3.97,
    "WOW Size": "each",
    "WOW ppu": ""
  },
  {
    "Brand_Product_Size": "Heinz Baked Beans No Added Sugar 220g",
    "WOW Price": 1.65,
    "WOW Size": "220g",
    "WOW ppu": "$0.75 / 100G"
  },
  {
    "Brand_Product_Size": "Cook Ghee 400g",
    "WOW Price": 8.5,
    "WOW Size": "400g",
    "WOW ppu": "$2.13 / 100G"
  },
  {
    "Brand_Product_Size": "Bambino Roasted Vermicelli 800g",
    "WOW Price": 4,
    "WOW Size": "800g",
    "WOW ppu": "$0.50 / 100G"
  },
  {
    "Brand_Product_Size": "Kushi Pink Guava Juice 1L",
    "WOW Price": 2,
    "WOW Size": "1L",
    "WOW ppu": "$0.20 / 100ML"
  },
  {
    "Brand_Product_Size": "Blue Dinosaur Cacao Mint Paleo Bars 45g",
    "WOW Price": 3.6,
    "WOW Size": "45g",
    "WOW ppu": "$8.00 / 100G"
  },
  {
    "Brand_Product_Size": "Sonoma Country White Baguette 320g",
    "WOW Price": 5.5,
    "WOW Size": "320g",
    "WOW ppu": "$1.72 / 100G"
  },
  {
    "Brand_Product_Size": "Woolworths Essentials Traditional Muesli 900g",
    "WOW Price": 2.5,
    "WOW Size": "900g",
    "WOW ppu": "$0.28 / 100G"
  },
  {
    "Brand_Product_Size": "Greenseas Tuna In Spring Water In Spring Water 425g",
    "WOW Price": 5,
    "WOW Size": "425g",
    "WOW ppu": "$11.76 / 1KG"
  },
  {
    "Brand_Product_Size": "Haldiram's Rasmalai 1kg",
    "WOW Price": 6,
    "WOW Size": "1kg",
    "WOW ppu": "$0.60 / 100G"
  },
  {
    "Brand_Product_Size": "Mint Non-slip Base Box Grater each",
    "WOW Price": 4.2,
    "WOW Size": "each",
    "WOW ppu": ""
  },
  {
    "Brand_Product_Size": "Gravox Gravy Mix Lite Supreme 425g",
    "WOW Price": 4.95,
    "WOW Size": "425g",
    "WOW ppu": "$0.12 / 10G"
  },
  {
    "Brand_Product_Size": "Revlon Color Stay Liquid Eye Liner Blackest Black 2.5mL",
    "WOW Price": 13,
    "WOW Size": "2.5mL",
    "WOW ppu": "$52.00 / 10ML"
  },
  {
    "Brand_Product_Size": "Cover Girl Outlast Lip Universal Nude 30g",
    "WOW Price": 10.5,
    "WOW Size": "30g",
    "WOW ppu": "$3.50 / 10G"
  },
  {
    "Brand_Product_Size": "Pantene Pro-v Smooth Nourishing Serum 100mL",
    "WOW Price": 8.5,
    "WOW Size": "100mL",
    "WOW ppu": "$8.50 / 100ML"
  },
  {
    "Brand_Product_Size": "Mcobeauty Mint Lip Balm 15g",
    "WOW Price": 5,
    "WOW Size": "15g",
    "WOW ppu": "$3.33 / 10G"
  },
  {
    "Brand_Product_Size": "Maybelline City Mini Palette Eye Shadow Chilli Bronze 4g",
    "WOW Price": 10,
    "WOW Size": "4g",
    "WOW ppu": "$25.00 / 10G"
  },
  {
    "Brand_Product_Size": "Revlon Photoready Candid Concealer Creme Brule 10mL",
    "WOW Price": 10,
    "WOW Size": "10mL",
    "WOW ppu": "$10.00 / 10ML"
  },
  {
    "Brand_Product_Size": "Maybelline Master Prime Anti Redness 30mL",
    "WOW Price": 9,
    "WOW Size": "30mL",
    "WOW ppu": "$3.00 / 10ML"
  },
  {
    "Brand_Product_Size": "Love Luna Reusable Superpad Black Onesize each",
    "WOW Price": 10,
    "WOW Size": "each",
    "WOW ppu": "$10.00 / 1EA"
  },
  {
    "Brand_Product_Size": "Eskal Gefilte Fish 570g",
    "WOW Price": 6.25,
    "WOW Size": "570g",
    "WOW ppu": "$1.10 / 100G"
  },
  {
    "Brand_Product_Size": "Wonder Active Low Gi Soft White Bread 680g",
    "WOW Price": 3.4,
    "WOW Size": "680g",
    "WOW ppu": "$0.50 / 100G"
  },
  {
    "Brand_Product_Size": "Gullon No Added Sugar Breakfast Biscuits Yoghurt 220g",
    "WOW Price": 4.4,
    "WOW Size": "220g",
    "WOW ppu": "$2.00 / 100G"
  },
  {
    "Brand_Product_Size": "Tip Top Sunblest White Thick Sliced Bread 650g",
    "WOW Price": 3,
    "WOW Size": "650g",
    "WOW ppu": "$0.46 / 100G"
  },
  {
    "Brand_Product_Size": "Woolworths Bread White Extra Soft Loaf 680g",
    "WOW Price": 2,
    "WOW Size": "680g",
    "WOW ppu": "$0.29 / 100G"
  },
  {
    "Brand_Product_Size": "Woolworths Bread White Extra Soft Loaf 680g",
    "WOW Price": 2,
    "WOW Size": "680g",
    "WOW ppu": "$0.29 / 100G"
  },
  {
    "Brand_Product_Size": "Tip Top Sunblest Wholemeal Sandwich 650g",
    "WOW Price": 3,
    "WOW Size": "650g",
    "WOW ppu": "$0.46 / 100G"
  },
  {
    "Brand_Product_Size": "John Sands Large Gift Bag Blue each",
    "WOW Price": 2,
    "WOW Size": "each",
    "WOW ppu": ""
  },
  {
    "Brand_Product_Size": "John Sands Medium Gift Bag Pink each",
    "WOW Price": 1.5,
    "WOW Size": "each",
    "WOW ppu": ""
  },
  {
    "Brand_Product_Size": "Helga's Sourdough Wraps 7 pack",
    "WOW Price": 5,
    "WOW Size": "7 pack",
    "WOW ppu": "$1.02 / 100G"
  },
  {
    "Brand_Product_Size": "Helga's Bread Traditional White 750g",
    "WOW Price": 3.9,
    "WOW Size": "750g",
    "WOW ppu": "$0.52 / 100G"
  },
  {
    "Brand_Product_Size": "John Sands Large Gift Bag Painterley Spot each",
    "WOW Price": 7.99,
    "WOW Size": "each",
    "WOW ppu": ""
  },
  {
    "Brand_Product_Size": "Helga's Traditional Wholemeal Mini Loaf 360g",
    "WOW Price": 2.9,
    "WOW Size": "360g",
    "WOW ppu": "$0.81 / 100G"
  },
  {
    "Brand_Product_Size": "Burgen Hemp Seeds & Grains Loaf 700g",
    "WOW Price": 5,
    "WOW Size": "700g",
    "WOW ppu": "$0.71 / 100G"
  },
  {
    "Brand_Product_Size": "Wonder Wholemeal Mini Loaf 350g",
    "WOW Price": 2.5,
    "WOW Size": "350g",
    "WOW ppu": "$0.78 / 100G"
  },
  {
    "Brand_Product_Size": "Woolworths English Muffins 6 pack",
    "WOW Price": 2.1,
    "WOW Size": "6 pack",
    "WOW ppu": "$0.35 / 1EA"
  },
  {
    "Brand_Product_Size": "Woolworths Bread White Extra Soft Loaf 800g",
    "WOW Price": 3,
    "WOW Size": "800g",
    "WOW ppu": "$0.38 / 100G"
  },
  {
    "Brand_Product_Size": "Woolworths Bread White Extra Soft Loaf 800g",
    "WOW Price": 3,
    "WOW Size": "800g",
    "WOW ppu": "$0.38 / 100G"
  },
  {
    "Brand_Product_Size": "Woolworths Bread Grain Loaf 800g",
    "WOW Price": 3,
    "WOW Size": "800g",
    "WOW ppu": "$0.38 / 100G"
  },
  {
    "Brand_Product_Size": "Woolworths Bread Grain Loaf 800g",
    "WOW Price": 3,
    "WOW Size": "800g",
    "WOW ppu": "$0.38 / 100G"
  },
  {
    "Brand_Product_Size": "Mighty Soft Raisin Toast 600g",
    "WOW Price": 5.5,
    "WOW Size": "600g",
    "WOW ppu": "$0.92 / 100G"
  },
  {
    "Brand_Product_Size": "Burgen Bread Wholemeal & Seeds 700g",
    "WOW Price": 5,
    "WOW Size": "700g",
    "WOW ppu": "$0.71 / 100G"
  },
  {
    "Brand_Product_Size": "Wonder White Bread Vitamins & Minerals Sandwich 700g",
    "WOW Price": 3.4,
    "WOW Size": "700g",
    "WOW ppu": "$0.49 / 100G"
  },
  {
    "Brand_Product_Size": "Wonder White Bread Vitamins & Minerals Sandwich 700g",
    "WOW Price": 3.4,
    "WOW Size": "700g",
    "WOW ppu": "$0.49 / 100G"
  },
  {
    "Brand_Product_Size": "Woolworths Bread Rolls Bacon & Cheese 6 pack",
    "WOW Price": 4.5,
    "WOW Size": "6 pack",
    "WOW ppu": "$0.75 / 1EA"
  },
  {
    "Brand_Product_Size": "Woolworths Bread Rolls Bacon & Cheese 6 pack",
    "WOW Price": 4.5,
    "WOW Size": "6 pack",
    "WOW ppu": "$0.75 / 1EA"
  },
  {
    "Brand_Product_Size": "Woolworths Bread Rolls Bacon & Cheese 6 pack",
    "WOW Price": 4.5,
    "WOW Size": "6 pack",
    "WOW ppu": "$0.75 / 1EA"
  },
  {
    "Brand_Product_Size": "Carlton Thinking Of You Greeting Card each",
    "WOW Price": 5.99,
    "WOW Size": "each",
    "WOW ppu": ""
  },
  {
    "Brand_Product_Size": "Molenberg 12 Grain & Seeds Bread 700g",
    "WOW Price": 3,
    "WOW Size": "700g",
    "WOW ppu": "$0.43 / 100G"
  },
  {
    "Brand_Product_Size": "Essentials White Sandwich Bread 650g",
    "WOW Price": 1.3,
    "WOW Size": "650g",
    "WOW ppu": "$0.20 / 100G"
  },
  {
    "Brand_Product_Size": "Woolworths White Soft Sandwich Bread 650g",
    "WOW Price": 1.6,
    "WOW Size": "650g",
    "WOW ppu": "$0.25 / 100G"
  },
  {
    "Brand_Product_Size": "Woolworths White Soft Sandwich Bread 650g",
    "WOW Price": 1.6,
    "WOW Size": "650g",
    "WOW ppu": "$0.25 / 100G"
  },
  {
    "Brand_Product_Size": "Woolworths Wholemeal Soft Sandwich Bread 650g",
    "WOW Price": 1.6,
    "WOW Size": "650g",
    "WOW ppu": "$0.25 / 100G"
  },
  {
    "Brand_Product_Size": "Woolworths Wholemeal Soft Sandwich Bread 650g",
    "WOW Price": 1.6,
    "WOW Size": "650g",
    "WOW ppu": "$0.25 / 100G"
  },
  {
    "Brand_Product_Size": "Woolworths Multigrain Soft Sandwich Bread 650g",
    "WOW Price": 1.6,
    "WOW Size": "650g",
    "WOW ppu": "$0.25 / 100G"
  },
  {
    "Brand_Product_Size": "Woolworths Multigrain Soft Sandwich Bread 650g",
    "WOW Price": 1.6,
    "WOW Size": "650g",
    "WOW ppu": "$0.25 / 100G"
  },
  {
    "Brand_Product_Size": "Woolworths White Soft Hi-fibre Bread 700g",
    "WOW Price": 2.3,
    "WOW Size": "700g",
    "WOW ppu": "$0.33 / 100G"
  },
  {
    "Brand_Product_Size": "Woolworths White Soft Hi-fibre Bread 700g",
    "WOW Price": 2.3,
    "WOW Size": "700g",
    "WOW ppu": "$0.33 / 100G"
  },
  {
    "Brand_Product_Size": "Woolworths Multigrain Sandwich Hi-fibre Bread 700g",
    "WOW Price": 2.3,
    "WOW Size": "700g",
    "WOW ppu": "$0.33 / 100G"
  },
  {
    "Brand_Product_Size": "Woolworths Multigrain Sandwich Hi-fibre Bread 700g",
    "WOW Price": 2.3,
    "WOW Size": "700g",
    "WOW ppu": "$0.33 / 100G"
  },
  {
    "Brand_Product_Size": "Woolworths Wholemeal Sandwich Hi-fibre Bread 700g",
    "WOW Price": 2.3,
    "WOW Size": "700g",
    "WOW ppu": "$0.33 / 100G"
  },
  {
    "Brand_Product_Size": "Woolworths Wholemeal Sandwich Hi-fibre Bread 700g",
    "WOW Price": 2.3,
    "WOW Size": "700g",
    "WOW ppu": "$0.33 / 100G"
  },
  {
    "Brand_Product_Size": "John Sands Wrap Celebrate each",
    "WOW Price": 5.99,
    "WOW Size": "each",
    "WOW ppu": ""
  },
  {
    "Brand_Product_Size": "John Sands Wrap Twilight each",
    "WOW Price": 4.99,
    "WOW Size": "each",
    "WOW ppu": ""
  },
  {
    "Brand_Product_Size": "Collage Large Black Holographic Gift Bag each",
    "WOW Price": 6.99,
    "WOW Size": "each",
    "WOW ppu": ""
  },
  {
    "Brand_Product_Size": "Nana Bakery Souvlaki Bread 450g",
    "WOW Price": 3.6,
    "WOW Size": "450g",
    "WOW ppu": "$0.80 / 100G"
  },
  {
    "Brand_Product_Size": "John Sands Roarsome Birthday Boy Birthday Card each",
    "WOW Price": 2,
    "WOW Size": "each",
    "WOW ppu": ""
  },
  {
    "Brand_Product_Size": "John Sands Large Congratulations Card Stars each",
    "WOW Price": 9.99,
    "WOW Size": "each",
    "WOW ppu": ""
  },
  {
    "Brand_Product_Size": "Helga's Gluten Free Traditional White Rolls 4 pack",
    "WOW Price": 7,
    "WOW Size": "4 pack",
    "WOW ppu": "$2.19 / 100G"
  },
  {
    "Brand_Product_Size": "Helga's Gluten Free 5 Seed Loaf 500g",
    "WOW Price": 7,
    "WOW Size": "500g",
    "WOW ppu": "$1.40 / 100G"
  },
  {
    "Brand_Product_Size": "Country Life Gluten Free Grains & Seeds Bread 400g",
    "WOW Price": 6,
    "WOW Size": "400g",
    "WOW ppu": "$1.50 / 100G"
  },
  {
    "Brand_Product_Size": "Country Life Gluten Free Grains & Seeds Bread 400g",
    "WOW Price": 6,
    "WOW Size": "400g",
    "WOW ppu": "$1.50 / 100G"
  },
  {
    "Brand_Product_Size": "Country Life Gluten Free Grains & Seeds Bread 400g",
    "WOW Price": 6,
    "WOW Size": "400g",
    "WOW ppu": "$1.50 / 100G"
  },
  {
    "Brand_Product_Size": "Foodbank Donation $20.00 each",
    "WOW Price": 20,
    "WOW Size": "each",
    "WOW ppu": ""
  },
  {
    "Brand_Product_Size": "Helga's Wraps Mixed Grain 560g 8 pack",
    "WOW Price": 5,
    "WOW Size": "560g 8 pack",
    "WOW ppu": "$0.89 / 100G"
  },
  {
    "Brand_Product_Size": "Helga's Wraps Mixed Grain 560g 8 pack",
    "WOW Price": 5,
    "WOW Size": "560g 8 pack",
    "WOW ppu": "$0.89 / 100G"
  },
  {
    "Brand_Product_Size": "Helga's Wraps Traditional White 560g 8 pack",
    "WOW Price": 5,
    "WOW Size": "560g 8 pack",
    "WOW ppu": "$0.89 / 100G"
  },
  {
    "Brand_Product_Size": "Helga's Wraps Traditional White 560g 8 pack",
    "WOW Price": 5,
    "WOW Size": "560g 8 pack",
    "WOW ppu": "$0.89 / 100G"
  },
  {
    "Brand_Product_Size": "Tip Top The One Sandwich Bread Wholemeal 700g",
    "WOW Price": 3.4,
    "WOW Size": "700g",
    "WOW ppu": "$0.49 / 100G"
  },
  {
    "Brand_Product_Size": "Tip Top The One Sandwich Bread Wholemeal 700g",
    "WOW Price": 3.4,
    "WOW Size": "700g",
    "WOW ppu": "$0.49 / 100G"
  },
  {
    "Brand_Product_Size": "Collage Medium Copper And Black Hooray Gift Bag each",
    "WOW Price": 6.99,
    "WOW Size": "each",
    "WOW ppu": ""
  },
  {
    "Brand_Product_Size": "Collage Square Copper And Black Hooray Gift Bag each",
    "WOW Price": 7.99,
    "WOW Size": "each",
    "WOW ppu": ""
  },
  {
    "Brand_Product_Size": "Tip Top Pizza Bases White 12 Inch 2 pack",
    "WOW Price": 6,
    "WOW Size": "2 pack",
    "WOW ppu": "$1.36 / 100G"
  },
  {
    "Brand_Product_Size": "Woolworths Super Soft Wholemeal Sandwich Loaf 650g",
    "WOW Price": 2.5,
    "WOW Size": "650g",
    "WOW ppu": "$0.38 / 100G"
  },
  {
    "Brand_Product_Size": "Tip Top Pizza Bases Wholemeal 12 Inch 2 pack",
    "WOW Price": 6,
    "WOW Size": "2 pack",
    "WOW ppu": "$1.36 / 100G"
  },
  {
    "Brand_Product_Size": "Helga's Spinach & Herb Wraps 7 pack",
    "WOW Price": 5,
    "WOW Size": "7 pack",
    "WOW ppu": "$1.02 / 100G"
  },
  {
    "Brand_Product_Size": "Helga's Spinach & Herb Wraps 7 pack",
    "WOW Price": 5,
    "WOW Size": "7 pack",
    "WOW ppu": "$1.02 / 100G"
  },
  {
    "Brand_Product_Size": "Helga's Low Carb Wraps 250g",
    "WOW Price": 5,
    "WOW Size": "250g",
    "WOW ppu": "$2.00 / 100G"
  },
  {
    "Brand_Product_Size": "Helga's Low Carb Wraps 250g",
    "WOW Price": 5,
    "WOW Size": "250g",
    "WOW ppu": "$2.00 / 100G"
  },
  {
    "Brand_Product_Size": "La Molisana Pastifico Extra Di Lusso Egg Lasagne 250g",
    "WOW Price": 3,
    "WOW Size": "250g",
    "WOW ppu": "$1.20 / 100G"
  },
  {
    "Brand_Product_Size": "Clairol Natural Instincts 8a Medium Cool Blonde each",
    "WOW Price": 16,
    "WOW Size": "each",
    "WOW ppu": "$16.00 / 1EA"
  },
  {
    "Brand_Product_Size": "Clairol Nice'n Easy Repair Summer Blonde Sb2 each",
    "WOW Price": 16,
    "WOW Size": "each",
    "WOW ppu": "$16.00 / 100ML"
  },
  {
    "Brand_Product_Size": "Carlton Thank You Greeting Card each",
    "WOW Price": 5.99,
    "WOW Size": "each",
    "WOW ppu": ""
  },
  {
    "Brand_Product_Size": "Helga's Sourdough Loaf 650g",
    "WOW Price": 3.9,
    "WOW Size": "650g",
    "WOW ppu": "$0.60 / 100G"
  },
  {
    "Brand_Product_Size": "Buttercup Country Split White Bread 450g",
    "WOW Price": 3,
    "WOW Size": "450g",
    "WOW ppu": "$0.67 / 100G"
  },
  {
    "Brand_Product_Size": "Tip Top Sunblest White Sandwich Bread 650g",
    "WOW Price": 3,
    "WOW Size": "650g",
    "WOW ppu": "$0.46 / 100G"
  },
  {
    "Brand_Product_Size": "Tip Top Sunblest White Sandwich Bread 650g",
    "WOW Price": 3,
    "WOW Size": "650g",
    "WOW ppu": "$0.46 / 100G"
  },
  {
    "Brand_Product_Size": "Collage Bottle Gift Bag Kaleidoscope each",
    "WOW Price": 6.99,
    "WOW Size": "each",
    "WOW ppu": ""
  },
  {
    "Brand_Product_Size": "Helga's Wholemeal Bread With Grains 850g",
    "WOW Price": 3.9,
    "WOW Size": "850g",
    "WOW ppu": "$0.46 / 100G"
  },
  {
    "Brand_Product_Size": "Helga's Wholemeal Bread With Grains 850g",
    "WOW Price": 3.9,
    "WOW Size": "850g",
    "WOW ppu": "$0.46 / 100G"
  },
  {
    "Brand_Product_Size": "Buttercup Country Split Wholemeal Bread 450g",
    "WOW Price": 3,
    "WOW Size": "450g",
    "WOW ppu": "$0.67 / 100G"
  },
  {
    "Brand_Product_Size": "Helga's Bread Light Rye 680g",
    "WOW Price": 3.9,
    "WOW Size": "680g",
    "WOW ppu": "$0.57 / 100G"
  },
  {
    "Brand_Product_Size": "Helga's Bread Light Rye 680g",
    "WOW Price": 3.9,
    "WOW Size": "680g",
    "WOW ppu": "$0.57 / 100G"
  },
  {
    "Brand_Product_Size": "Helga's Bread Traditional Wholemeal 750g",
    "WOW Price": 3.9,
    "WOW Size": "750g",
    "WOW ppu": "$0.52 / 100G"
  },
  {
    "Brand_Product_Size": "Helga's Grain Bread Mixed Grain 850g",
    "WOW Price": 3.9,
    "WOW Size": "850g",
    "WOW ppu": "$0.46 / 100G"
  },
  {
    "Brand_Product_Size": "John Sands Large Gift Bag Rainbow Stripes each",
    "WOW Price": 7.99,
    "WOW Size": "each",
    "WOW ppu": ""
  },
  {
    "Brand_Product_Size": "John Sands Large Gift Bag Occasions Foil Spot each",
    "WOW Price": 7.99,
    "WOW Size": "each",
    "WOW ppu": ""
  },
  {
    "Brand_Product_Size": "John Sands Medium Gift Bag Rainbow Stripes each",
    "WOW Price": 6.99,
    "WOW Size": "each",
    "WOW ppu": ""
  },
  {
    "Brand_Product_Size": "John Sands Medium Gift Bag Painterley Spot each",
    "WOW Price": 6.99,
    "WOW Size": "each",
    "WOW ppu": ""
  },
  {
    "Brand_Product_Size": "Helga's Traditional White Mini Loaf 360g",
    "WOW Price": 2.9,
    "WOW Size": "360g",
    "WOW ppu": "$0.81 / 100G"
  },
  {
    "Brand_Product_Size": "Helga's Digestive Wellbeing Wholemeal 700g",
    "WOW Price": 4.2,
    "WOW Size": "700g",
    "WOW ppu": "$0.60 / 100G"
  },
  {
    "Brand_Product_Size": "Ingham's Chicken Breast Supreme Shaved From The Deli per kg",
    "WOW Price": 19,
    "WOW Size": "per kg",
    "WOW ppu": "$19.00 / 1KG"
  },
  {
    "Brand_Product_Size": "Wonder Sandwich White Mini Loaf 350g",
    "WOW Price": 2.5,
    "WOW Size": "350g",
    "WOW ppu": "$0.78 / 100G"
  },
  {
    "Brand_Product_Size": "Helga's Digestive Wellbeing Barley White 700g",
    "WOW Price": 4.2,
    "WOW Size": "700g",
    "WOW ppu": "$0.60 / 100G"
  },
  {
    "Brand_Product_Size": "Woolworths Free From Gluten Sourdough White Vienna 400g",
    "WOW Price": 6,
    "WOW Size": "400g",
    "WOW ppu": "$1.50 / 100G"
  },
  {
    "Brand_Product_Size": "Helga's Digestive Wellbeing Barley Seeds & Grain 700g",
    "WOW Price": 4.2,
    "WOW Size": "700g",
    "WOW ppu": "$0.60 / 100G"
  },
  {
    "Brand_Product_Size": "Helga's Mixed Grain Mini Loaf 415g",
    "WOW Price": 2.9,
    "WOW Size": "415g",
    "WOW ppu": "$0.70 / 100G"
  },
  {
    "Brand_Product_Size": "Helga's Digestive Wellbeing Barley Wholemeal 420g",
    "WOW Price": 5,
    "WOW Size": "420g",
    "WOW ppu": "$1.19 / 100G"
  },
  {
    "Brand_Product_Size": "Deli Leg Ham Shaved From The Deli per kg",
    "WOW Price": 16,
    "WOW Size": "per kg",
    "WOW ppu": "$16.00 / 1KG"
  },
  {
    "Brand_Product_Size": "Woolworths Cookies Jam Drop 14 pack",
    "WOW Price": 3,
    "WOW Size": "14 pack",
    "WOW ppu": "$0.21 / 1EA"
  },
  {
    "Brand_Product_Size": "Woolworths Cookies Jam Drop 14 pack",
    "WOW Price": 3,
    "WOW Size": "14 pack",
    "WOW ppu": "$0.21 / 1EA"
  },
  {
    "Brand_Product_Size": "Woolworths Traditional Fruited Bun 6 pack",
    "WOW Price": 3.5,
    "WOW Size": "6 pack",
    "WOW ppu": "$0.58 / 1EA"
  },
  {
    "Brand_Product_Size": "Tip Top 9 Grain Bread Original 700g",
    "WOW Price": 3.4,
    "WOW Size": "700g",
    "WOW ppu": "$0.49 / 100G"
  },
  {
    "Brand_Product_Size": "Woolworths Crumpets 6 pack",
    "WOW Price": 1.35,
    "WOW Size": "6 pack",
    "WOW ppu": "$0.23 / 1EA"
  },
  {
    "Brand_Product_Size": "Bertocchi Mortadella Plain Shaved From The Deli per kg",
    "WOW Price": 12.5,
    "WOW Size": "per kg",
    "WOW ppu": "$12.50 / 1KG"
  },
  {
    "Brand_Product_Size": "Burgen Bread Traditional Rye 700g",
    "WOW Price": 5,
    "WOW Size": "700g",
    "WOW ppu": "$0.71 / 100G"
  },
  {
    "Brand_Product_Size": "Burgen Bread Soy & Linseed 700g",
    "WOW Price": 5,
    "WOW Size": "700g",
    "WOW ppu": "$0.71 / 100G"
  },
  {
    "Brand_Product_Size": "Woolworths Bread Wholemeal Soft Loaf 800g",
    "WOW Price": 3,
    "WOW Size": "800g",
    "WOW ppu": "$0.38 / 100G"
  },
  {
    "Brand_Product_Size": "Woolworths Bread Wholemeal Soft Loaf 800g",
    "WOW Price": 3,
    "WOW Size": "800g",
    "WOW ppu": "$0.38 / 100G"
  },
  {
    "Brand_Product_Size": "Wonder White Wholemeal With Iron Sandwich Slice 700g",
    "WOW Price": 3.4,
    "WOW Size": "700g",
    "WOW ppu": "$0.49 / 100G"
  },
  {
    "Brand_Product_Size": "Wonder White Wholemeal With Iron Sandwich Slice 700g",
    "WOW Price": 3.4,
    "WOW Size": "700g",
    "WOW ppu": "$0.49 / 100G"
  },
  {
    "Brand_Product_Size": "Woolworths Hawaiian Jumbo Roll 2 pack",
    "WOW Price": 3,
    "WOW Size": "2 pack",
    "WOW ppu": "$1.50 / 1EA"
  },
  {
    "Brand_Product_Size": "Woolworths Hawaiian Jumbo Roll 2 pack",
    "WOW Price": 3,
    "WOW Size": "2 pack",
    "WOW ppu": "$1.50 / 1EA"
  },
  {
    "Brand_Product_Size": "Nonna's Bakery Pane Di Casa Slice Sliced 650g",
    "WOW Price": 4.55,
    "WOW Size": "650g",
    "WOW ppu": "$0.70 / 100G"
  },
  {
    "Brand_Product_Size": "Abbott's Village Bakery Harvest Seeds & Grains Bread 750g",
    "WOW Price": 3.8,
    "WOW Size": "750g",
    "WOW ppu": "$0.51 / 100G"
  },
  {
    "Brand_Product_Size": "Woolworths Bread Sourdough Seeds And Grains each",
    "WOW Price": 6,
    "WOW Size": "each",
    "WOW ppu": "$6.00 / 1EA"
  },
  {
    "Brand_Product_Size": "Woolworths Bread Sourdough Loaf each",
    "WOW Price": 6,
    "WOW Size": "each",
    "WOW ppu": "$6.00 / 1EA"
  },
  {
    "Brand_Product_Size": "Woolworths Bread Sourdough Kalamata Olive each",
    "WOW Price": 6,
    "WOW Size": "each",
    "WOW ppu": "$6.00 / 1EA"
  },
  {
    "Brand_Product_Size": "Woolworths Bread Sourdough Garlic And Olive Oil Loaf each",
    "WOW Price": 6,
    "WOW Size": "each",
    "WOW ppu": "$6.00 / 1EA"
  },
  {
    "Brand_Product_Size": "Woolworths Pikelets 8 pack",
    "WOW Price": 2,
    "WOW Size": "8 pack",
    "WOW ppu": "$0.25 / 1EA"
  },
  {
    "Brand_Product_Size": "Helga's Pumpkin Seed And Grain 720g",
    "WOW Price": 3.9,
    "WOW Size": "720g",
    "WOW ppu": "$0.54 / 100G"
  },
  {
    "Brand_Product_Size": "Essentials Fruit Toast 560g",
    "WOW Price": 2,
    "WOW Size": "560g",
    "WOW ppu": "$0.36 / 100G"
  },
  {
    "Brand_Product_Size": "Woolworths Country Loaf White 750g",
    "WOW Price": 2.7,
    "WOW Size": "750g",
    "WOW ppu": "$0.36 / 100G"
  },
  {
    "Brand_Product_Size": "Woolworths Country Loaf Wholemeal 750g",
    "WOW Price": 2.7,
    "WOW Size": "750g",
    "WOW ppu": "$0.36 / 100G"
  },
  {
    "Brand_Product_Size": "Helga's Turkish Roll White 400g",
    "WOW Price": 4,
    "WOW Size": "400g",
    "WOW ppu": "$1.00 / 100G"
  },
  {
    "Brand_Product_Size": "Woolworths Country Loaf Wholegrain 850g",
    "WOW Price": 2.7,
    "WOW Size": "850g",
    "WOW ppu": "$0.32 / 100G"
  },
  {
    "Brand_Product_Size": "Woolworths Country Loaf Wholegrain 850g",
    "WOW Price": 2.7,
    "WOW Size": "850g",
    "WOW ppu": "$0.32 / 100G"
  },
  {
    "Brand_Product_Size": "Helga's Turkish Bread White 450g",
    "WOW Price": 4,
    "WOW Size": "450g",
    "WOW ppu": "$0.89 / 100G"
  },
  {
    "Brand_Product_Size": "Woolworths Turkish Loaf 400g",
    "WOW Price": 3,
    "WOW Size": "400g",
    "WOW ppu": "$3.00 / 1EA"
  },
  {
    "Brand_Product_Size": "Woolworths White Soft Toast Bread 650g",
    "WOW Price": 1.6,
    "WOW Size": "650g",
    "WOW ppu": "$0.25 / 100G"
  },
  {
    "Brand_Product_Size": "Woolworths White Soft Toast Bread 650g",
    "WOW Price": 1.6,
    "WOW Size": "650g",
    "WOW ppu": "$0.25 / 100G"
  },
  {
    "Brand_Product_Size": "Nana Traditional Lebanese Bread White 350g",
    "WOW Price": 1.6,
    "WOW Size": "350g",
    "WOW ppu": "$0.46 / 100G"
  },
  {
    "Brand_Product_Size": "Nana Traditional Lebanese Bread Wholemeal 350g",
    "WOW Price": 1.6,
    "WOW Size": "350g",
    "WOW ppu": "$0.46 / 100G"
  },
  {
    "Brand_Product_Size": "Nana Premium Lebanese Bread Wholemeal 500g",
    "WOW Price": 3.6,
    "WOW Size": "500g",
    "WOW ppu": "$0.72 / 100G"
  },
  {
    "Brand_Product_Size": "Nana Premium Pita Bread Wholemeal 5 pack",
    "WOW Price": 2.3,
    "WOW Size": "5 pack",
    "WOW ppu": "$0.92 / 100G"
  },
  {
    "Brand_Product_Size": "Nana Premium Lebanese Bread White 500g",
    "WOW Price": 3.6,
    "WOW Size": "500g",
    "WOW ppu": "$0.72 / 100G"
  },
  {
    "Brand_Product_Size": "Bill's Health Bakery Multifruit Sourdough Loaf 660g",
    "WOW Price": 8,
    "WOW Size": "660g",
    "WOW ppu": "$1.21 / 100G"
  },
  {
    "Brand_Product_Size": "Woolworths Premium Roast Beef 97% Fat Free Shaved From The Deli per kg",
    "WOW Price": 27,
    "WOW Size": "per kg",
    "WOW ppu": "$27.00 / 1KG"
  },
  {
    "Brand_Product_Size": "John Sands Large Farewell Goodbye Good Luck Card each",
    "WOW Price": 9.99,
    "WOW Size": "each",
    "WOW ppu": ""
  },
  {
    "Brand_Product_Size": "John Sands Juvenile Seahorse Birthday Card each",
    "WOW Price": 2,
    "WOW Size": "each",
    "WOW ppu": ""
  },
  {
    "Brand_Product_Size": "John Sands Awesome Stripes Birthday Card each",
    "WOW Price": 2,
    "WOW Size": "each",
    "WOW ppu": ""
  },
  {
    "Brand_Product_Size": "John Sands Palm Leaves And Hibiscus Birthday Card each",
    "WOW Price": 2,
    "WOW Size": "each",
    "WOW ppu": ""
  },
  {
    "Brand_Product_Size": "Helga's Gluten Free Wholemeal Loaf 500g",
    "WOW Price": 7,
    "WOW Size": "500g",
    "WOW ppu": "$1.40 / 100G"
  },
  {
    "Brand_Product_Size": "Helga's Gluten Free Soy & Linseed Loaf 500g",
    "WOW Price": 7,
    "WOW Size": "500g",
    "WOW ppu": "$1.40 / 100G"
  },
  {
    "Brand_Product_Size": "Country Life Gluten Free White Bread 400g",
    "WOW Price": 6,
    "WOW Size": "400g",
    "WOW ppu": "$1.50 / 100G"
  },
  {
    "Brand_Product_Size": "Country Life Gluten Free White Bread 400g",
    "WOW Price": 6,
    "WOW Size": "400g",
    "WOW ppu": "$1.50 / 100G"
  },
  {
    "Brand_Product_Size": "Country Life Gluten Free White Bread 400g",
    "WOW Price": 6,
    "WOW Size": "400g",
    "WOW ppu": "$1.50 / 100G"
  },
  {
    "Brand_Product_Size": "Helga's Gluten Free Traditional White Loaf 470g",
    "WOW Price": 7,
    "WOW Size": "470g",
    "WOW ppu": "$1.49 / 100G"
  },
  {
    "Brand_Product_Size": "Tip Top The One Sandwich Bread White 700g",
    "WOW Price": 3.4,
    "WOW Size": "700g",
    "WOW ppu": "$0.49 / 100G"
  },
  {
    "Brand_Product_Size": "Tip Top The One Sandwich Bread White 700g",
    "WOW Price": 3.4,
    "WOW Size": "700g",
    "WOW ppu": "$0.49 / 100G"
  },
  {
    "Brand_Product_Size": "Tip Top The One Toast Bread White 700g",
    "WOW Price": 3.4,
    "WOW Size": "700g",
    "WOW ppu": "$0.49 / 100G"
  },
  {
    "Brand_Product_Size": "Tip Top The One Toast Bread White 700g",
    "WOW Price": 3.4,
    "WOW Size": "700g",
    "WOW ppu": "$0.49 / 100G"
  },
  {
    "Brand_Product_Size": "Mother Stone Sourdough Sliced 700g",
    "WOW Price": 5.78,
    "WOW Size": "700g",
    "WOW ppu": "$0.83 / 100G"
  },
  {
    "Brand_Product_Size": "Mother Stone Sourdough Multigrain Sliced 700g",
    "WOW Price": 6,
    "WOW Size": "700g",
    "WOW ppu": "$0.86 / 100G"
  },
  {
    "Brand_Product_Size": "Collage Large Pink Holographic Gift Bag each",
    "WOW Price": 6.99,
    "WOW Size": "each",
    "WOW ppu": ""
  },
  {
    "Brand_Product_Size": "Collage Medium Grey Holographic Gift Bag each",
    "WOW Price": 5.99,
    "WOW Size": "each",
    "WOW ppu": ""
  },
  {
    "Brand_Product_Size": "Helga's Lower Carb Bread 5 Seeds 700g",
    "WOW Price": 4.2,
    "WOW Size": "700g",
    "WOW ppu": "$0.60 / 100G"
  },
  {
    "Brand_Product_Size": "Helga's Lower Carb Bread Soy & Toasted Sesame 700g",
    "WOW Price": 4.2,
    "WOW Size": "700g",
    "WOW ppu": "$0.60 / 100G"
  },
  {
    "Brand_Product_Size": "Helga's Wholemeal Wraps 8 pack",
    "WOW Price": 5,
    "WOW Size": "8 pack",
    "WOW ppu": "$0.89 / 100G"
  },
  {
    "Brand_Product_Size": "Helga's Wholemeal Wraps 8 pack",
    "WOW Price": 5,
    "WOW Size": "8 pack",
    "WOW ppu": "$0.89 / 100G"
  },
  {
    "Brand_Product_Size": "Helga's Gluten Free Mixed Grains 500g",
    "WOW Price": 7,
    "WOW Size": "500g",
    "WOW ppu": "$1.40 / 100G"
  },
  {
    "Brand_Product_Size": "Camden Graphics Perfume Bottle Birthday Card each",
    "WOW Price": 6.99,
    "WOW Size": "each",
    "WOW ppu": ""
  },
  {
    "Brand_Product_Size": "Hanson White Dog Rubbing Finger Birthday Card each",
    "WOW Price": 5.99,
    "WOW Size": "each",
    "WOW ppu": ""
  },
  {
    "Brand_Product_Size": "Camden Graphics Present Birthday Card each",
    "WOW Price": 6.99,
    "WOW Size": "each",
    "WOW ppu": ""
  },
  {
    "Brand_Product_Size": "Helga's Wholemeal & Seed Lower Carb 700g",
    "WOW Price": 4.2,
    "WOW Size": "700g",
    "WOW ppu": "$0.60 / 100G"
  },
  {
    "Brand_Product_Size": "Helga's Wholemeal & Seed Lower Carb 700g",
    "WOW Price": 4.2,
    "WOW Size": "700g",
    "WOW ppu": "$0.60 / 100G"
  },
  {
    "Brand_Product_Size": "Hanson White Dog With Balloon Birthday Card each",
    "WOW Price": 5.99,
    "WOW Size": "each",
    "WOW ppu": ""
  },
  {
    "Brand_Product_Size": "John Sands Large Happy Birthday Card each",
    "WOW Price": 9.99,
    "WOW Size": "each",
    "WOW ppu": ""
  },
  {
    "Brand_Product_Size": "John Sands Large Funny You're Leaving Card each",
    "WOW Price": 9.99,
    "WOW Size": "each",
    "WOW ppu": ""
  },
  {
    "Brand_Product_Size": "Woolworths Super Soft White Sandwich Loaf 650g",
    "WOW Price": 2.5,
    "WOW Size": "650g",
    "WOW ppu": "$0.38 / 100G"
  },
  {
    "Brand_Product_Size": "Recycled Paper Greetings Gorilla Birthday Card each",
    "WOW Price": 4.99,
    "WOW Size": "each",
    "WOW ppu": ""
  },
  {
    "Brand_Product_Size": "Wattie's Spaghetti Regular 420g",
    "WOW Price": 1.55,
    "WOW Size": "420g",
    "WOW ppu": "$0.37 / 100G"
  },
  {
    "Brand_Product_Size": "Bonds Bloody Comfy Period Boyleg Moderate Days Size 6 each",
    "WOW Price": 15,
    "WOW Size": "each",
    "WOW ppu": "$15.00 / 1EA"
  },
  {
    "Brand_Product_Size": "Bonds Bloody Comfy Period Boyleg Moderate Days Size 14 each",
    "WOW Price": 15,
    "WOW Size": "each",
    "WOW ppu": "$15.00 / 1EA"
  },
  {
    "Brand_Product_Size": "Bonds Bloody Comfy Period Boyleg Moderate Days Size 10 each",
    "WOW Price": 15,
    "WOW Size": "each",
    "WOW ppu": "$15.00 / 1EA"
  },
  {
    "Brand_Product_Size": "Love Luna Hi-waisted Period Bamboo Brief Black 8/10 each",
    "WOW Price": 20,
    "WOW Size": "each",
    "WOW ppu": "$20.00 / 1EA"
  },
  {
    "Brand_Product_Size": "Bonds Bloody Comfy Period Boyleg Moderate Days Size 8 each",
    "WOW Price": 15,
    "WOW Size": "each",
    "WOW ppu": "$15.00 / 1EA"
  },
  {
    "Brand_Product_Size": "Love Luna Reusable Regular Pad Black Onesize each",
    "WOW Price": 8.5,
    "WOW Size": "each",
    "WOW ppu": "$8.50 / 1EA"
  },
  {
    "Brand_Product_Size": "Love Luna Hi-waisted Period Bamboo Brief Black 12/14 each",
    "WOW Price": 20,
    "WOW Size": "each",
    "WOW ppu": "$20.00 / 1EA"
  },
  {
    "Brand_Product_Size": "Love Luna Hi-waisted Period Bamboo Brief Black 14/16 each",
    "WOW Price": 20,
    "WOW Size": "each",
    "WOW ppu": "$20.00 / 1EA"
  },
  {
    "Brand_Product_Size": "Love Luna Hi-waisted Period Bamboo Brief Black 10/12 each",
    "WOW Price": 20,
    "WOW Size": "each",
    "WOW ppu": "$20.00 / 1EA"
  },
  {
    "Brand_Product_Size": "Soodox Vytal Hand Sanitiser 100mL",
    "WOW Price": 8,
    "WOW Size": "100mL",
    "WOW ppu": "$8.00 / 100ML"
  },
  {
    "Brand_Product_Size": "Love Luna Lady Leaks? Full Brief 14to16 each",
    "WOW Price": 16,
    "WOW Size": "each",
    "WOW ppu": "$16.00 / 1EA"
  },
  {
    "Brand_Product_Size": "Love Luna Lady Leaks? Full Brief 12to14 each",
    "WOW Price": 16,
    "WOW Size": "each",
    "WOW ppu": "$16.00 / 1EA"
  },
  {
    "Brand_Product_Size": "Love Luna Lady Leaks? Maternity Brief 14to16 each",
    "WOW Price": 16,
    "WOW Size": "each",
    "WOW ppu": "$16.00 / 1EA"
  },
  {
    "Brand_Product_Size": "Love Luna Lady Leaks? Full Brief 16to18 each",
    "WOW Price": 16,
    "WOW Size": "each",
    "WOW ppu": "$16.00 / 1EA"
  },
  {
    "Brand_Product_Size": "Love Luna Lady Leaks? Workout Brief 10to12 each",
    "WOW Price": 16,
    "WOW Size": "each",
    "WOW ppu": "$16.00 / 1EA"
  },
  {
    "Brand_Product_Size": "Love Luna Lady Leaks? Workout Brief 12to14 each",
    "WOW Price": 16,
    "WOW Size": "each",
    "WOW ppu": "$16.00 / 1EA"
  },
  {
    "Brand_Product_Size": "Love Luna Lady Leaks? Workout Brief 14to16 each",
    "WOW Price": 16,
    "WOW Size": "each",
    "WOW ppu": "$16.00 / 1EA"
  },
  {
    "Brand_Product_Size": "Love Luna Lady Leaks?maternity Brief 10to12 each",
    "WOW Price": 16,
    "WOW Size": "each",
    "WOW ppu": "$16.00 / 1EA"
  },
  {
    "Brand_Product_Size": "Love Luna Lady Leaks?maternity Brief 12to14 each",
    "WOW Price": 16,
    "WOW Size": "each",
    "WOW ppu": "$16.00 / 1EA"
  },
  {
    "Brand_Product_Size": "Rimmel Lasting Finish Radiance Foundation #200 30mL",
    "WOW Price": 11.5,
    "WOW Size": "30mL",
    "WOW ppu": "$3.83 / 10ML"
  },
  {
    "Brand_Product_Size": "Rimmel Lasting Radiance Foundation 103 30mL",
    "WOW Price": 11.5,
    "WOW Size": "30mL",
    "WOW ppu": "$3.83 / 10ML"
  },
  {
    "Brand_Product_Size": "Freshwater Farm Australia Activated Charcoal Detoxifying Body Bar 200g",
    "WOW Price": 4.5,
    "WOW Size": "200g",
    "WOW ppu": "$2.25 / 100G"
  },
  {
    "Brand_Product_Size": "Freshwater Farm Australia Peppermint Oil Energising Body Bar 200g",
    "WOW Price": 4.5,
    "WOW Size": "200g",
    "WOW ppu": "$2.25 / 100G"
  },
  {
    "Brand_Product_Size": "Freshwater Brands Shea Butter Body Bar 200g",
    "WOW Price": 4.5,
    "WOW Size": "200g",
    "WOW ppu": "$2.25 / 100G"
  },
  {
    "Brand_Product_Size": "Syndian Smokey Chipotle Sausages 300g",
    "WOW Price": 5.6,
    "WOW Size": "300g",
    "WOW ppu": "$1.87 / 100G"
  },
  {
    "Brand_Product_Size": "Syndian Smokey Chipotle Sausages 300g",
    "WOW Price": 5.6,
    "WOW Size": "300g",
    "WOW ppu": "$1.87 / 100G"
  },
  {
    "Brand_Product_Size": "Abbott's Village Bakery Sourdough Rye Loaf 760g",
    "WOW Price": 4.3,
    "WOW Size": "760g",
    "WOW ppu": "$0.57 / 100G"
  },
  {
    "Brand_Product_Size": "Woolworths 7 Seeds & Grains Hi Fibre LowGiLoaf 750g",
    "WOW Price": 3,
    "WOW Size": "750g",
    "WOW ppu": "$0.40 / 100G"
  },
  {
    "Brand_Product_Size": "Tip Top Burger Thins 240g",
    "WOW Price": 3.5,
    "WOW Size": "240g",
    "WOW ppu": "$1.75 / 100G"
  },
  {
    "Brand_Product_Size": "Woolworths Bread Rolls Soft Hamburger 6 pack",
    "WOW Price": 2,
    "WOW Size": "6 pack",
    "WOW ppu": "$0.33 / 1EA"
  },
  {
    "Brand_Product_Size": "Woolworths Bread Rolls Soft Hamburger 6 pack",
    "WOW Price": 2,
    "WOW Size": "6 pack",
    "WOW ppu": "$0.33 / 1EA"
  },
  {
    "Brand_Product_Size": "John West Salmon Pink 210g",
    "WOW Price": 5,
    "WOW Size": "210g",
    "WOW ppu": "$23.81 / 1KG"
  },
  {
    "Brand_Product_Size": "Simson's Pantry Lite High Fiber Plus Prebiotics Large Wraps 6 pack",
    "WOW Price": 4,
    "WOW Size": "6 pack",
    "WOW ppu": "$0.95 / 100G"
  },
  {
    "Brand_Product_Size": "Nando's Peri Peri Bag & Bake Lemon & Herb Extra Mild 20g",
    "WOW Price": 3,
    "WOW Size": "20g",
    "WOW ppu": "$1.50 / 10G"
  },
  {
    "Brand_Product_Size": "Clairol Nice'n Easy Repair Medium Brown 5 each",
    "WOW Price": 16,
    "WOW Size": "each",
    "WOW ppu": "$16.00 / 100ML"
  },
  {
    "Brand_Product_Size": "Clairol Nice'n Easy Repair Black 2 each",
    "WOW Price": 16,
    "WOW Size": "each",
    "WOW ppu": ""
  },
  {
    "Brand_Product_Size": "Woolworths Dreamy Chocolate Chip Cookies 5 pack",
    "WOW Price": 2.5,
    "WOW Size": "5 pack",
    "WOW ppu": "$0.50 / 1EA"
  },
  {
    "Brand_Product_Size": "Woolworths Dreamy Chocolate Chip Cookies 5 pack",
    "WOW Price": 2.5,
    "WOW Size": "5 pack",
    "WOW ppu": "$0.50 / 1EA"
  },
  {
    "Brand_Product_Size": "Mccormicks Baharat Style Street Food Seasoning 25g",
    "WOW Price": 2,
    "WOW Size": "25g",
    "WOW ppu": "$0.80 / 10G"
  },
  {
    "Brand_Product_Size": "Lindt Excellence Dark Chocolate 70% Smooth Blend Cocoa Block 100g",
    "WOW Price": 2.7,
    "WOW Size": "100g",
    "WOW ppu": "$2.70 / 100G"
  },
  {
    "Brand_Product_Size": "Continental Cup A Soup Homestyle Pumpkin 61g",
    "WOW Price": 1.05,
    "WOW Size": "61g",
    "WOW ppu": "$1.72 / 100G"
  },
  {
    "Brand_Product_Size": "Leggos Pasta Sauce Bolognese Bacon 500g",
    "WOW Price": 3,
    "WOW Size": "500g",
    "WOW ppu": "$0.60 / 100G"
  },
  {
    "Brand_Product_Size": "Mighty Soft Fruit Loaf Cafe Style 600g",
    "WOW Price": 3,
    "WOW Size": "600g",
    "WOW ppu": "$0.50 / 100G"
  },
  {
    "Brand_Product_Size": "Essano Rosehip Visible Lift Eye Crme 15mL",
    "WOW Price": 20,
    "WOW Size": "15mL",
    "WOW ppu": "$133.33 / 100ML"
  },
  {
    "Brand_Product_Size": "Woolworths Bread Rolls Soft Wholemeal Lunch 6 pack",
    "WOW Price": 2,
    "WOW Size": "6 pack",
    "WOW ppu": "$0.33 / 1EA"
  },
  {
    "Brand_Product_Size": "Woolworths Bread Rolls Soft Wholemeal Lunch 6 pack",
    "WOW Price": 2,
    "WOW Size": "6 pack",
    "WOW ppu": "$0.33 / 1EA"
  },
  {
    "Brand_Product_Size": "Arnott's Tic Toc Biscuits 250g",
    "WOW Price": 2.5,
    "WOW Size": "250g",
    "WOW ppu": "$1.00 / 100G"
  },
  {
    "Brand_Product_Size": "Heinz Classic Canned Soup Winter Vegetable 535g",
    "WOW Price": 2,
    "WOW Size": "535g",
    "WOW ppu": "$0.37 / 100G"
  },
  {
    "Brand_Product_Size": "Lucky Almond Meal 400g",
    "WOW Price": 7.5,
    "WOW Size": "400g",
    "WOW ppu": "$18.75 / 1KG"
  },
  {
    "Brand_Product_Size": "Heinz Big N Chunky Canned Soup Bacon Steak & Potato 535g",
    "WOW Price": 2,
    "WOW Size": "535g",
    "WOW ppu": "$0.37 / 100G"
  },
  {
    "Brand_Product_Size": "Lindt Excellence Dark Chocolate Orange Intense 100g bLock",
    "WOW Price": 2.7,
    "WOW Size": "100g bLock",
    "WOW ppu": "$2.70 / 100G"
  },
  {
    "Brand_Product_Size": "Nice & Natural Nut Bar Trail Mix 6 pack",
    "WOW Price": 2,
    "WOW Size": "6 pack",
    "WOW ppu": "$1.04 / 100G"
  },
  {
    "Brand_Product_Size": "Nice & Natural Nut Bar Trail Mix 6 pack",
    "WOW Price": 2,
    "WOW Size": "6 pack",
    "WOW ppu": "$1.04 / 100G"
  },
  {
    "Brand_Product_Size": "Jarlsberg Shaved Cheese per kg",
    "WOW Price": 22.75,
    "WOW Size": "per kg",
    "WOW ppu": "$22.75 / 1KG"
  },
  {
    "Brand_Product_Size": "Jarlsberg Shaved Cheese per kg",
    "WOW Price": 22.75,
    "WOW Size": "per kg",
    "WOW ppu": "$22.75 / 1KG"
  },
  {
    "Brand_Product_Size": "Mojo Hair Styling Cream 62g",
    "WOW Price": 14,
    "WOW Size": "62g",
    "WOW ppu": "$19.44 / 100G"
  },
  {
    "Brand_Product_Size": "Barilla Oven Ready Gluten Free Lasagne 283g",
    "WOW Price": 5,
    "WOW Size": "283g",
    "WOW ppu": "$1.77 / 100G"
  },
  {
    "Brand_Product_Size": "Heinz Big N Chunky Canned Soup Ravioli With Beef & Tomato 535g",
    "WOW Price": 2,
    "WOW Size": "535g",
    "WOW ppu": "$0.37 / 100G"
  },
  {
    "Brand_Product_Size": "Campbell's Real Liquid Stock Malaysian Laksa Style 1L",
    "WOW Price": 3,
    "WOW Size": "1L",
    "WOW ppu": "$0.30 / 100ML"
  },
  {
    "Brand_Product_Size": "Hart & Soul All Natural Panang Curry Recipe Base 80g",
    "WOW Price": 1.25,
    "WOW Size": "80g",
    "WOW ppu": "$1.56 / 100G"
  },
  {
    "Brand_Product_Size": "Hart & Soul All Natural Stroganoff Recipe Base 80g",
    "WOW Price": 1.25,
    "WOW Size": "80g",
    "WOW ppu": "$1.56 / 100G"
  },
  {
    "Brand_Product_Size": "Hart & Soul All Natural Red Curry Recipe Base 80g",
    "WOW Price": 1.25,
    "WOW Size": "80g",
    "WOW ppu": "$1.56 / 100G"
  },
  {
    "Brand_Product_Size": "Hart & Soul All Natural Moroccan Tagine Recipe Base 80g",
    "WOW Price": 1.25,
    "WOW Size": "80g",
    "WOW ppu": "$1.56 / 100G"
  },
  {
    "Brand_Product_Size": "Woolworths Bread Rolls Extra Soft Jumbo Hotdog 6 pack",
    "WOW Price": 2.7,
    "WOW Size": "6 pack",
    "WOW ppu": "$0.45 / 1EA"
  },
  {
    "Brand_Product_Size": "Fountain Tomato Sauce Reduced Sugar 500mL",
    "WOW Price": 2,
    "WOW Size": "500mL",
    "WOW ppu": "$0.40 / 100ML"
  },
  {
    "Brand_Product_Size": "Mckenzie's Dried Green Split Peas 500g",
    "WOW Price": 1.45,
    "WOW Size": "500g",
    "WOW ppu": "$2.90 / 1KG"
  },
  {
    "Brand_Product_Size": "Woolworths Fresh Parmesan Grana Padano Cheese Wheel per kg",
    "WOW Price": 53,
    "WOW Size": "per kg",
    "WOW ppu": "$53.00 / 1KG"
  },
  {
    "Brand_Product_Size": "Woolworths Fresh Parmesan Grana Padano Cheese Wheel per kg",
    "WOW Price": 53,
    "WOW Size": "per kg",
    "WOW ppu": "$53.00 / 1KG"
  },
  {
    "Brand_Product_Size": "Kedem Drinks Concord Grape Juice 2.84L",
    "WOW Price": 14.4,
    "WOW Size": "2.84L",
    "WOW ppu": "$0.51 / 100ML"
  },
  {
    "Brand_Product_Size": "Korbond Cupcake Making Kit Assorted each",
    "WOW Price": 4,
    "WOW Size": "each",
    "WOW ppu": "$0.33 / 1EA"
  },
  {
    "Brand_Product_Size": "Chef's Choice Himalayan Pink Rock Salt Pouch 300g",
    "WOW Price": 5,
    "WOW Size": "300g",
    "WOW ppu": "$1.67 / 100G"
  },
  {
    "Brand_Product_Size": "Inspire Plastic Drawer Organiser 6 pack",
    "WOW Price": 10,
    "WOW Size": "6 pack",
    "WOW ppu": ""
  },
  {
    "Brand_Product_Size": "Nature's Way Slim Right Instant Natural High Protein Vegan Choc Fudge 400g",
    "WOW Price": 30,
    "WOW Size": "400g",
    "WOW ppu": "$7.50 / 100G"
  },
  {
    "Brand_Product_Size": "Branston Pickle Small Chunk 360g",
    "WOW Price": 6.5,
    "WOW Size": "360g",
    "WOW ppu": "$18.06 / 1KG"
  },
  {
    "Brand_Product_Size": "Bonds Wonderbodies Size 000 To 1 each",
    "WOW Price": 15.6,
    "WOW Size": "each",
    "WOW ppu": ""
  },
  {
    "Brand_Product_Size": "Tables & Tales Choc Dipped Soft Sponge Cake 7 pack",
    "WOW Price": 3,
    "WOW Size": "7 pack",
    "WOW ppu": "$1.43 / 100G"
  },
  {
    "Brand_Product_Size": "J Bronze Medium Tanning Mousse 150mL",
    "WOW Price": 25,
    "WOW Size": "150mL",
    "WOW ppu": "$16.67 / 100G"
  },
  {
    "Brand_Product_Size": "Bonds Ladies Organics Boyleg Size 10 Assorted 2 pack",
    "WOW Price": 24,
    "WOW Size": "2 pack",
    "WOW ppu": ""
  },
  {
    "Brand_Product_Size": "Munch Organic Cheese & Pumpkin Seeds Crackers 200g",
    "WOW Price": 6.5,
    "WOW Size": "200g",
    "WOW ppu": "$3.25 / 100G"
  },
  {
    "Brand_Product_Size": "Mint Glazed Large Bowl Grey each",
    "WOW Price": 5,
    "WOW Size": "each",
    "WOW ppu": ""
  },
  {
    "Brand_Product_Size": "Hart & Soul All Natural Super Grain & Veg Soup Cup 100g",
    "WOW Price": 1.8,
    "WOW Size": "100g",
    "WOW ppu": "$1.80 / 100G"
  },
  {
    "Brand_Product_Size": "Heinz Chicken Shredded Sweetcorn & Mayo 85g",
    "WOW Price": 1.5,
    "WOW Size": "85g",
    "WOW ppu": "$17.65 / 1KG"
  },
  {
    "Brand_Product_Size": "Achva Ingredients Tahini 500g",
    "WOW Price": 10,
    "WOW Size": "500g",
    "WOW ppu": "$2.00 / 100G"
  },
  {
    "Brand_Product_Size": "Praise Vegan Mayo 360g",
    "WOW Price": 4.5,
    "WOW Size": "360g",
    "WOW ppu": "$1.25 / 100G"
  },
  {
    "Brand_Product_Size": "Pri Vayerek Cucumbers In Brine 540g",
    "WOW Price": 3.85,
    "WOW Size": "540g",
    "WOW ppu": "$0.69 / 100G"
  },
  {
    "Brand_Product_Size": "Edenvale Non Alcoholic Pinot Gris 750mL",
    "WOW Price": 8.5,
    "WOW Size": "750mL",
    "WOW ppu": "$11.33 / 1L"
  },
  {
    "Brand_Product_Size": "Barbie FashionistaDoll Assorted each",
    "WOW Price": 12,
    "WOW Size": "each",
    "WOW ppu": ""
  },
  {
    "Brand_Product_Size": "Garbage Gutz Assorted each",
    "WOW Price": 18,
    "WOW Size": "each",
    "WOW ppu": ""
  },
  {
    "Brand_Product_Size": "Maggi Mince Cottage Pie Recipe Base 37g",
    "WOW Price": 1.75,
    "WOW Size": "37g",
    "WOW ppu": "$4.73 / 100G"
  },
  {
    "Brand_Product_Size": "Good Bones Organic Bone Broth Beef 500mL",
    "WOW Price": 13,
    "WOW Size": "500mL",
    "WOW ppu": "$2.60 / 100ML"
  },
  {
    "Brand_Product_Size": "Gillette Venus Smooth Sensitive Razor Blades 4 pack",
    "WOW Price": 16,
    "WOW Size": "4 pack",
    "WOW ppu": "$4.00 / 1EA"
  },
  {
    "Brand_Product_Size": "Noshu 95% Sugar Free White Choc Baking Chips 150g",
    "WOW Price": 4,
    "WOW Size": "150g",
    "WOW ppu": "$2.67 / 100G"
  },
  {
    "Brand_Product_Size": "Chang's Original Hot Chilli Sauce 280mL",
    "WOW Price": 4,
    "WOW Size": "280mL",
    "WOW ppu": "$1.43 / 100ML"
  },
  {
    "Brand_Product_Size": "Woolworths Snack Pot Almond, Coconut & Cherry Mix 200g",
    "WOW Price": 6,
    "WOW Size": "200g",
    "WOW ppu": "$34.29 / 1KG"
  },
  {
    "Brand_Product_Size": "Oli & Vine Premium Smokey Paprika Mayonnaise 230mL",
    "WOW Price": 5,
    "WOW Size": "230mL",
    "WOW ppu": "$2.17 / 100ML"
  },
  {
    "Brand_Product_Size": "Sanitarium Smooth No Added Sugar Or Salt Peanut Butter 500g",
    "WOW Price": 4,
    "WOW Size": "500g",
    "WOW ppu": "$0.80 / 100G"
  },
  {
    "Brand_Product_Size": "Olympic Check Ticket Book Loose 100 pack",
    "WOW Price": 1,
    "WOW Size": "100 pack",
    "WOW ppu": ""
  },
  {
    "Brand_Product_Size": "Paperclick Weekly Planner each",
    "WOW Price": 6,
    "WOW Size": "each",
    "WOW ppu": ""
  },
  {
    "Brand_Product_Size": "Osem Snacks Crackers Sesame 250g",
    "WOW Price": 5.5,
    "WOW Size": "250g",
    "WOW ppu": "$2.20 / 100G"
  },
  {
    "Brand_Product_Size": "Tommee Tippee Heat Sensing Weaning Spoons 4 pack",
    "WOW Price": 8,
    "WOW Size": "4 pack",
    "WOW ppu": "$2.00 / 1EA"
  },
  {
    "Brand_Product_Size": "Comfort Fabric Conditioner Amber & Rose 750mL",
    "WOW Price": 7,
    "WOW Size": "750mL",
    "WOW ppu": "$9.33 / 1L"
  },
  {
    "Brand_Product_Size": "Colavita Extra Virgin Olive Oil 500mL",
    "WOW Price": 9.99,
    "WOW Size": "500mL",
    "WOW ppu": "$2.00 / 100ML"
  },
  {
    "Brand_Product_Size": "Peppa Pig Sultanas Yoghurt Coated 6x30g",
    "WOW Price": 3.6,
    "WOW Size": "6x30g",
    "WOW ppu": "$20.00 / 1KG"
  },
  {
    "Brand_Product_Size": "For Kids Girls Briefs Sizes 10-12 5 pack",
    "WOW Price": 8,
    "WOW Size": "5 pack",
    "WOW ppu": ""
  },
  {
    "Brand_Product_Size": "Woolworths Peas & Corn 420g",
    "WOW Price": 1.15,
    "WOW Size": "420g",
    "WOW ppu": "$2.74 / 1KG"
  },
  {
    "Brand_Product_Size": "Woolworths Vinegar Balsamic White 250mL",
    "WOW Price": 3,
    "WOW Size": "250mL",
    "WOW ppu": "$1.20 / 100ML"
  },
  {
    "Brand_Product_Size": "Bull's-eye Sweet Whiskey Glaze 300mL",
    "WOW Price": 4,
    "WOW Size": "300mL",
    "WOW ppu": "$1.33 / 100ML"
  },
  {
    "Brand_Product_Size": "Pioneer Poultry Whole Chicken Smoked 1kg - 1.3kg",
    "WOW Price": 16.25,
    "WOW Size": "1kg - 1.3kg",
    "WOW ppu": "$12.50 / 1KG"
  },
  {
    "Brand_Product_Size": "Obento Japanese Noodles Soba 180g",
    "WOW Price": 1.4,
    "WOW Size": "180g",
    "WOW ppu": "$0.78 / 100G"
  },
  {
    "Brand_Product_Size": "Ayam Hawker Char Kway Teow 205g",
    "WOW Price": 3.5,
    "WOW Size": "205g",
    "WOW ppu": "$1.71 / 100G"
  },
  {
    "Brand_Product_Size": "Caprilac Goat Milk Powder 400g",
    "WOW Price": 21,
    "WOW Size": "400g",
    "WOW ppu": "$5.25 / 100G"
  },
  {
    "Brand_Product_Size": "Caprilac Goat Milk Powder 400g",
    "WOW Price": 21,
    "WOW Size": "400g",
    "WOW ppu": "$5.25 / 100G"
  },
  {
    "Brand_Product_Size": "Rosella Organic Bbq Sauce 250g",
    "WOW Price": 6,
    "WOW Size": "250g",
    "WOW ppu": "$2.40 / 100G"
  },
  {
    "Brand_Product_Size": "Csr Icing Sugar Soft Mixture 500g",
    "WOW Price": 1.95,
    "WOW Size": "500g",
    "WOW ppu": "$0.39 / 100G"
  },
  {
    "Brand_Product_Size": "Bull's-eye Dark Beer Bbq Sauce 300mL",
    "WOW Price": 4,
    "WOW Size": "300mL",
    "WOW ppu": "$1.33 / 100ML"
  },
  {
    "Brand_Product_Size": "Fehlbergs Maple Bourbon Cucumber Spears Crunchy 500g",
    "WOW Price": 3.75,
    "WOW Size": "500g",
    "WOW ppu": "$0.75 / 100G"
  },
  {
    "Brand_Product_Size": "Always Fresh Grilled White Zucchini 290g",
    "WOW Price": 4.5,
    "WOW Size": "290g",
    "WOW ppu": "$1.55 / 100G"
  },
  {
    "Brand_Product_Size": "Clio Eco Opaque Tights 40d Black S/m each",
    "WOW Price": 10,
    "WOW Size": "each",
    "WOW ppu": ""
  },
  {
    "Brand_Product_Size": "Clio Eco Opaque Tights 40d Black T/xt each",
    "WOW Price": 10,
    "WOW Size": "each",
    "WOW ppu": ""
  },
  {
    "Brand_Product_Size": "Always Fresh Pepper Stuffed Kalamata Olives 220g",
    "WOW Price": 4.5,
    "WOW Size": "220g",
    "WOW ppu": "$20.45 / 1KG"
  },
  {
    "Brand_Product_Size": "Knorr Brown Onion South African Soup 50g",
    "WOW Price": 1.7,
    "WOW Size": "50g",
    "WOW ppu": "$3.40 / 100G"
  },
  {
    "Brand_Product_Size": "S&b Japanese Hot Curry Sauce With Vegetables 210g",
    "WOW Price": 2.8,
    "WOW Size": "210g",
    "WOW ppu": "$1.33 / 100G"
  },
  {
    "Brand_Product_Size": "Clio Ultra Low Cut Footlet One Size Black 2 pack",
    "WOW Price": 6,
    "WOW Size": "2 pack",
    "WOW ppu": ""
  },
  {
    "Brand_Product_Size": "Proud & Punch Pining For Lime 6 pack",
    "WOW Price": 6,
    "WOW Size": "6 pack",
    "WOW ppu": "$1.33 / 100ML"
  },
  {
    "Brand_Product_Size": "Heinz Classic Canned Soup Soup Creamy Tomato 535g",
    "WOW Price": 2,
    "WOW Size": "535g",
    "WOW ppu": "$0.37 / 100G"
  },
  {
    "Brand_Product_Size": "Campbell's Real Stock Chinese Dumpling Soup Base 1L",
    "WOW Price": 3,
    "WOW Size": "1L",
    "WOW ppu": "$0.30 / 100ML"
  },
  {
    "Brand_Product_Size": "Continental Nutrish Soup Pump It Up 136g",
    "WOW Price": 4.3,
    "WOW Size": "136g",
    "WOW ppu": "$3.16 / 100G"
  },
  {
    "Brand_Product_Size": "Garnier Hydra Bomb Night Tissue Mask Face Night Mask each",
    "WOW Price": 3.55,
    "WOW Size": "each",
    "WOW ppu": "$11.09 / 100G"
  },
  {
    "Brand_Product_Size": "L'oreal Magic Retouch Precision Brush 5 Blonde each",
    "WOW Price": 14.4,
    "WOW Size": "each",
    "WOW ppu": "$180.00 / 100ML"
  },
  {
    "Brand_Product_Size": "Neutrogena Hydro Boost 3d Treatment Face Mask 50g",
    "WOW Price": 30,
    "WOW Size": "50g",
    "WOW ppu": "$60.00 / 100G"
  },
  {
    "Brand_Product_Size": "Schick Mens Razor Disposable Xtreme 3 Pivot Ball 5 pack",
    "WOW Price": 6.4,
    "WOW Size": "5 pack",
    "WOW ppu": "$6.40 / 1EA"
  },
  {
    "Brand_Product_Size": "Golden Crumpet Toast 700g",
    "WOW Price": 2.5,
    "WOW Size": "700g",
    "WOW ppu": "$0.36 / 100G"
  },
  {
    "Brand_Product_Size": "Snickers Crisper Chocolate Bar 40g",
    "WOW Price": 2,
    "WOW Size": "40g",
    "WOW ppu": "$5.00 / 100G"
  },
  {
    "Brand_Product_Size": "Jack The Barber Military Hair & Beard Brush each",
    "WOW Price": 6,
    "WOW Size": "each",
    "WOW ppu": "$6.00 / 1EA"
  },
  {
    "Brand_Product_Size": "Brutal Truth Shave Cream 250mL",
    "WOW Price": 13,
    "WOW Size": "250mL",
    "WOW ppu": "$5.20 / 100ML"
  },
  {
    "Brand_Product_Size": "Lindt Lindor Double Chocolate Bag 123g",
    "WOW Price": 6,
    "WOW Size": "123g",
    "WOW ppu": "$4.88 / 100G"
  },
  {
    "Brand_Product_Size": "Arnott's Shapes Vegemite & Cheese 200g",
    "WOW Price": 3,
    "WOW Size": "200g",
    "WOW ppu": "$1.50 / 100G"
  },
  {
    "Brand_Product_Size": "Deep Heat Sensocream 120g",
    "WOW Price": 22,
    "WOW Size": "120g",
    "WOW ppu": "$18.33 / 100G"
  },
  {
    "Brand_Product_Size": "Continental Cup A Soup Dutch Curry With Rice 2 pack",
    "WOW Price": 1.05,
    "WOW Size": "2 pack",
    "WOW ppu": "$1.91 / 100G"
  },
  {
    "Brand_Product_Size": "Ingham's Oven Roasted Turkey Breast Shaved From The Deli per kg",
    "WOW Price": 26,
    "WOW Size": "per kg",
    "WOW ppu": "$26.00 / 1KG"
  },
  {
    "Brand_Product_Size": "Lawson's White Traditional Bread 750g",
    "WOW Price": 3.9,
    "WOW Size": "750g",
    "WOW ppu": "$0.52 / 100G"
  },
  {
    "Brand_Product_Size": "Nissin Instant Noodles Xo Seafood 100g",
    "WOW Price": 1.3,
    "WOW Size": "100g",
    "WOW ppu": "$1.30 / 100G"
  },
  {
    "Brand_Product_Size": "Rapid Loss Meal Replacement Shake - Latte 740g",
    "WOW Price": 39.5,
    "WOW Size": "740g",
    "WOW ppu": "$5.34 / 100G"
  },
  {
    "Brand_Product_Size": "Nestle Top N Fill Caramel 395g",
    "WOW Price": 5.2,
    "WOW Size": "395g",
    "WOW ppu": "$1.32 / 100G"
  },
  {
    "Brand_Product_Size": "Sabco Vinyl Disposable Gloves Medium 100 pack",
    "WOW Price": 17,
    "WOW Size": "100 pack",
    "WOW ppu": "$0.17 / 1EA"
  },
  {
    "Brand_Product_Size": "Hygiene Plus Sustain Glove Large each",
    "WOW Price": 3,
    "WOW Size": "each",
    "WOW ppu": "$3.00 / 1EA"
  },
  {
    "Brand_Product_Size": "Hygiene Plus Sustain Glove Small each",
    "WOW Price": 3,
    "WOW Size": "each",
    "WOW ppu": "$3.00 / 1EA"
  },
  {
    "Brand_Product_Size": "Bonds Gee Comfytails Side Seam Free Size 10 2 pack",
    "WOW Price": 24,
    "WOW Size": "2 pack",
    "WOW ppu": ""
  },
  {
    "Brand_Product_Size": "Underworks All Day Mens Crew Socks Fine Pattern Size 7 - 10 2 pack",
    "WOW Price": 15,
    "WOW Size": "2 pack",
    "WOW ppu": ""
  },
  {
    "Brand_Product_Size": "Lee Kum Kee Seafood Hot Pot 50g",
    "WOW Price": 2,
    "WOW Size": "50g",
    "WOW ppu": "$4.00 / 100G"
  },
  {
    "Brand_Product_Size": "Biostime Sn-2 Bio Plus Premium Organic Toddler Milk Drink Stage 3 800g",
    "WOW Price": 37,
    "WOW Size": "800g",
    "WOW ppu": "$4.63 / 100G"
  },
  {
    "Brand_Product_Size": "Hoyt's Cinnamon Sugar 70g",
    "WOW Price": 1.9,
    "WOW Size": "70g",
    "WOW ppu": "$0.27 / 10G"
  },
  {
    "Brand_Product_Size": "Essentials Aluminium Foil 30cmx10m",
    "WOW Price": 1,
    "WOW Size": "30cmx10m",
    "WOW ppu": "$0.10 / 1M"
  },
  {
    "Brand_Product_Size": "Always Fresh Mixed Grilled Peppers 290g",
    "WOW Price": 4.5,
    "WOW Size": "290g",
    "WOW ppu": "$1.55 / 100G"
  },
  {
    "Brand_Product_Size": "Deeko Paper Straws 40 pack",
    "WOW Price": 4,
    "WOW Size": "40 pack",
    "WOW ppu": "$0.10 / 1EA"
  },
  {
    "Brand_Product_Size": "Difflam Plus Anaesthetic Sore Throat Lozenges Honey & Lemon 32 pack",
    "WOW Price": 17,
    "WOW Size": "32 pack",
    "WOW ppu": "$17.00 / 1EA"
  },
  {
    "Brand_Product_Size": "Dynamo Professional Oxi Plus Stain Remover Laundry Liquid 900mL",
    "WOW Price": 12,
    "WOW Size": "900mL",
    "WOW ppu": "$13.33 / 1L"
  },
  {
    "Brand_Product_Size": "Oates All Purpose Cloth 2 pack",
    "WOW Price": 3,
    "WOW Size": "2 pack",
    "WOW ppu": "$1.50 / 1EA"
  },
  {
    "Brand_Product_Size": "Woolworths Salmon Pink 415g",
    "WOW Price": 4.7,
    "WOW Size": "415g",
    "WOW ppu": "$11.33 / 1KG"
  },
  {
    "Brand_Product_Size": "Curash Wipes Travel Pack 5x20 pack",
    "WOW Price": 11,
    "WOW Size": "5x20 pack",
    "WOW ppu": "$11.00 / 100EA"
  },
  {
    "Brand_Product_Size": "Berocca Energy Vitamin Orange Effervescent Tablets 15 pack",
    "WOW Price": 8,
    "WOW Size": "15 pack",
    "WOW ppu": "$53.33 / 100EA"
  },
  {
    "Brand_Product_Size": "Bushman Plus 20% Deet Insect Repellent Roll On 65g",
    "WOW Price": 7,
    "WOW Size": "65g",
    "WOW ppu": "$10.77 / 100G"
  },
  {
    "Brand_Product_Size": "Bonds Zip Wondersuit Disney Lion King Grey Size 1 each",
    "WOW Price": 30,
    "WOW Size": "each",
    "WOW ppu": ""
  },
  {
    "Brand_Product_Size": "Blue M Sour Cherry & Vanilla Jam 220g",
    "WOW Price": 6.5,
    "WOW Size": "220g",
    "WOW ppu": "$2.95 / 100G"
  },
  {
    "Brand_Product_Size": "Hoyt's Pepper Four Colour Mix 50g",
    "WOW Price": 3.9,
    "WOW Size": "50g",
    "WOW ppu": "$0.78 / 10G"
  },
  {
    "Brand_Product_Size": "Bartons Pickles Piccalilli 270g",
    "WOW Price": 3.7,
    "WOW Size": "270g",
    "WOW ppu": "$1.37 / 100G"
  },
  {
    "Brand_Product_Size": "Philips Halogen G9 Capsule 40w 2 pack",
    "WOW Price": 5.5,
    "WOW Size": "2 pack",
    "WOW ppu": "$2.75 / 1EA"
  },
  {
    "Brand_Product_Size": "Continental Nutrish Stock Liquid Vegan Vegetable 500mL",
    "WOW Price": 2.3,
    "WOW Size": "500mL",
    "WOW ppu": "$0.46 / 100ML"
  },
  {
    "Brand_Product_Size": "Mint Stamped Pattern Large Bowl each",
    "WOW Price": 5,
    "WOW Size": "each",
    "WOW ppu": ""
  },
  {
    "Brand_Product_Size": "Peroni Libera 0.0% Bottles 330mL x6 pack",
    "WOW Price": 14.15,
    "WOW Size": "330mL x6 pack",
    "WOW ppu": ""
  },
  {
    "Brand_Product_Size": "Betty Crocker Supreme Lemon Slice Mix 510g",
    "WOW Price": 5.2,
    "WOW Size": "510g",
    "WOW ppu": "$1.02 / 100G"
  },
  {
    "Brand_Product_Size": "Clio Italian Soft Shine 12d Pantyhose Natural X/tall each",
    "WOW Price": 8,
    "WOW Size": "each",
    "WOW ppu": ""
  },
  {
    "Brand_Product_Size": "Korbond Poker Cards 106g",
    "WOW Price": 6,
    "WOW Size": "106g",
    "WOW ppu": "$6.00 / 1EA"
  },
  {
    "Brand_Product_Size": "Baracuda Phosphate Remover 1L",
    "WOW Price": 35,
    "WOW Size": "1L",
    "WOW ppu": "$3.50 / 100ML"
  },
  {
    "Brand_Product_Size": "Clio Ultra Low Cut One Size Natural 2 pack",
    "WOW Price": 6,
    "WOW Size": "2 pack",
    "WOW ppu": ""
  },
  {
    "Brand_Product_Size": "Canon Cli681 Black Ink Tank each",
    "WOW Price": 22,
    "WOW Size": "each",
    "WOW ppu": ""
  },
  {
    "Brand_Product_Size": "Farmer Jo Granola Paleo 300g",
    "WOW Price": 15,
    "WOW Size": "300g",
    "WOW ppu": "$5.00 / 100G"
  },
  {
    "Brand_Product_Size": "Woolworths Natural Cheese Sticks 160g",
    "WOW Price": 4.5,
    "WOW Size": "160g",
    "WOW ppu": "$28.13 / 1KG"
  },
  {
    "Brand_Product_Size": "Woolworths Natural Cheese Sticks 160g",
    "WOW Price": 4.5,
    "WOW Size": "160g",
    "WOW ppu": "$28.13 / 1KG"
  },
  {
    "Brand_Product_Size": "Sanitarium Smooth Peanut Butter 500g",
    "WOW Price": 4,
    "WOW Size": "500g",
    "WOW ppu": "$0.80 / 100G"
  },
  {
    "Brand_Product_Size": "Dove Baby Wipes Rich Moist 50 pack",
    "WOW Price": 4.65,
    "WOW Size": "50 pack",
    "WOW ppu": "$9.30 / 100EA"
  },
  {
    "Brand_Product_Size": "Armada Paper Table Cover Assorted each",
    "WOW Price": 5,
    "WOW Size": "each",
    "WOW ppu": "$5.00 / 1EA"
  },
  {
    "Brand_Product_Size": "Della Rosa Stone Baked Chicken Supreme Pizza 450g",
    "WOW Price": 6.5,
    "WOW Size": "450g",
    "WOW ppu": "$1.44 / 100G"
  },
  {
    "Brand_Product_Size": "Dove Baby Head To Toe Wash Rich Moisture 200mL",
    "WOW Price": 6.3,
    "WOW Size": "200mL",
    "WOW ppu": "$3.15 / 100ML"
  },
  {
    "Brand_Product_Size": "L'oreal Paris Paris Superior No 4. Brown To Light Brown each",
    "WOW Price": 11.4,
    "WOW Size": "each",
    "WOW ppu": ""
  },
  {
    "Brand_Product_Size": "L'oreal Paris Excellence Age Perfect Radiant Pure Beige Blonde 8.31 each",
    "WOW Price": 16,
    "WOW Size": "each",
    "WOW ppu": ""
  },
  {
    "Brand_Product_Size": "Allowrie Butter 250g",
    "WOW Price": 4,
    "WOW Size": "250g",
    "WOW ppu": "$1.60 / 100G"
  },
  {
    "Brand_Product_Size": "Gillette Skinguard Razor Cartridges 8 pack",
    "WOW Price": 36.75,
    "WOW Size": "8 pack",
    "WOW ppu": "$4.59 / 1EA"
  },
  {
    "Brand_Product_Size": "Darrell Lea Batch 37 Fresh Liquorice 450g",
    "WOW Price": 6,
    "WOW Size": "450g",
    "WOW ppu": "$1.33 / 100G"
  },
  {
    "Brand_Product_Size": "Woolworths Bread Rolls Extra Soft Jumbo 6 pack",
    "WOW Price": 2.7,
    "WOW Size": "6 pack",
    "WOW ppu": "$0.45 / 1EA"
  },
  {
    "Brand_Product_Size": "Woolworths Bread Rolls Extra Soft Jumbo 6 pack",
    "WOW Price": 2.7,
    "WOW Size": "6 pack",
    "WOW ppu": "$0.45 / 1EA"
  },
  {
    "Brand_Product_Size": "Continental Cup A Soup Creamy Chicken & Corn With Croutons 2 pack",
    "WOW Price": 1.05,
    "WOW Size": "2 pack",
    "WOW ppu": "$1.75 / 100G"
  },
  {
    "Brand_Product_Size": "Woolworths Extra Soft Bread Rolls Jumbo Hamburger 6 pack",
    "WOW Price": 2.7,
    "WOW Size": "6 pack",
    "WOW ppu": "$0.45 / 1EA"
  },
  {
    "Brand_Product_Size": "Woolworths Extra Soft Bread Rolls Jumbo Hamburger 6 pack",
    "WOW Price": 2.7,
    "WOW Size": "6 pack",
    "WOW ppu": "$0.45 / 1EA"
  },
  {
    "Brand_Product_Size": "Woolworths Bread Rolls Crusty Jumbo Lunch 6 pack",
    "WOW Price": 2.7,
    "WOW Size": "6 pack",
    "WOW ppu": "$0.45 / 1EA"
  },
  {
    "Brand_Product_Size": "Woolworths Bread Rolls Crusty Jumbo Lunch 6 pack",
    "WOW Price": 2.7,
    "WOW Size": "6 pack",
    "WOW ppu": "$0.45 / 1EA"
  },
  {
    "Brand_Product_Size": "Heinz Classic Canned Soup Chicken & Sweetcorn 535g",
    "WOW Price": 2,
    "WOW Size": "535g",
    "WOW ppu": "$0.37 / 100G"
  },
  {
    "Brand_Product_Size": "John West Salmon Pink 415g",
    "WOW Price": 7,
    "WOW Size": "415g",
    "WOW ppu": "$16.87 / 1KG"
  },
  {
    "Brand_Product_Size": "Continental Value Pack Fried Rice Oriental 180g",
    "WOW Price": 3,
    "WOW Size": "180g",
    "WOW ppu": "$1.67 / 100G"
  },
  {
    "Brand_Product_Size": "Mars 200% Caramel Chocolate Bar 48g",
    "WOW Price": 2,
    "WOW Size": "48g",
    "WOW ppu": "$4.17 / 100G"
  },
  {
    "Brand_Product_Size": "Ogx Conditioner Charcoal Detox 385mL",
    "WOW Price": 20,
    "WOW Size": "385mL",
    "WOW ppu": "$5.19 / 100ML"
  },
  {
    "Brand_Product_Size": "L'oreal Paris Excellence Age Perfect Very Light Blonde 7.32 each",
    "WOW Price": 16,
    "WOW Size": "each",
    "WOW ppu": ""
  },
  {
    "Brand_Product_Size": "Clairol Nice'n Easy Repair Light Ash Blonde 9a each",
    "WOW Price": 16,
    "WOW Size": "each",
    "WOW ppu": "$16.00 / 100ML"
  },
  {
    "Brand_Product_Size": "Clairol Nice'n Easy Repair Light Ash Brown 6a each",
    "WOW Price": 16,
    "WOW Size": "each",
    "WOW ppu": ""
  },
  {
    "Brand_Product_Size": "Continental Cup A Soup Chinese Chicken & Corn With Lots Of Noodles 2 pack",
    "WOW Price": 1.05,
    "WOW Size": "2 pack",
    "WOW ppu": "$1.59 / 100G"
  },
  {
    "Brand_Product_Size": "Mccormicks Organic Ginger Powder 10g",
    "WOW Price": 2,
    "WOW Size": "10g",
    "WOW ppu": "$2.00 / 10G"
  },
  {
    "Brand_Product_Size": "Natvia Salty Caramel Topping 250mL",
    "WOW Price": 5.7,
    "WOW Size": "250mL",
    "WOW ppu": "$2.28 / 100ML"
  },
  {
    "Brand_Product_Size": "Ritz Breakz Mediterranean Herb 250g",
    "WOW Price": 2.5,
    "WOW Size": "250g",
    "WOW ppu": "$1.00 / 100G"
  },
  {
    "Brand_Product_Size": "Edgell Snack Time Chickpeas With Zesty Vinaigrette 70g",
    "WOW Price": 1.3,
    "WOW Size": "70g",
    "WOW ppu": "$1.86 / 100G"
  },
  {
    "Brand_Product_Size": "Lucky Toasted Pistachios 60g",
    "WOW Price": 5.5,
    "WOW Size": "60g",
    "WOW ppu": "$91.67 / 1KG"
  },
  {
    "Brand_Product_Size": "Schwarzkopf Hair Mascara Medium Brown 16mL",
    "WOW Price": 22,
    "WOW Size": "16mL",
    "WOW ppu": "$137.50 / 100ML"
  },
  {
    "Brand_Product_Size": "Heinz Baked Beans Tomato Sauce 220g",
    "WOW Price": 1.65,
    "WOW Size": "220g",
    "WOW ppu": "$0.75 / 100G"
  },
  {
    "Brand_Product_Size": "Inspire Espresso Set 4 pack",
    "WOW Price": 4,
    "WOW Size": "4 pack",
    "WOW ppu": ""
  },
  {
    "Brand_Product_Size": "Maggi Chicken Chasseur Recipe Base 35g",
    "WOW Price": 1.75,
    "WOW Size": "35g",
    "WOW ppu": "$5.00 / 100G"
  },
  {
    "Brand_Product_Size": "Ogx Strength & Length Golden Turmeric Conditioner 385mL",
    "WOW Price": 20,
    "WOW Size": "385mL",
    "WOW ppu": "$5.19 / 100ML"
  },
  {
    "Brand_Product_Size": "Brutal Truth Hand Balm 75mL",
    "WOW Price": 8,
    "WOW Size": "75mL",
    "WOW ppu": "$10.67 / 100ML"
  },
  {
    "Brand_Product_Size": "Aerogard Fabric Insect Repellent Eucalyptus 150g",
    "WOW Price": 11.5,
    "WOW Size": "150g",
    "WOW ppu": "$7.67 / 100G"
  },
  {
    "Brand_Product_Size": "Razzamatazz Luxe Anklet Pxo Size 1 each",
    "WOW Price": 5,
    "WOW Size": "each",
    "WOW ppu": ""
  },
  {
    "Brand_Product_Size": "Ardell Natural Lash 110 Black each",
    "WOW Price": 5.5,
    "WOW Size": "each",
    "WOW ppu": "$5.50 / 1EA"
  },
  {
    "Brand_Product_Size": "Biore Facial Scrub Pore Unclogging 141g",
    "WOW Price": 6,
    "WOW Size": "141g",
    "WOW ppu": "$4.44 / 100ML"
  },
  {
    "Brand_Product_Size": "Thawed Ling Fillets Teriyaki Ginger per kg",
    "WOW Price": 15,
    "WOW Size": "per kg",
    "WOW ppu": "$15.00 / 1KG"
  },
  {
    "Brand_Product_Size": "Maggie Beer Extra Virgin Olive Oil 375mL",
    "WOW Price": 11.5,
    "WOW Size": "375mL",
    "WOW ppu": "$3.07 / 100ML"
  },
  {
    "Brand_Product_Size": "Eylure Promagnetic Eyeliner & Lash System each",
    "WOW Price": 15,
    "WOW Size": "each",
    "WOW ppu": "$15.00 / 1EA"
  },
  {
    "Brand_Product_Size": "Sup Good Hair Day Tablets 30 pack",
    "WOW Price": 10,
    "WOW Size": "30 pack",
    "WOW ppu": "$33.33 / 100EA"
  },
  {
    "Brand_Product_Size": "Supercoat Adult Dog Food Active 3kg",
    "WOW Price": 15.5,
    "WOW Size": "3kg",
    "WOW ppu": "$0.52 / 100G"
  },
  {
    "Brand_Product_Size": "Bzyoo Coupe Dinner Plate each",
    "WOW Price": 3.5,
    "WOW Size": "each",
    "WOW ppu": ""
  },
  {
    "Brand_Product_Size": "Clairol Nice'n Easy Repair Medium Ash Blonde 8a each",
    "WOW Price": 16,
    "WOW Size": "each",
    "WOW ppu": "$16.00 / 100ML"
  },
  {
    "Brand_Product_Size": "Clairol Nice'n Easy Repair Light Brown 6 each",
    "WOW Price": 16,
    "WOW Size": "each",
    "WOW ppu": ""
  },
  {
    "Brand_Product_Size": "Queen Buttercream Icing 300g",
    "WOW Price": 3.25,
    "WOW Size": "300g",
    "WOW ppu": "$1.08 / 100G"
  },
  {
    "Brand_Product_Size": "Johnson's Baby Cottontouch Newborn Wash & Shampoo 500mL",
    "WOW Price": 10,
    "WOW Size": "500mL",
    "WOW ppu": "$2.00 / 100ML"
  },
  {
    "Brand_Product_Size": "Johnson's Baby Cottontouch Newborn Wash & Shampoo 500mL",
    "WOW Price": 10,
    "WOW Size": "500mL",
    "WOW ppu": "$2.00 / 100ML"
  },
  {
    "Brand_Product_Size": "Ogx Strength & Length Golden Turmeric Shampoo 385mL",
    "WOW Price": 20,
    "WOW Size": "385mL",
    "WOW ppu": "$5.19 / 100ML"
  },
  {
    "Brand_Product_Size": "Nature's Way Sugar Free Adult Gummies Calcium 65 pack",
    "WOW Price": 10,
    "WOW Size": "65 pack",
    "WOW ppu": "$15.38 / 100EA"
  },
  {
    "Brand_Product_Size": "Manicare Glam No. 50 Sophia Lashes 2 pack",
    "WOW Price": 11,
    "WOW Size": "2 pack",
    "WOW ppu": "$11.00 / 1EA"
  },
  {
    "Brand_Product_Size": "Mont Lure Genuine Liquid Soap Natural Liquid Hand Wash Vegan Sls-free Sweet Almond 500mL",
    "WOW Price": 9.6,
    "WOW Size": "500mL",
    "WOW ppu": "$1.92 / 100ML"
  },
  {
    "Brand_Product_Size": "Mojo Hair Molding Clay 96g",
    "WOW Price": 14,
    "WOW Size": "96g",
    "WOW ppu": "$14.58 / 100G"
  },
  {
    "Brand_Product_Size": "Bx Earth You Little Sweetie Replenishing Body Wash 600mL",
    "WOW Price": 6.4,
    "WOW Size": "600mL",
    "WOW ppu": "$1.07 / 100ML"
  },
  {
    "Brand_Product_Size": "Crave Wet Dog Food Turkey Pate 400g",
    "WOW Price": 4.5,
    "WOW Size": "400g",
    "WOW ppu": "$1.13 / 100G"
  },
  {
    "Brand_Product_Size": "Essano Rosehip Moisturising Creme Cleanser 100mL",
    "WOW Price": 10.5,
    "WOW Size": "100mL",
    "WOW ppu": "$10.50 / 100ML"
  },
  {
    "Brand_Product_Size": "Gillette Fusion Proshield Cartridges 8 pack",
    "WOW Price": 44.5,
    "WOW Size": "8 pack",
    "WOW ppu": "$5.56 / 1EA"
  },
  {
    "Brand_Product_Size": "Tip Top Sandwich Thins Original 6 pack",
    "WOW Price": 3.5,
    "WOW Size": "6 pack",
    "WOW ppu": "$1.46 / 100G"
  },
  {
    "Brand_Product_Size": "Tip Top Sandwich Thins Wholemeal 6 pack",
    "WOW Price": 3.5,
    "WOW Size": "6 pack",
    "WOW ppu": "$1.46 / 100G"
  },
  {
    "Brand_Product_Size": "Tip Top Sandwich Thins Wholemeal 6 pack",
    "WOW Price": 3.5,
    "WOW Size": "6 pack",
    "WOW ppu": "$1.46 / 100G"
  },
  {
    "Brand_Product_Size": "Tip Top Sandwich Thins Lightly Seeded 6 pack",
    "WOW Price": 3.5,
    "WOW Size": "6 pack",
    "WOW ppu": "$1.46 / 100G"
  },
  {
    "Brand_Product_Size": "Tip Top Sandwich Thins Lightly Seeded 6 pack",
    "WOW Price": 3.5,
    "WOW Size": "6 pack",
    "WOW ppu": "$1.46 / 100G"
  },
  {
    "Brand_Product_Size": "L'oreal Paris Colorista Wash Out Turquoise each",
    "WOW Price": 16.5,
    "WOW Size": "each",
    "WOW ppu": ""
  },
  {
    "Brand_Product_Size": "Woolworths Mini Bread Rolls Soft Hamburger 12 pack",
    "WOW Price": 4,
    "WOW Size": "12 pack",
    "WOW ppu": "$0.33 / 1EA"
  },
  {
    "Brand_Product_Size": "Woolworths Mini Bread Rolls Soft Hamburger 12 pack",
    "WOW Price": 4,
    "WOW Size": "12 pack",
    "WOW ppu": "$0.33 / 1EA"
  },
  {
    "Brand_Product_Size": "Sugar Wrap 100% Compostable Eco Cling Wrap 30m each",
    "WOW Price": 4.4,
    "WOW Size": "each",
    "WOW ppu": "$0.15 / 1M"
  },
  {
    "Brand_Product_Size": "Woolworths Bread Rolls Hotdog Extra Soft 6 pack",
    "WOW Price": 2,
    "WOW Size": "6 pack",
    "WOW ppu": "$0.33 / 1EA"
  },
  {
    "Brand_Product_Size": "Woolworths Bread Rolls Hotdog Extra Soft 6 pack",
    "WOW Price": 2,
    "WOW Size": "6 pack",
    "WOW ppu": "$0.33 / 1EA"
  },
  {
    "Brand_Product_Size": "Heinz Classic Canned Soup Italian Minestrone 535g",
    "WOW Price": 2,
    "WOW Size": "535g",
    "WOW ppu": "$0.37 / 100G"
  },
  {
    "Brand_Product_Size": "Woolworths Pickled Onions 500g",
    "WOW Price": 2.5,
    "WOW Size": "500g",
    "WOW ppu": "$0.50 / 100G"
  },
  {
    "Brand_Product_Size": "Wonder White Hi Fibre Soft Wraps 6 pack",
    "WOW Price": 3.3,
    "WOW Size": "6 pack",
    "WOW ppu": "$1.06 / 100G"
  },
  {
    "Brand_Product_Size": "Wonder White Hi Fibre Soft Wraps 6 pack",
    "WOW Price": 3.3,
    "WOW Size": "6 pack",
    "WOW ppu": "$1.06 / 100G"
  },
  {
    "Brand_Product_Size": "Wiltshire Classico Liqueur Glasses 40ml 6 pack",
    "WOW Price": 5,
    "WOW Size": "6 pack",
    "WOW ppu": ""
  },
  {
    "Brand_Product_Size": "Biostime Sn-2 Bio Plus Ultra Goat Toddler Milk Drink Stage 3 800g",
    "WOW Price": 40,
    "WOW Size": "800g",
    "WOW ppu": "$5.00 / 100G"
  },
  {
    "Brand_Product_Size": "Sirena Tuna In Chilli Oil 95g",
    "WOW Price": 2.7,
    "WOW Size": "95g",
    "WOW ppu": "$28.42 / 1KG"
  },
  {
    "Brand_Product_Size": "Jammie Dodgers Raspberry 140g",
    "WOW Price": 2.5,
    "WOW Size": "140g",
    "WOW ppu": "$1.79 / 100G"
  },
  {
    "Brand_Product_Size": "Heinz Classic Canned Soup Creamy Pumpkin 535g",
    "WOW Price": 2,
    "WOW Size": "535g",
    "WOW ppu": "$0.37 / 100G"
  },
  {
    "Brand_Product_Size": "Dominate Mini Styling Pot 15g",
    "WOW Price": 2,
    "WOW Size": "15g",
    "WOW ppu": "$13.33 / 100G"
  },
  {
    "Brand_Product_Size": "Dominate Hair Clay Out Of Bed 85g",
    "WOW Price": 10,
    "WOW Size": "85g",
    "WOW ppu": "$11.76 / 100G"
  },
  {
    "Brand_Product_Size": "L'oreal Paris Colorista Washout Denim Hair each",
    "WOW Price": 16.5,
    "WOW Size": "each",
    "WOW ppu": "$20.63 / 100ML"
  },
  {
    "Brand_Product_Size": "Arnott's Scotch Finger Choc Chip 232g",
    "WOW Price": 2,
    "WOW Size": "232g",
    "WOW ppu": "$0.86 / 100G"
  },
  {
    "Brand_Product_Size": "Woolworths Mini Croissant 8 pack",
    "WOW Price": 4,
    "WOW Size": "8 pack",
    "WOW ppu": "$0.50 / 1EA"
  },
  {
    "Brand_Product_Size": "Woolworths Mini Croissant 8 pack",
    "WOW Price": 4,
    "WOW Size": "8 pack",
    "WOW ppu": "$0.50 / 1EA"
  },
  {
    "Brand_Product_Size": "Woolworths Bread Roll Cheese & Bacon 4 pack",
    "WOW Price": 3.5,
    "WOW Size": "4 pack",
    "WOW ppu": "$0.88 / 1EA"
  },
  {
    "Brand_Product_Size": "Woolworths Bread Roll Cheese & Bacon 4 pack",
    "WOW Price": 3.5,
    "WOW Size": "4 pack",
    "WOW ppu": "$0.88 / 1EA"
  },
  {
    "Brand_Product_Size": "Jarlsberg Sliced Cheese per kg",
    "WOW Price": 22.75,
    "WOW Size": "per kg",
    "WOW ppu": "$22.75 / 1KG"
  },
  {
    "Brand_Product_Size": "Jarlsberg Sliced Cheese per kg",
    "WOW Price": 22.75,
    "WOW Size": "per kg",
    "WOW ppu": "$22.75 / 1KG"
  },
  {
    "Brand_Product_Size": "Crafted Range Of Sourdough Ancient Grains & Sprouted Seeds Miche each",
    "WOW Price": 6.5,
    "WOW Size": "each",
    "WOW ppu": "$6.50 / 1EA"
  },
  {
    "Brand_Product_Size": "Crafted Range Of Sourdough Dark Rye Loaf each",
    "WOW Price": 6.5,
    "WOW Size": "each",
    "WOW ppu": "$6.50 / 1EA"
  },
  {
    "Brand_Product_Size": "Crafted Range Of Sourdough White Loaf each",
    "WOW Price": 6.5,
    "WOW Size": "each",
    "WOW ppu": "$6.50 / 1EA"
  },
  {
    "Brand_Product_Size": "Capilano All Natural Choc Honey Spread 300g",
    "WOW Price": 4.9,
    "WOW Size": "300g",
    "WOW ppu": "$1.63 / 100G"
  },
  {
    "Brand_Product_Size": "Capilano All Natural Choc Honey Spread 300g",
    "WOW Price": 4.9,
    "WOW Size": "300g",
    "WOW ppu": "$1.63 / 100G"
  },
  {
    "Brand_Product_Size": "Zafarelli Fettuccine Pasta No 12 500g",
    "WOW Price": 1.2,
    "WOW Size": "500g",
    "WOW ppu": "$0.24 / 100G"
  },
  {
    "Brand_Product_Size": "Champagne Leg Ham Shaved From The Deli per kg",
    "WOW Price": 19,
    "WOW Size": "per kg",
    "WOW ppu": "$19.00 / 1KG"
  },
  {
    "Brand_Product_Size": "Woolworths Bread Rolls Extra Soft Lunch 6 pack",
    "WOW Price": 2,
    "WOW Size": "6 pack",
    "WOW ppu": "$0.33 / 1EA"
  },
  {
    "Brand_Product_Size": "Woolworths Bread Rolls Extra Soft Lunch 6 pack",
    "WOW Price": 2,
    "WOW Size": "6 pack",
    "WOW ppu": "$0.33 / 1EA"
  },
  {
    "Brand_Product_Size": "Essentials Kitchen Manchester Tea Towel Cotton Check 45x70cm 4 pack",
    "WOW Price": 8,
    "WOW Size": "4 pack",
    "WOW ppu": "$2.00 / 1EA"
  },
  {
    "Brand_Product_Size": "Dominate Rok Wax For An Extra Hard Hold 85g",
    "WOW Price": 10,
    "WOW Size": "85g",
    "WOW ppu": "$11.76 / 100G"
  },
  {
    "Brand_Product_Size": "Essentials Cotton Blend Footlet Natural One Size 2 pack",
    "WOW Price": 5,
    "WOW Size": "2 pack",
    "WOW ppu": ""
  },
  {
    "Brand_Product_Size": "Krc Hungarian Salami Mild Shaved From The Deli per kg",
    "WOW Price": 31.5,
    "WOW Size": "per kg",
    "WOW ppu": "$31.50 / 1KG"
  },
  {
    "Brand_Product_Size": "Crayola Silly Scents Coloured Pencils 12 pack",
    "WOW Price": 7,
    "WOW Size": "12 pack",
    "WOW ppu": ""
  },
  {
    "Brand_Product_Size": "Simson's Pantry Wholegrain & Seeds Plus Fibre Large Wraps 6 pack",
    "WOW Price": 4,
    "WOW Size": "6 pack",
    "WOW ppu": "$0.95 / 100G"
  },
  {
    "Brand_Product_Size": "Edgell Black Bean Pouch 100g",
    "WOW Price": 1.5,
    "WOW Size": "100g",
    "WOW ppu": "$1.50 / 100G"
  },
  {
    "Brand_Product_Size": "Continental Recipe Base Chilli Con Carne 40g",
    "WOW Price": 1.6,
    "WOW Size": "40g",
    "WOW ppu": "$4.00 / 100G"
  },
  {
    "Brand_Product_Size": "The Natural Cracker Co. Special Burger Sauce Crispy Crackers 160g",
    "WOW Price": 3.5,
    "WOW Size": "160g",
    "WOW ppu": "$2.19 / 100G"
  },
  {
    "Brand_Product_Size": "La Molisana Pastificio Extra Di Lusso Wholewheat Linguine 500g",
    "WOW Price": 3,
    "WOW Size": "500g",
    "WOW ppu": "$0.60 / 100G"
  },
  {
    "Brand_Product_Size": "Woolworths Dressing Coleslaw 290mL",
    "WOW Price": 1.8,
    "WOW Size": "290mL",
    "WOW ppu": "$0.62 / 100ML"
  },
  {
    "Brand_Product_Size": "Continental Recipe Base Rich Beefy Mince 50g",
    "WOW Price": 1.6,
    "WOW Size": "50g",
    "WOW ppu": "$3.20 / 100G"
  },
  {
    "Brand_Product_Size": "Jacob's Creek Better By Half Sparkling 750mL",
    "WOW Price": 17,
    "WOW Size": "750mL",
    "WOW ppu": ""
  },
  {
    "Brand_Product_Size": "Sunbeam Raisins 375g",
    "WOW Price": 4.9,
    "WOW Size": "375g",
    "WOW ppu": "$13.07 / 1KG"
  },
  {
    "Brand_Product_Size": "Gran's Caramel Fudge Bites 100g",
    "WOW Price": 3,
    "WOW Size": "100g",
    "WOW ppu": "$3.00 / 100G"
  },
  {
    "Brand_Product_Size": "Good Bones Organic Bone Broth Chicken 500mL",
    "WOW Price": 13,
    "WOW Size": "500mL",
    "WOW ppu": "$2.60 / 100ML"
  },
  {
    "Brand_Product_Size": "Jackson Outbound Travel Adaptor For Travel To Usa each",
    "WOW Price": 8.5,
    "WOW Size": "each",
    "WOW ppu": ""
  },
  {
    "Brand_Product_Size": "Jackson Outbound Travel Adaptor For Travel To Europe each",
    "WOW Price": 8.5,
    "WOW Size": "each",
    "WOW ppu": ""
  },
  {
    "Brand_Product_Size": "Undo Antibac Blitz Laundry Liquid 2L",
    "WOW Price": 16,
    "WOW Size": "2L",
    "WOW ppu": "$8.00 / 1L"
  },
  {
    "Brand_Product_Size": "Korbond Party Cupcake Treat Boxes 6 pack",
    "WOW Price": 3,
    "WOW Size": "6 pack",
    "WOW ppu": "$0.50 / 1EA"
  },
  {
    "Brand_Product_Size": "Achva Snacks Halva Vanilla 100g",
    "WOW Price": 2,
    "WOW Size": "100g",
    "WOW ppu": "$2.00 / 100G"
  },
  {
    "Brand_Product_Size": "Poly Craft String White each",
    "WOW Price": 4,
    "WOW Size": "each",
    "WOW ppu": ""
  },
  {
    "Brand_Product_Size": "Woolworths Mixed Fruit 1kg",
    "WOW Price": 5.5,
    "WOW Size": "1kg",
    "WOW ppu": "$5.50 / 1KG"
  },
  {
    "Brand_Product_Size": "Supercoat Adult True Origin Grain Free Chicken Dry Dog Food 2.5kg",
    "WOW Price": 16,
    "WOW Size": "2.5kg",
    "WOW ppu": "$0.64 / 100G"
  },
  {
    "Brand_Product_Size": "Aerogard Home Flying Insect Killer 300mL",
    "WOW Price": 11,
    "WOW Size": "300mL",
    "WOW ppu": "$3.67 / 100ML"
  },
  {
    "Brand_Product_Size": "Clairol Root Touch-up Color Blending Gel Blonde 45mL",
    "WOW Price": 18,
    "WOW Size": "45mL",
    "WOW ppu": "$40.00 / 100ML"
  },
  {
    "Brand_Product_Size": "Evamay Liners Ultra Thin 48 pack",
    "WOW Price": 2.25,
    "WOW Size": "48 pack",
    "WOW ppu": "$0.05 / 1EA"
  },
  {
    "Brand_Product_Size": "Ki Kids Chesty Roll On 50g",
    "WOW Price": 13.7,
    "WOW Size": "50g",
    "WOW ppu": "$27.40 / 100G"
  },
  {
    "Brand_Product_Size": "Jackson 4k Hdmi Cable 3m each",
    "WOW Price": 20,
    "WOW Size": "each",
    "WOW ppu": ""
  },
  {
    "Brand_Product_Size": "Korbond Polyester Thread Pastel Colours 14m 12 pack",
    "WOW Price": 3,
    "WOW Size": "12 pack",
    "WOW ppu": ""
  },
  {
    "Brand_Product_Size": "Maharajah's Choice Garam Masala 250g",
    "WOW Price": 3.85,
    "WOW Size": "250g",
    "WOW ppu": "$1.54 / 100G"
  },
  {
    "Brand_Product_Size": "Gravox Gravy Mix Traditional 425g",
    "WOW Price": 4.95,
    "WOW Size": "425g",
    "WOW ppu": "$0.12 / 10G"
  },
  {
    "Brand_Product_Size": "Murray River Organics 100% Organic Deluxe Fruit Mix 180g",
    "WOW Price": 10,
    "WOW Size": "180g",
    "WOW ppu": "$55.56 / 1KG"
  },
  {
    "Brand_Product_Size": "Aerogard Home Multi Insect Killer 300mL",
    "WOW Price": 13,
    "WOW Size": "300mL",
    "WOW ppu": "$4.33 / 100ML"
  },
  {
    "Brand_Product_Size": "Aerogard Kids Insect Repellent Spray 135mL",
    "WOW Price": 8.5,
    "WOW Size": "135mL",
    "WOW ppu": "$6.30 / 100ML"
  },
  {
    "Brand_Product_Size": "Murray River Organics 100% Organic Ultimate Mix 180g",
    "WOW Price": 6,
    "WOW Size": "180g",
    "WOW ppu": "$33.33 / 1KG"
  },
  {
    "Brand_Product_Size": "Nuk White Bottle 300mL",
    "WOW Price": 12,
    "WOW Size": "300mL",
    "WOW ppu": "$12.00 / 1EA"
  },
  {
    "Brand_Product_Size": "Nutino Hazelnut Spread Spread 400g",
    "WOW Price": 4.5,
    "WOW Size": "400g",
    "WOW ppu": "$1.13 / 100G"
  },
  {
    "Brand_Product_Size": "Nutino Hazelnut Spread Spread 400g",
    "WOW Price": 4.5,
    "WOW Size": "400g",
    "WOW ppu": "$1.13 / 100G"
  },
  {
    "Brand_Product_Size": "Fountain Tomato Sauce Squeeze 500mL",
    "WOW Price": 2,
    "WOW Size": "500mL",
    "WOW ppu": "$0.40 / 100ML"
  },
  {
    "Brand_Product_Size": "Aeroplane Jelly Original Lemon 85g",
    "WOW Price": 1,
    "WOW Size": "85g",
    "WOW ppu": "$1.18 / 100G"
  },
  {
    "Brand_Product_Size": "Bonds Mens Stay Up Crew Socks Size 11-14 2 pack",
    "WOW Price": 14,
    "WOW Size": "2 pack",
    "WOW ppu": ""
  },
  {
    "Brand_Product_Size": "First Response Ovulation Test Kit 14 pack",
    "WOW Price": 50,
    "WOW Size": "14 pack",
    "WOW ppu": "$3.57 / 1EA"
  },
  {
    "Brand_Product_Size": "Mont Lure Genuine Liquid Soap Natural Liquid Hand Wash Pump Vegan Sls-free Verbena 500mL",
    "WOW Price": 9.6,
    "WOW Size": "500mL",
    "WOW ppu": "$1.92 / 100ML"
  },
  {
    "Brand_Product_Size": "Allen's Minties Bulk Lollies 1kg",
    "WOW Price": 12.5,
    "WOW Size": "1kg",
    "WOW ppu": "$1.25 / 100G"
  },
  {
    "Brand_Product_Size": "Dollar Sweets Lemon Flavoured Baking Filling 400g",
    "WOW Price": 5,
    "WOW Size": "400g",
    "WOW ppu": "$1.25 / 100G"
  },
  {
    "Brand_Product_Size": "Unibic Shortbread Shortbread Fingers 200g",
    "WOW Price": 2.9,
    "WOW Size": "200g",
    "WOW ppu": "$1.45 / 100G"
  },
  {
    "Brand_Product_Size": "Fancy Feast Savory Centers Pat Fish Gravy Selection Wet Cat Food 85g x12 pack",
    "WOW Price": 19,
    "WOW Size": "85g x12 pack",
    "WOW ppu": "$1.86 / 100G"
  },
  {
    "Brand_Product_Size": "Biostime Sn-2 Bio Plus Ultra Goat Follow-on Formula Stage 2 800g",
    "WOW Price": 40,
    "WOW Size": "800g",
    "WOW ppu": "$5.00 / 100G"
  },
  {
    "Brand_Product_Size": "Woolworths Cookies Triple Choc 24 pack",
    "WOW Price": 5,
    "WOW Size": "24 pack",
    "WOW ppu": "$0.21 / 1EA"
  },
  {
    "Brand_Product_Size": "Woolworths Cookies Triple Choc 24 pack",
    "WOW Price": 5,
    "WOW Size": "24 pack",
    "WOW ppu": "$0.21 / 1EA"
  },
  {
    "Brand_Product_Size": "Woolworths Cookies Choc Chip 24 pack",
    "WOW Price": 5,
    "WOW Size": "24 pack",
    "WOW ppu": "$0.21 / 1EA"
  },
  {
    "Brand_Product_Size": "Woolworths Cookies Choc Chip 24 pack",
    "WOW Price": 5,
    "WOW Size": "24 pack",
    "WOW ppu": "$0.21 / 1EA"
  },
  {
    "Brand_Product_Size": "Lawson's Settlers Grain Traditional Bread 750g",
    "WOW Price": 3.9,
    "WOW Size": "750g",
    "WOW ppu": "$0.52 / 100G"
  },
  {
    "Brand_Product_Size": "Heinz Soup Of The Day Pouch Pea And Ham 430g",
    "WOW Price": 3,
    "WOW Size": "430g",
    "WOW ppu": "$0.70 / 100G"
  },
  {
    "Brand_Product_Size": "Baracuda Skimmer Socks 5 pack",
    "WOW Price": 10,
    "WOW Size": "5 pack",
    "WOW ppu": "$10.00 / 1EA"
  },
  {
    "Brand_Product_Size": "Continental Cup A Soup Asian Laksa 2 pack",
    "WOW Price": 1.05,
    "WOW Size": "2 pack",
    "WOW ppu": "$1.62 / 100G"
  },
  {
    "Brand_Product_Size": "Woolworths Anzac Biscuit Family 24 pack",
    "WOW Price": 5,
    "WOW Size": "24 pack",
    "WOW ppu": "$0.21 / 1EA"
  },
  {
    "Brand_Product_Size": "Woolworths Anzac Biscuit Family 24 pack",
    "WOW Price": 5,
    "WOW Size": "24 pack",
    "WOW ppu": "$0.21 / 1EA"
  },
  {
    "Brand_Product_Size": "Chum Adult Dog Food Lamb 1.2kg",
    "WOW Price": 3.2,
    "WOW Size": "1.2kg",
    "WOW ppu": "$0.27 / 100G"
  },
  {
    "Brand_Product_Size": "Peanut Butter Lovers Bundle",
    "WOW Price": 12,
    "WOW Size": "",
    "WOW ppu": ""
  },
  {
    "Brand_Product_Size": "Bega Peanut Butter Crunchy 780g",
    "WOW Price": 6.5,
    "WOW Size": "780g",
    "WOW ppu": "$0.83 / 100G"
  },
  {
    "Brand_Product_Size": "Bega Peanut Butter Crunchy 780g",
    "WOW Price": 6.5,
    "WOW Size": "780g",
    "WOW ppu": "$0.83 / 100G"
  },
  {
    "Brand_Product_Size": "Brita Limescale Filter Cartridge 3 pack",
    "WOW Price": 43.5,
    "WOW Size": "3 pack",
    "WOW ppu": ""
  },
  {
    "Brand_Product_Size": "Captain's Table Water Crackers Chilli Salt 125g",
    "WOW Price": 1.8,
    "WOW Size": "125g",
    "WOW ppu": "$1.44 / 100G"
  },
  {
    "Brand_Product_Size": "Gillette Skinguard Razor Cartridges 4 pack",
    "WOW Price": 19.6,
    "WOW Size": "4 pack",
    "WOW ppu": "$4.90 / 1EA"
  },
  {
    "Brand_Product_Size": "Blue M Rhubarb & Orange Jam 220g",
    "WOW Price": 6.5,
    "WOW Size": "220g",
    "WOW ppu": "$2.95 / 100G"
  },
  {
    "Brand_Product_Size": "Korbond Congratulations Foil Balloons Metallic Set 100g",
    "WOW Price": 10,
    "WOW Size": "100g",
    "WOW ppu": "$10.00 / 1EA"
  },
  {
    "Brand_Product_Size": "Della Rosa Stone Baked Meat Feasr Pizza 450g",
    "WOW Price": 6.5,
    "WOW Size": "450g",
    "WOW ppu": "$1.44 / 100G"
  },
  {
    "Brand_Product_Size": "Bonds Zip Wondersuit Disney Lion King Grey Size 2 each",
    "WOW Price": 30,
    "WOW Size": "each",
    "WOW ppu": ""
  },
  {
    "Brand_Product_Size": "The Market Grocer Dried Cranberries Whole 250g",
    "WOW Price": 5.25,
    "WOW Size": "250g",
    "WOW ppu": "$21.00 / 1KG"
  },
  {
    "Brand_Product_Size": "Thankyou. Purifying Body Bar With Green Clay 100g",
    "WOW Price": 3.5,
    "WOW Size": "100g",
    "WOW ppu": "$3.50 / 100G"
  },
  {
    "Brand_Product_Size": "Darrell Lea Bb's Chocolate Mint 185g",
    "WOW Price": 3.5,
    "WOW Size": "185g",
    "WOW ppu": "$1.89 / 100G"
  },
  {
    "Brand_Product_Size": "D'orsogna Triple Smoked Leg Ham 97% Fat Free Shaved From The Deli per kg",
    "WOW Price": 20,
    "WOW Size": "per kg",
    "WOW ppu": "$20.00 / 1KG"
  },
  {
    "Brand_Product_Size": "D'orsogna Triple Smoked Leg Ham 97% Fat Free Shaved From The Deli per kg",
    "WOW Price": 20,
    "WOW Size": "per kg",
    "WOW ppu": "$20.00 / 1KG"
  },
  {
    "Brand_Product_Size": "Golden Crumpet Squares 6 pack",
    "WOW Price": 4.2,
    "WOW Size": "6 pack",
    "WOW ppu": "$0.70 / 1EA"
  },
  {
    "Brand_Product_Size": "Golden Pancakes 6 pack 360g",
    "WOW Price": 5,
    "WOW Size": "6 pack 360g",
    "WOW ppu": "$1.39 / 100G"
  },
  {
    "Brand_Product_Size": "Golden Crumpets Round Wholemeal 6 pack",
    "WOW Price": 1.85,
    "WOW Size": "6 pack",
    "WOW ppu": "$0.31 / 1EA"
  },
  {
    "Brand_Product_Size": "Golden Crumpets Round 6 pack",
    "WOW Price": 1.85,
    "WOW Size": "6 pack",
    "WOW ppu": "$0.31 / 1EA"
  },
  {
    "Brand_Product_Size": "Golden Pikelets 8 pack",
    "WOW Price": 4,
    "WOW Size": "8 pack",
    "WOW ppu": "$0.50 / 1EA"
  },
  {
    "Brand_Product_Size": "Golden Pikelets 8 pack",
    "WOW Price": 4,
    "WOW Size": "8 pack",
    "WOW ppu": "$0.50 / 1EA"
  },
  {
    "Brand_Product_Size": "Masterfoods Seafood Sauce Cocktail 260g",
    "WOW Price": 1.9,
    "WOW Size": "260g",
    "WOW ppu": "$0.73 / 100G"
  },
  {
    "Brand_Product_Size": "Carman's Crackers Pepita & Poppy Seed 80g",
    "WOW Price": 3.8,
    "WOW Size": "80g",
    "WOW ppu": "$4.75 / 100G"
  },
  {
    "Brand_Product_Size": "Cadbury Baking White Chocolate 180g",
    "WOW Price": 3,
    "WOW Size": "180g",
    "WOW ppu": "$1.67 / 100G"
  },
  {
    "Brand_Product_Size": "Dollar Sweets Raspberry Flavoured Baking Filling 400g",
    "WOW Price": 5,
    "WOW Size": "400g",
    "WOW ppu": "$1.25 / 100G"
  },
  {
    "Brand_Product_Size": "Continental Creamy Bacon Carbonara Pasta & Sauce Value Pack 145g",
    "WOW Price": 3,
    "WOW Size": "145g",
    "WOW ppu": "$2.07 / 100G"
  },
  {
    "Brand_Product_Size": "Ardmona Rich & Thick Classic Finely Chopped Tomatoes 410g",
    "WOW Price": 1.8,
    "WOW Size": "410g",
    "WOW ppu": "$4.39 / 1KG"
  },
  {
    "Brand_Product_Size": "Heinz Big N Chunky Canned Soup Peppered Steak 535g",
    "WOW Price": 2,
    "WOW Size": "535g",
    "WOW ppu": "$0.37 / 100G"
  },
  {
    "Brand_Product_Size": "Csr Smart White Sugar Blend 500g",
    "WOW Price": 3,
    "WOW Size": "500g",
    "WOW ppu": "$0.60 / 100G"
  },
  {
    "Brand_Product_Size": "Continental Recipe Base Chow Mein Mince 30g",
    "WOW Price": 1.6,
    "WOW Size": "30g",
    "WOW ppu": "$5.33 / 100G"
  },
  {
    "Brand_Product_Size": "Hot Pot Dips Spicy 140g",
    "WOW Price": 2.3,
    "WOW Size": "140g",
    "WOW ppu": "$1.64 / 100G"
  },
  {
    "Brand_Product_Size": "Aeroplane Jelly Lite Mango Passionfruit 2x9g",
    "WOW Price": 1.8,
    "WOW Size": "2x9g",
    "WOW ppu": "$10.00 / 100G"
  },
  {
    "Brand_Product_Size": "Rimmel Contouring Palette Kate 18.5g",
    "WOW Price": 8.5,
    "WOW Size": "18.5g",
    "WOW ppu": "$4.59 / 10G"
  },
  {
    "Brand_Product_Size": "Barrs Dandelion And Burdock Can 330mL",
    "WOW Price": 2.35,
    "WOW Size": "330mL",
    "WOW ppu": "$0.71 / 100ML"
  },
  {
    "Brand_Product_Size": "Carman's Crackers Rosemary Sea Salt 80g",
    "WOW Price": 3.8,
    "WOW Size": "80g",
    "WOW ppu": "$4.75 / 100G"
  },
  {
    "Brand_Product_Size": "Mint Metal Skewer 25cm 10 pack",
    "WOW Price": 6,
    "WOW Size": "10 pack",
    "WOW ppu": ""
  },
  {
    "Brand_Product_Size": "Mccormicks Grill Mates Smokin Texas Bbq Rub 40g",
    "WOW Price": 1.5,
    "WOW Size": "40g",
    "WOW ppu": "$0.38 / 10G"
  },
  {
    "Brand_Product_Size": "Campbell's Real Chicken Liquid Stock Salt Reduced 1L",
    "WOW Price": 3,
    "WOW Size": "1L",
    "WOW ppu": "$0.30 / 100ML"
  },
  {
    "Brand_Product_Size": "Schick Hydro 5 Sense Hydrate 4 pack",
    "WOW Price": 16.8,
    "WOW Size": "4 pack",
    "WOW ppu": "$4.20 / 1EA"
  },
  {
    "Brand_Product_Size": "Musashi High Protein Shake Iced Chocolate 375mL",
    "WOW Price": 4.05,
    "WOW Size": "375mL",
    "WOW ppu": "$1.08 / 100ML"
  },
  {
    "Brand_Product_Size": "Schmackos Tasty Bites Cheesy Nibbles Cheese & Beef Dog Treats 140g",
    "WOW Price": 3,
    "WOW Size": "140g",
    "WOW ppu": "$2.14 / 100G"
  },
  {
    "Brand_Product_Size": "Heinz Soup Of The Day Pouch Old Fashion Chicken 430g",
    "WOW Price": 3,
    "WOW Size": "430g",
    "WOW ppu": "$0.70 / 100G"
  },
  {
    "Brand_Product_Size": "Calidad Epson 133 Bcmy Ink Cartridge 4 pack",
    "WOW Price": 50,
    "WOW Size": "4 pack",
    "WOW ppu": ""
  },
  {
    "Brand_Product_Size": "Woolworths For Kids Boys Underwear Fly Front Trunks 12-14 3 pack",
    "WOW Price": 8,
    "WOW Size": "3 pack",
    "WOW ppu": ""
  },
  {
    "Brand_Product_Size": "Woolworths For Kids Boys Underwear Fly Front Trunks 8-10 3 pack",
    "WOW Price": 8,
    "WOW Size": "3 pack",
    "WOW ppu": ""
  },
  {
    "Brand_Product_Size": "Head & Shoulders Ultra Men Shampoo Deep Clean 400mL",
    "WOW Price": 10.5,
    "WOW Size": "400mL",
    "WOW ppu": "$2.63 / 100ML"
  },
  {
    "Brand_Product_Size": "Bonds Insta Tan Slimming Sheer Tights Light Xl each",
    "WOW Price": 8,
    "WOW Size": "each",
    "WOW ppu": ""
  },
  {
    "Brand_Product_Size": "Cadbury Cherry Ripe Sharepack 12 pack 180g",
    "WOW Price": 5,
    "WOW Size": "12 pack 180g",
    "WOW ppu": "$2.78 / 100G"
  },
  {
    "Brand_Product_Size": "Red Seal Strong Mint Toothpaste 100g",
    "WOW Price": 4.5,
    "WOW Size": "100g",
    "WOW ppu": "$4.50 / 100G"
  },
  {
    "Brand_Product_Size": "Macro Organic Pinto Beans 420g",
    "WOW Price": 1.3,
    "WOW Size": "420g",
    "WOW ppu": "$0.31 / 100G"
  },
  {
    "Brand_Product_Size": "Olay Daily Facial Wipes Hydrating Water-activated Dry Cloths 33 pack",
    "WOW Price": 10,
    "WOW Size": "33 pack",
    "WOW ppu": "$0.30 / 1EA"
  },
  {
    "Brand_Product_Size": "Mcobeauty Instant Erase Concealer 03 Medium 6mL",
    "WOW Price": 8,
    "WOW Size": "6mL",
    "WOW ppu": "$13.33 / 10ML"
  },
  {
    "Brand_Product_Size": "Della Rosa Stone Baked Pepperoni Pizza 450g",
    "WOW Price": 6.5,
    "WOW Size": "450g",
    "WOW ppu": "$1.44 / 100G"
  },
  {
    "Brand_Product_Size": "Philadelphia Cream Cheese Spread 250g",
    "WOW Price": 3.75,
    "WOW Size": "250g",
    "WOW ppu": "$15.00 / 1KG"
  },
  {
    "Brand_Product_Size": "Philadelphia Cream Cheese Spread 250g",
    "WOW Price": 3.75,
    "WOW Size": "250g",
    "WOW ppu": "$15.00 / 1KG"
  },
  {
    "Brand_Product_Size": "Philadelphia Cream Cheese Spread 250g",
    "WOW Price": 3.75,
    "WOW Size": "250g",
    "WOW ppu": "$15.00 / 1KG"
  },
  {
    "Brand_Product_Size": "Mccormicks Mexican Style Street Food Seasoning 25g",
    "WOW Price": 2,
    "WOW Size": "25g",
    "WOW ppu": "$0.80 / 10G"
  },
  {
    "Brand_Product_Size": "Ritz Breakz Original 250g",
    "WOW Price": 2.5,
    "WOW Size": "250g",
    "WOW ppu": "$1.00 / 100G"
  },
  {
    "Brand_Product_Size": "Praise Beetroot Style Mayo 250mL",
    "WOW Price": 3,
    "WOW Size": "250mL",
    "WOW ppu": "$1.20 / 100ML"
  },
  {
    "Brand_Product_Size": "Lipton Superfine Cold Infusion Ginger Melon 12 pack",
    "WOW Price": 4.85,
    "WOW Size": "12 pack",
    "WOW ppu": "$0.40 / 1EA"
  },
  {
    "Brand_Product_Size": "Lipton Superfine Cold Infusion Ginger Melon 12 pack",
    "WOW Price": 4.85,
    "WOW Size": "12 pack",
    "WOW ppu": "$0.40 / 1EA"
  },
  {
    "Brand_Product_Size": "Continental Soup Sensations Mushroom & Bacon 48g",
    "WOW Price": 2.5,
    "WOW Size": "48g",
    "WOW ppu": "$5.21 / 100G"
  },
  {
    "Brand_Product_Size": "Continental Soup Sensations Farmhouse Potato & Leek 60g",
    "WOW Price": 2.5,
    "WOW Size": "60g",
    "WOW ppu": "$4.17 / 100G"
  },
  {
    "Brand_Product_Size": "Hart & Soul All Natural Massaman Curry Recipe Base 80g",
    "WOW Price": 1.25,
    "WOW Size": "80g",
    "WOW ppu": "$1.56 / 100G"
  },
  {
    "Brand_Product_Size": "Schwarzkopf Live Colour Hazelnut 75mL",
    "WOW Price": 14,
    "WOW Size": "75mL",
    "WOW ppu": "$18.67 / 100ML"
  },
  {
    "Brand_Product_Size": "Cove Concentrate Laundry Liquid 475mL",
    "WOW Price": 15,
    "WOW Size": "475mL",
    "WOW ppu": "$3.16 / 100ML"
  },
  {
    "Brand_Product_Size": "Cottons Panty Liners Ultra Thin 24 pack",
    "WOW Price": 2.4,
    "WOW Size": "24 pack",
    "WOW ppu": "$0.10 / 1EA"
  },
  {
    "Brand_Product_Size": "Akin Antibacterial Purifying Hand Wash 500mL",
    "WOW Price": 15,
    "WOW Size": "500mL",
    "WOW ppu": "$3.00 / 100ML"
  },
  {
    "Brand_Product_Size": "Palmolive Eco Antibacterial Dishwashing Liquid Lavender Rosemary 450mL",
    "WOW Price": 5,
    "WOW Size": "450mL",
    "WOW ppu": "$1.11 / 100ML"
  },
  {
    "Brand_Product_Size": "Nestle Yorkie Bar 46g",
    "WOW Price": 2,
    "WOW Size": "46g",
    "WOW ppu": "$4.35 / 100G"
  },
  {
    "Brand_Product_Size": "Praise Smokey Bbq Mayo 250mL",
    "WOW Price": 3,
    "WOW Size": "250mL",
    "WOW ppu": "$1.20 / 100ML"
  },
  {
    "Brand_Product_Size": "Cottons Tampons Regular 16 pack",
    "WOW Price": 4,
    "WOW Size": "16 pack",
    "WOW ppu": "$0.25 / 1EA"
  },
  {
    "Brand_Product_Size": "Lee Kum Kee Cantonese Chicken Ready Sauce 120g",
    "WOW Price": 1.7,
    "WOW Size": "120g",
    "WOW ppu": "$1.42 / 100G"
  },
  {
    "Brand_Product_Size": "Dettol Australian Heartland Rosella Hand Wash Refill 1L",
    "WOW Price": 16,
    "WOW Size": "1L",
    "WOW ppu": "$1.60 / 100ML"
  },
  {
    "Brand_Product_Size": "Mckenzie's Chick Peas 1kg",
    "WOW Price": 3.6,
    "WOW Size": "1kg",
    "WOW ppu": "$0.36 / 100G"
  },
  {
    "Brand_Product_Size": "White Wings Mixed Berry & Custard Danish Mix 488g",
    "WOW Price": 4.8,
    "WOW Size": "488g",
    "WOW ppu": "$0.98 / 100G"
  },
  {
    "Brand_Product_Size": "Hercules Resealable Twin Zip Medium Storage Bag 15 pack",
    "WOW Price": 2.5,
    "WOW Size": "15 pack",
    "WOW ppu": "$0.17 / 1EA"
  },
  {
    "Brand_Product_Size": "The Natural Chip Co. Salt & Vinegar 220g",
    "WOW Price": 2.5,
    "WOW Size": "220g",
    "WOW ppu": "$1.14 / 100G"
  },
  {
    "Brand_Product_Size": "Edgell Lentils 400g",
    "WOW Price": 1.5,
    "WOW Size": "400g",
    "WOW ppu": "$3.75 / 1KG"
  },
  {
    "Brand_Product_Size": "Schwarzkopf Brilliance Iconic Blondes 35 Champagne Blonde each",
    "WOW Price": 7.2,
    "WOW Size": "each",
    "WOW ppu": "$7.20 / 1EA"
  },
  {
    "Brand_Product_Size": "Schwarzkopf Brilliance Iconic Blondes 11 Scandinavian Blonde each",
    "WOW Price": 7.2,
    "WOW Size": "each",
    "WOW ppu": "$7.20 / 1EA"
  },
  {
    "Brand_Product_Size": "Schwarzkopf Brilliance 85 Violet Vision 1 pack",
    "WOW Price": 7.2,
    "WOW Size": "1 pack",
    "WOW ppu": ""
  },
  {
    "Brand_Product_Size": "Schwarzkopf Brilliance 43 Red Passion 1 pack",
    "WOW Price": 7.2,
    "WOW Size": "1 pack",
    "WOW ppu": ""
  },
  {
    "Brand_Product_Size": "Schwarzkopf Brilliance 68 Chocolate Rush 1 pack",
    "WOW Price": 7.2,
    "WOW Size": "1 pack",
    "WOW ppu": ""
  },
  {
    "Brand_Product_Size": "Schwarzkopf Brilliance 89 Bitter Sweet Chocolate 1 pack",
    "WOW Price": 7.2,
    "WOW Size": "1 pack",
    "WOW ppu": ""
  },
  {
    "Brand_Product_Size": "Schwarzkopf Brilliance 37 Hype Red 1 pack",
    "WOW Price": 7.2,
    "WOW Size": "1 pack",
    "WOW ppu": ""
  },
  {
    "Brand_Product_Size": "Schwarzkopf Brilliance Hair Colour 3.0 Romantic Brown each",
    "WOW Price": 7.2,
    "WOW Size": "each",
    "WOW ppu": "$5.05 / 100ML"
  },
  {
    "Brand_Product_Size": "Schwarzkopf Nordic Blonde Hair Colour T1 Refresher Mousse each",
    "WOW Price": 5,
    "WOW Size": "each",
    "WOW ppu": "$5.43 / 100G"
  },
  {
    "Brand_Product_Size": "Schwarzkopf Live Salon Permanent 3-99 Deep Violet each",
    "WOW Price": 14,
    "WOW Size": "each",
    "WOW ppu": "$14.00 / 1EA"
  },
  {
    "Brand_Product_Size": "Schwarzkopf Gem Collection - Brilliance 05 Dark Ruby each",
    "WOW Price": 7.2,
    "WOW Size": "each",
    "WOW ppu": ""
  },
  {
    "Brand_Product_Size": "Schwarzkopf Brilliance 23 Burgundy Chic each",
    "WOW Price": 7.2,
    "WOW Size": "each",
    "WOW ppu": ""
  },
  {
    "Brand_Product_Size": "Schwarzkopf Nordic Blonde L1+ Extreme Lightener each",
    "WOW Price": 6.5,
    "WOW Size": "each",
    "WOW ppu": ""
  },
  {
    "Brand_Product_Size": "Schwarzkopf Nordic Blonde L101 Silver Blonde each",
    "WOW Price": 6.5,
    "WOW Size": "each",
    "WOW ppu": ""
  },
  {
    "Brand_Product_Size": "Schick Hydro 5 Sense Hydrate Kit each",
    "WOW Price": 8,
    "WOW Size": "each",
    "WOW ppu": "$8.00 / 1EA"
  },
  {
    "Brand_Product_Size": "Schwarzkopf Brilliance Colour Creme 50 Venetian Sunset each",
    "WOW Price": 7.2,
    "WOW Size": "each",
    "WOW ppu": "$7.20 / 1EA"
  },
  {
    "Brand_Product_Size": "Praise Creamy Chilli & Mango Dressing 250mL",
    "WOW Price": 2.95,
    "WOW Size": "250mL",
    "WOW ppu": "$1.18 / 100ML"
  },
  {
    "Brand_Product_Size": "Abbott's Village Bakery Dark Rye Bread 700g",
    "WOW Price": 3.8,
    "WOW Size": "700g",
    "WOW ppu": "$0.54 / 100G"
  },
  {
    "Brand_Product_Size": "Bega Peanut Butter Smooth 780g",
    "WOW Price": 6.5,
    "WOW Size": "780g",
    "WOW ppu": "$0.83 / 100G"
  },
  {
    "Brand_Product_Size": "Bega Peanut Butter Smooth 780g",
    "WOW Price": 6.5,
    "WOW Size": "780g",
    "WOW ppu": "$0.83 / 100G"
  },
  {
    "Brand_Product_Size": "Tip Top Raisin Toast 520g",
    "WOW Price": 3.2,
    "WOW Size": "520g",
    "WOW ppu": "$0.62 / 100G"
  },
  {
    "Brand_Product_Size": "Tip Top English Muffins Original 6 pack",
    "WOW Price": 5,
    "WOW Size": "6 pack",
    "WOW ppu": "$0.83 / 1EA"
  },
  {
    "Brand_Product_Size": "Tip Top English Muffins Wholemeal 6 pack",
    "WOW Price": 5,
    "WOW Size": "6 pack",
    "WOW ppu": "$0.83 / 1EA"
  },
  {
    "Brand_Product_Size": "Greenseas Tuna Spicy Chilli 95g",
    "WOW Price": 1.7,
    "WOW Size": "95g",
    "WOW ppu": "$17.89 / 1KG"
  },
  {
    "Brand_Product_Size": "Tip Top Wholemeal Raisin Toast Loaf 600g",
    "WOW Price": 3.2,
    "WOW Size": "600g",
    "WOW ppu": "$0.53 / 100G"
  },
  {
    "Brand_Product_Size": "Woolworths Bread Wholemeal Loaf 680g",
    "WOW Price": 2,
    "WOW Size": "680g",
    "WOW ppu": "$0.29 / 100G"
  },
  {
    "Brand_Product_Size": "Woolworths Bread Wholemeal Loaf 680g",
    "WOW Price": 2,
    "WOW Size": "680g",
    "WOW ppu": "$0.29 / 100G"
  },
  {
    "Brand_Product_Size": "Abbott's Village Bakery Sourdough Grains & Seeds Loaf 760g",
    "WOW Price": 4.3,
    "WOW Size": "760g",
    "WOW ppu": "$0.57 / 100G"
  },
  {
    "Brand_Product_Size": "Coca-cola No Sugar 1L",
    "WOW Price": 4.2,
    "WOW Size": "1L",
    "WOW ppu": "$4.20 / 1L"
  },
  {
    "Brand_Product_Size": "Carbonell Extra Light Olive Oil 1L",
    "WOW Price": 9,
    "WOW Size": "1L",
    "WOW ppu": "$0.90 / 100ML"
  },
  {
    "Brand_Product_Size": "Thankyou. Jumbo Nappies Toddler 10-15kg 72ea",
    "WOW Price": 28,
    "WOW Size": "72ea",
    "WOW ppu": "$0.39 / 1EA"
  },
  {
    "Brand_Product_Size": "Bokoma Pronutro Chocolate South African 500g",
    "WOW Price": 7.2,
    "WOW Size": "500g",
    "WOW ppu": "$1.44 / 100G"
  },
  {
    "Brand_Product_Size": "Mighty Soft Fruity-licious Apple Fig & Caramel Loaf 560g",
    "WOW Price": 3.2,
    "WOW Size": "560g",
    "WOW ppu": "$0.57 / 100G"
  },
  {
    "Brand_Product_Size": "Darrell Lea Bear Hug Milk Chocolate Block 160g",
    "WOW Price": 5,
    "WOW Size": "160g",
    "WOW ppu": "$3.13 / 100G"
  },
  {
    "Brand_Product_Size": "Essentials Traditional Gravy Mix 425g",
    "WOW Price": 2.9,
    "WOW Size": "425g",
    "WOW ppu": "$0.07 / 10G"
  },
  {
    "Brand_Product_Size": "Inspire Non-stick 18cm Saucepan With Lid each",
    "WOW Price": 12,
    "WOW Size": "each",
    "WOW ppu": ""
  },
  {
    "Brand_Product_Size": "Darrell Lea Peppermint Party Time Block 180g",
    "WOW Price": 5,
    "WOW Size": "180g",
    "WOW ppu": "$2.78 / 100G"
  },
  {
    "Brand_Product_Size": "Armada Dinosaur Paper Plates 10 pack",
    "WOW Price": 2,
    "WOW Size": "10 pack",
    "WOW ppu": ""
  },
  {
    "Brand_Product_Size": "Black+decker 3.6v Lithium-ion Dustbuster each",
    "WOW Price": 20.3,
    "WOW Size": "each",
    "WOW ppu": "$20.30 / 1EA"
  },
  {
    "Brand_Product_Size": "Lipton Superfine Cold Infusion Matcha Basil Apple 12 pack",
    "WOW Price": 4.85,
    "WOW Size": "12 pack",
    "WOW ppu": "$0.40 / 1EA"
  },
  {
    "Brand_Product_Size": "Lipton Superfine Cold Infusion Matcha Basil Apple 12 pack",
    "WOW Price": 4.85,
    "WOW Size": "12 pack",
    "WOW ppu": "$0.40 / 1EA"
  },
  {
    "Brand_Product_Size": "Lawson's Wholemeal Traditional Bread 750g",
    "WOW Price": 3.9,
    "WOW Size": "750g",
    "WOW ppu": "$0.52 / 100G"
  },
  {
    "Brand_Product_Size": "Armada Paper Straws 20 pack",
    "WOW Price": 2.5,
    "WOW Size": "20 pack",
    "WOW ppu": ""
  },
  {
    "Brand_Product_Size": "Woolworths Paper Straws Premium 20 pack",
    "WOW Price": 2,
    "WOW Size": "20 pack",
    "WOW ppu": "$0.10 / 1EA"
  },
  {
    "Brand_Product_Size": "Heinz Big N Chunky Canned Chilli Beef 520g",
    "WOW Price": 2,
    "WOW Size": "520g",
    "WOW ppu": "$0.38 / 100G"
  },
  {
    "Brand_Product_Size": "Mighty Soft Bread Rolls Hot Dog 6 pack",
    "WOW Price": 3,
    "WOW Size": "6 pack",
    "WOW ppu": "$0.50 / 1EA"
  },
  {
    "Brand_Product_Size": "Cadbury Old Gold Dark Chocolate Caramel 180g",
    "WOW Price": 4.5,
    "WOW Size": "180g",
    "WOW ppu": "$2.50 / 100G"
  },
  {
    "Brand_Product_Size": "Noshu 98% Sugar Free Vanilla Cupcakes Mix 350g",
    "WOW Price": 8,
    "WOW Size": "350g",
    "WOW ppu": "$2.29 / 100G"
  },
  {
    "Brand_Product_Size": "Plantly Hydrate Enhanced Water & Juice Raspberry & Hibiscus 1.25L",
    "WOW Price": 5,
    "WOW Size": "1.25L",
    "WOW ppu": "$4.00 / 1L"
  },
  {
    "Brand_Product_Size": "Mint Glazed Small Bowl Blue each",
    "WOW Price": 3,
    "WOW Size": "each",
    "WOW ppu": ""
  },
  {
    "Brand_Product_Size": "Ina Paarman Braai & Grill Shaker 200mL",
    "WOW Price": 5,
    "WOW Size": "200mL",
    "WOW ppu": "$2.50 / 100ML"
  },
  {
    "Brand_Product_Size": "Harvest Beef Steak Vegetables 425g",
    "WOW Price": 4,
    "WOW Size": "425g",
    "WOW ppu": "$9.41 / 1KG"
  },
  {
    "Brand_Product_Size": "Korbond Alteration Kit each",
    "WOW Price": 10,
    "WOW Size": "each",
    "WOW ppu": ""
  },
  {
    "Brand_Product_Size": "Essentials Cat Food Chicken & Seafood 1kg",
    "WOW Price": 2.59,
    "WOW Size": "1kg",
    "WOW ppu": "$0.26 / 100G"
  },
  {
    "Brand_Product_Size": "Preshafruit Cold Pressed Pink Lady Apple Juice 1L",
    "WOW Price": 5,
    "WOW Size": "1L",
    "WOW ppu": "$5.00 / 1L"
  },
  {
    "Brand_Product_Size": "Abbott's Village Bakery Light Rye Bread 680g",
    "WOW Price": 3.8,
    "WOW Size": "680g",
    "WOW ppu": "$0.56 / 100G"
  },
  {
    "Brand_Product_Size": "Burgen Bread Wholegrain & Oats 700g",
    "WOW Price": 5,
    "WOW Size": "700g",
    "WOW ppu": "$0.71 / 100G"
  },
  {
    "Brand_Product_Size": "Wonder White Smooth Wholegrain 700g",
    "WOW Price": 3.4,
    "WOW Size": "700g",
    "WOW ppu": "$0.49 / 100G"
  },
  {
    "Brand_Product_Size": "Wonder White Smooth Wholegrain 700g",
    "WOW Price": 3.4,
    "WOW Size": "700g",
    "WOW ppu": "$0.49 / 100G"
  },
  {
    "Brand_Product_Size": "Queen Smiley Icing Decorations 12 pack",
    "WOW Price": 3.5,
    "WOW Size": "12 pack",
    "WOW ppu": "$29.17 / 100G"
  },
  {
    "Brand_Product_Size": "Abbott's Village Bakery Country Grains 800g",
    "WOW Price": 3.8,
    "WOW Size": "800g",
    "WOW ppu": "$0.48 / 100G"
  },
  {
    "Brand_Product_Size": "Abbott's Village Bakery Rustic White Bread Loaf 700g",
    "WOW Price": 3.8,
    "WOW Size": "700g",
    "WOW ppu": "$0.54 / 100G"
  },
  {
    "Brand_Product_Size": "Woolworths Free From Gluten White Wraps 4 pack",
    "WOW Price": 4.5,
    "WOW Size": "4 pack",
    "WOW ppu": "$2.25 / 100G"
  },
  {
    "Brand_Product_Size": "Csr All Natural Buttercream Icing Mix Strawberry Flavour 250g",
    "WOW Price": 3,
    "WOW Size": "250g",
    "WOW ppu": "$1.20 / 100G"
  },
  {
    "Brand_Product_Size": "Mighty Soft White Roll 6 pack",
    "WOW Price": 3,
    "WOW Size": "6 pack",
    "WOW ppu": "$0.55 / 100G"
  },
  {
    "Brand_Product_Size": "Violet Crumble Caramel Bites 170g",
    "WOW Price": 4.4,
    "WOW Size": "170g",
    "WOW ppu": "$2.59 / 100G"
  },
  {
    "Brand_Product_Size": "Arnott's Hundreds And Thousands 200g",
    "WOW Price": 2.5,
    "WOW Size": "200g",
    "WOW ppu": "$1.25 / 100G"
  },
  {
    "Brand_Product_Size": "Lindt Excellence White Chocolate Extra Silky 100g bLock",
    "WOW Price": 2.7,
    "WOW Size": "100g bLock",
    "WOW ppu": "$2.70 / 100G"
  },
  {
    "Brand_Product_Size": "Twinings Mango & Strawberry Fruit Infusions 10 pack",
    "WOW Price": 2.9,
    "WOW Size": "10 pack",
    "WOW ppu": "$0.29 / 1EA"
  },
  {
    "Brand_Product_Size": "Twinings Mango & Strawberry Fruit Infusions 10 pack",
    "WOW Price": 2.9,
    "WOW Size": "10 pack",
    "WOW ppu": "$0.29 / 1EA"
  },
  {
    "Brand_Product_Size": "Wiltshire Composite Board each",
    "WOW Price": 8.8,
    "WOW Size": "each",
    "WOW ppu": ""
  },
  {
    "Brand_Product_Size": "Dove Men Shampoo 2in1 Daily Deep Clean 300mL",
    "WOW Price": 3.25,
    "WOW Size": "300mL",
    "WOW ppu": "$1.08 / 100ML"
  },
  {
    "Brand_Product_Size": "Babylove Cosifit Jumbo Nappies Toddler 69 pack",
    "WOW Price": 25,
    "WOW Size": "69 pack",
    "WOW ppu": "$0.36 / 1EA"
  },
  {
    "Brand_Product_Size": "Mighty Soft Fruity-licious Cranberry Raspberry & Spice Loaf 560g",
    "WOW Price": 3.2,
    "WOW Size": "560g",
    "WOW ppu": "$0.57 / 100G"
  },
  {
    "Brand_Product_Size": "Olay Daily Facial Wipes Sensitive Water-activated Dry Cloths 33 cLoths",
    "WOW Price": 10,
    "WOW Size": "33 cLoths",
    "WOW ppu": "$0.30 / 1EA"
  },
  {
    "Brand_Product_Size": "Woolworths Microwave Quick Pasta Spiral 300g",
    "WOW Price": 2.5,
    "WOW Size": "300g",
    "WOW ppu": "$0.83 / 100G"
  },
  {
    "Brand_Product_Size": "Sau Tao Non Fried Stewed Chicken Instant Noodle Bowl 93g",
    "WOW Price": 2.5,
    "WOW Size": "93g",
    "WOW ppu": "$2.69 / 100G"
  },
  {
    "Brand_Product_Size": "Tokyo Ramen Noodle Spicy 4 pack",
    "WOW Price": 2.7,
    "WOW Size": "4 pack",
    "WOW ppu": "$2.25 / 100G"
  },
  {
    "Brand_Product_Size": "Sau Tao Ho Fan Pork Rib Soup Noodle Bowl 80g",
    "WOW Price": 2.5,
    "WOW Size": "80g",
    "WOW ppu": "$3.13 / 100G"
  },
  {
    "Brand_Product_Size": "From The Deli Grazing Table Platter each",
    "WOW Price": 55,
    "WOW Size": "each",
    "WOW ppu": ""
  },
  {
    "Brand_Product_Size": "Family Favourites Platter each",
    "WOW Price": 25,
    "WOW Size": "each",
    "WOW ppu": ""
  },
  {
    "Brand_Product_Size": "Inspire Yarn Dyed Cotton Apron 88cmx73cm each",
    "WOW Price": 6.4,
    "WOW Size": "each",
    "WOW ppu": ""
  },
  {
    "Brand_Product_Size": "Lean Cuisine Protein Plus Honey Ginger With Beans & Grains 350g",
    "WOW Price": 8.5,
    "WOW Size": "350g",
    "WOW ppu": "$2.43 / 100G"
  },
  {
    "Brand_Product_Size": "Brown Kraft Paper Craft Roll 10m each",
    "WOW Price": 4,
    "WOW Size": "each",
    "WOW ppu": ""
  },
  {
    "Brand_Product_Size": "Yumi's French Onion Hommus 200g",
    "WOW Price": 4,
    "WOW Size": "200g",
    "WOW ppu": "$2.00 / 100G"
  },
  {
    "Brand_Product_Size": "Osem Israeli Cous Cous 250g",
    "WOW Price": 2.25,
    "WOW Size": "250g",
    "WOW ppu": "$0.90 / 100G"
  },
  {
    "Brand_Product_Size": "Your Majesty Gourmet Seafood Selection Adult Wet Cat Food 12 pack",
    "WOW Price": 8.5,
    "WOW Size": "12 pack",
    "WOW ppu": "$0.83 / 100G"
  },
  {
    "Brand_Product_Size": "Large Butter Croissant 10 pack",
    "WOW Price": 9,
    "WOW Size": "10 pack",
    "WOW ppu": "$0.90 / 1EA"
  },
  {
    "Brand_Product_Size": "Mini Chocolate Croissant 8 pack",
    "WOW Price": 4,
    "WOW Size": "8 pack",
    "WOW ppu": "$0.50 / 1EA"
  },
  {
    "Brand_Product_Size": "Mini Chocolate Croissant 8 pack",
    "WOW Price": 4,
    "WOW Size": "8 pack",
    "WOW ppu": "$0.50 / 1EA"
  },
  {
    "Brand_Product_Size": "Buderim Ginger Marmalade 365g",
    "WOW Price": 3.4,
    "WOW Size": "365g",
    "WOW ppu": "$0.93 / 100G"
  },
  {
    "Brand_Product_Size": "Inspire Piccolo Coffee Mug Set 4 pack",
    "WOW Price": 5.6,
    "WOW Size": "4 pack",
    "WOW ppu": ""
  },
  {
    "Brand_Product_Size": "Sauer's Bakehouse Turkish Bread 430g",
    "WOW Price": 3.5,
    "WOW Size": "430g",
    "WOW ppu": "$0.81 / 100G"
  },
  {
    "Brand_Product_Size": "Sauer's Bakehouse Bread Rolls Turkish 2 pack",
    "WOW Price": 2.5,
    "WOW Size": "2 pack",
    "WOW ppu": "$1.25 / 1EA"
  },
  {
    "Brand_Product_Size": "Bill's Healthy Bakery 7 Seeds Multigrain Sourdough 620g",
    "WOW Price": 6.3,
    "WOW Size": "620g",
    "WOW ppu": "$1.02 / 100G"
  },
  {
    "Brand_Product_Size": "Bill's Healthy Bakery 100% Spelt Sourdough 620g",
    "WOW Price": 7.3,
    "WOW Size": "620g",
    "WOW ppu": "$1.18 / 100G"
  },
  {
    "Brand_Product_Size": "Sauer's Bakehouse Turkish Bread Wholemeal 430g",
    "WOW Price": 3.5,
    "WOW Size": "430g",
    "WOW ppu": "$0.81 / 100G"
  },
  {
    "Brand_Product_Size": "Bill's Certified Organic Ancient Grains 620g",
    "WOW Price": 7.3,
    "WOW Size": "620g",
    "WOW ppu": "$1.18 / 100G"
  },
  {
    "Brand_Product_Size": "Continental Soup Sensations Vine Ripened Tomato & Ricotta 54g",
    "WOW Price": 2.5,
    "WOW Size": "54g",
    "WOW ppu": "$4.63 / 100G"
  },
  {
    "Brand_Product_Size": "Bekaa Spreadable Labneh Dip 400g",
    "WOW Price": 4.7,
    "WOW Size": "400g",
    "WOW ppu": "$1.18 / 100G"
  },
  {
    "Brand_Product_Size": "For Kids Girls Briefs Size 8-10 5 pack",
    "WOW Price": 8,
    "WOW Size": "5 pack",
    "WOW ppu": ""
  },
  {
    "Brand_Product_Size": "Golden Circle Fruit Juice Apple 6x200mL",
    "WOW Price": 3.7,
    "WOW Size": "6x200mL",
    "WOW ppu": "$3.08 / 1L"
  },
  {
    "Brand_Product_Size": "Golden Circle Fruit Juice Apple 6x200mL",
    "WOW Price": 3.7,
    "WOW Size": "6x200mL",
    "WOW ppu": "$3.08 / 1L"
  },
  {
    "Brand_Product_Size": "Hoyt's Chives 15g",
    "WOW Price": 1.85,
    "WOW Size": "15g",
    "WOW ppu": "$1.23 / 10G"
  },
  {
    "Brand_Product_Size": "Continental Value Pack Pasta & Sauce Alfredo 145g",
    "WOW Price": 3,
    "WOW Size": "145g",
    "WOW ppu": "$2.07 / 100G"
  },
  {
    "Brand_Product_Size": "Old Town Coffee 3 In 1 Hazelnut 570g",
    "WOW Price": 7,
    "WOW Size": "570g",
    "WOW ppu": "$1.23 / 100G"
  },
  {
    "Brand_Product_Size": "Decor Microsafe Jewel Value Pack 3 pack",
    "WOW Price": 12,
    "WOW Size": "3 pack",
    "WOW ppu": ""
  },
  {
    "Brand_Product_Size": "Abbott's Village Bakery Farmhouse Wholemeal Bread 750g",
    "WOW Price": 3.8,
    "WOW Size": "750g",
    "WOW ppu": "$0.51 / 100G"
  },
  {
    "Brand_Product_Size": "Darrell Lea Halftime Orange Dark Chocolate Block 160g",
    "WOW Price": 2.5,
    "WOW Size": "160g",
    "WOW ppu": "$1.56 / 100G"
  },
  {
    "Brand_Product_Size": "Korbond Clothes Brush Automatic each",
    "WOW Price": 7,
    "WOW Size": "each",
    "WOW ppu": ""
  },
  {
    "Brand_Product_Size": "Mighty Soft Bread Rolls Hamburger Buns 6 pack",
    "WOW Price": 3,
    "WOW Size": "6 pack",
    "WOW ppu": "$0.50 / 1EA"
  },
  {
    "Brand_Product_Size": "Cadbury Dairy Milk Turkish Delight 180g",
    "WOW Price": 3.5,
    "WOW Size": "180g",
    "WOW ppu": "$1.94 / 100G"
  },
  {
    "Brand_Product_Size": "Pomelo Fresh each",
    "WOW Price": 9.39,
    "WOW Size": "each",
    "WOW ppu": "$9.39 / 1EA"
  },
  {
    "Brand_Product_Size": "B.box Cleaning Brush Set each",
    "WOW Price": 10,
    "WOW Size": "each",
    "WOW ppu": "$10.00 / 1EA"
  },
  {
    "Brand_Product_Size": "Darrell Lea Fairy Block Milk Chocolate Block 160g",
    "WOW Price": 2.5,
    "WOW Size": "160g",
    "WOW ppu": "$1.56 / 100G"
  },
  {
    "Brand_Product_Size": "Banana Boat Face & Body Uv Moisture Sunscreen Lotion Spf50+ 120mL",
    "WOW Price": 12,
    "WOW Size": "120mL",
    "WOW ppu": "$10.00 / 100ML"
  },
  {
    "Brand_Product_Size": "Yumi's Sweet Potato & Cashews Dip 200g",
    "WOW Price": 4,
    "WOW Size": "200g",
    "WOW ppu": "$2.00 / 100G"
  },
  {
    "Brand_Product_Size": "Optimum Grain Free With Chicken & Vegetables Dry Dog Food 2.5kg",
    "WOW Price": 13,
    "WOW Size": "2.5kg",
    "WOW ppu": "$0.52 / 100G"
  },
  {
    "Brand_Product_Size": "Thankyou. Jumbo Nappies Walker 13-18kg 64ea",
    "WOW Price": 28,
    "WOW Size": "64ea",
    "WOW ppu": "$0.44 / 1EA"
  },
  {
    "Brand_Product_Size": "Devondale Shredded Tasty Cheese 600g",
    "WOW Price": 7.5,
    "WOW Size": "600g",
    "WOW ppu": "$12.50 / 1KG"
  },
  {
    "Brand_Product_Size": "Ogx Extra Strength Argan Oil Of Morocco Conditioner 385mL",
    "WOW Price": 21,
    "WOW Size": "385mL",
    "WOW ppu": "$5.45 / 100ML"
  },
  {
    "Brand_Product_Size": "Continental Side Dish Roast Chicken & Leek Risotto 115g",
    "WOW Price": 1.36,
    "WOW Size": "115g",
    "WOW ppu": "$1.18 / 100G"
  },
  {
    "Brand_Product_Size": "Naturopathica Fat Blaster Keto-fit Mct Oil Softgels 60 pack",
    "WOW Price": 25,
    "WOW Size": "60 pack",
    "WOW ppu": "$41.67 / 100EA"
  },
  {
    "Brand_Product_Size": "Greenseas Tuna Natural Smoked Flavour 95g",
    "WOW Price": 1.7,
    "WOW Size": "95g",
    "WOW ppu": "$17.89 / 1KG"
  },
  {
    "Brand_Product_Size": "Monster Ultra Paradise Energy Drink 500mL",
    "WOW Price": 2.75,
    "WOW Size": "500mL",
    "WOW ppu": "$5.50 / 1L"
  },
  {
    "Brand_Product_Size": "Woolworths Mushrooms In Butter Sauce 400g",
    "WOW Price": 2.8,
    "WOW Size": "400g",
    "WOW ppu": "$7.00 / 1KG"
  },
  {
    "Brand_Product_Size": "Heinz Classic Canned Soup Hearty Vegetable 535g",
    "WOW Price": 2,
    "WOW Size": "535g",
    "WOW ppu": "$0.37 / 100G"
  },
  {
    "Brand_Product_Size": "Allen's Bites Mini Chocolate Black Cats 120g",
    "WOW Price": 4.5,
    "WOW Size": "120g",
    "WOW ppu": "$3.75 / 100G"
  },
  {
    "Brand_Product_Size": "Gm Housebrand Coloured Art Smock each",
    "WOW Price": 5,
    "WOW Size": "each",
    "WOW ppu": ""
  },
  {
    "Brand_Product_Size": "Dollar Sweets Decoration Rainbow Poppng Topping 150g",
    "WOW Price": 3,
    "WOW Size": "150g",
    "WOW ppu": "$2.00 / 100G"
  },
  {
    "Brand_Product_Size": "Nestle Pixie Caramel 50g",
    "WOW Price": 2.5,
    "WOW Size": "50g",
    "WOW ppu": "$5.00 / 100G"
  },
  {
    "Brand_Product_Size": "Mentos Fruit Chews 3 pack",
    "WOW Price": 3.1,
    "WOW Size": "3 pack",
    "WOW ppu": "$2.76 / 100G"
  },
  {
    "Brand_Product_Size": "Woolworths Exercise Book 9x7 Inches 64pg each",
    "WOW Price": 1,
    "WOW Size": "64pg each",
    "WOW ppu": ""
  },
  {
    "Brand_Product_Size": "Gravox Finishing Sauce Steakhouse 160g",
    "WOW Price": 2.5,
    "WOW Size": "160g",
    "WOW ppu": "$0.16 / 10G"
  },
  {
    "Brand_Product_Size": "Cobram Estate Light Olive Oil Extra Virgin 375mL",
    "WOW Price": 8.5,
    "WOW Size": "375mL",
    "WOW ppu": "$2.27 / 100ML"
  },
  {
    "Brand_Product_Size": "Praise Potato Salad Dressing 330mL",
    "WOW Price": 3,
    "WOW Size": "330mL",
    "WOW ppu": "$0.91 / 100ML"
  },
  {
    "Brand_Product_Size": "Riviana Arborio Rice 1kg",
    "WOW Price": 3.8,
    "WOW Size": "1kg",
    "WOW ppu": "$0.38 / 100G"
  },
  {
    "Brand_Product_Size": "Nestle Golden Rough Block 170g",
    "WOW Price": 3,
    "WOW Size": "170g",
    "WOW ppu": "$1.76 / 100G"
  },
  {
    "Brand_Product_Size": "Hua Lian Zhong Shan Shi Noodle Dan Dan 900g",
    "WOW Price": 3.45,
    "WOW Size": "900g",
    "WOW ppu": "$0.38 / 100G"
  },
  {
    "Brand_Product_Size": "Jack Hammer Pump Adaptor 3 pack",
    "WOW Price": 3.95,
    "WOW Size": "3 pack",
    "WOW ppu": ""
  },
  {
    "Brand_Product_Size": "From The Deli Platter For Two each",
    "WOW Price": 12,
    "WOW Size": "each",
    "WOW ppu": ""
  },
  {
    "Brand_Product_Size": "Wiltshire Eat Smart Ladle each",
    "WOW Price": 6.3,
    "WOW Size": "each",
    "WOW ppu": ""
  },
  {
    "Brand_Product_Size": "Primo Danish Salami Mild Sliced From The Deli per kg",
    "WOW Price": 29,
    "WOW Size": "per kg",
    "WOW ppu": "$29.00 / 1KG"
  },
  {
    "Brand_Product_Size": "Heinz Baconnaise Flavoured Mayonnaise 295mL",
    "WOW Price": 4.5,
    "WOW Size": "295mL",
    "WOW ppu": "$1.53 / 100ML"
  },
  {
    "Brand_Product_Size": "Ecs Botanics Tasmanian Hemp Seed Oil 250mL",
    "WOW Price": 12,
    "WOW Size": "250mL",
    "WOW ppu": "$4.80 / 100ML"
  },
  {
    "Brand_Product_Size": "John West Tuna Tempters Zesty Vinaigrette 95g",
    "WOW Price": 1.15,
    "WOW Size": "95g",
    "WOW ppu": "$12.11 / 1KG"
  },
  {
    "Brand_Product_Size": "Revlon Age Defying Firm & Lift Make Up Medium Beige 30mL",
    "WOW Price": 20,
    "WOW Size": "30mL",
    "WOW ppu": "$6.67 / 10ML"
  },
  {
    "Brand_Product_Size": "Mentos Mints 37.5g roLL",
    "WOW Price": 1,
    "WOW Size": "37.5g roLL",
    "WOW ppu": "$2.67 / 100G"
  },
  {
    "Brand_Product_Size": "Vanish Preen Stain Remover Ultra Degreaser Trigger Spray 375mL",
    "WOW Price": 5,
    "WOW Size": "375mL",
    "WOW ppu": "$13.33 / 1L"
  },
  {
    "Brand_Product_Size": "Hart & Soul Chicken Noodle Soup Pouch 100g",
    "WOW Price": 1.8,
    "WOW Size": "100g",
    "WOW ppu": "$1.80 / 100G"
  },
  {
    "Brand_Product_Size": "Pana Organic Peanut Butter Chocolate Spread 200g",
    "WOW Price": 7,
    "WOW Size": "200g",
    "WOW ppu": "$3.50 / 100G"
  },
  {
    "Brand_Product_Size": "Hercules Sustain 25% Plant Based Freezer Bags Small 20 pack",
    "WOW Price": 3.3,
    "WOW Size": "20 pack",
    "WOW ppu": "$0.17 / 1EA"
  },
  {
    "Brand_Product_Size": "Csr Dark Muscovado Sugar 250g",
    "WOW Price": 4,
    "WOW Size": "250g",
    "WOW ppu": "$1.60 / 100G"
  },
  {
    "Brand_Product_Size": "Arnott's Vita Weat Crispbread 5 Super Seeds 250g",
    "WOW Price": 3.3,
    "WOW Size": "250g",
    "WOW ppu": "$1.32 / 100G"
  },
  {
    "Brand_Product_Size": "Australian Botanical Soap Vitamin C With Valencia Orange each",
    "WOW Price": 3.2,
    "WOW Size": "each",
    "WOW ppu": "$1.60 / 100G"
  },
  {
    "Brand_Product_Size": "Ayam Organic Soy 210mL",
    "WOW Price": 5.5,
    "WOW Size": "210mL",
    "WOW ppu": "$2.62 / 100ML"
  },
  {
    "Brand_Product_Size": "Palmolive Foaming Liquid Hand Wash Soap Vanilla & Sweet Almond 400mL",
    "WOW Price": 7,
    "WOW Size": "400mL",
    "WOW ppu": "$1.75 / 100ML"
  },
  {
    "Brand_Product_Size": "Mdh Amchur Powder 100g",
    "WOW Price": 2.5,
    "WOW Size": "100g",
    "WOW ppu": "$2.50 / 100G"
  },
  {
    "Brand_Product_Size": "Vegemite Spread 560g",
    "WOW Price": 8.35,
    "WOW Size": "560g",
    "WOW ppu": "$1.49 / 100G"
  },
  {
    "Brand_Product_Size": "Vegemite Spread 560g",
    "WOW Price": 8.35,
    "WOW Size": "560g",
    "WOW ppu": "$1.49 / 100G"
  },
  {
    "Brand_Product_Size": "Dettol Australian Heartland Wild Rosella Hand Wash 500mL",
    "WOW Price": 10,
    "WOW Size": "500mL",
    "WOW ppu": "$2.00 / 100ML"
  },
  {
    "Brand_Product_Size": "Carman's Dark Choc Blueberry Superfood Bars 6 pack",
    "WOW Price": 6,
    "WOW Size": "6 pack",
    "WOW ppu": "$2.86 / 100G"
  },
  {
    "Brand_Product_Size": "Carman's Dark Choc Blueberry Superfood Bars 6 pack",
    "WOW Price": 6,
    "WOW Size": "6 pack",
    "WOW ppu": "$2.86 / 100G"
  },
  {
    "Brand_Product_Size": "Samyang Hot Chicken Original Sauce 200g",
    "WOW Price": 6,
    "WOW Size": "200g",
    "WOW ppu": "$3.00 / 100G"
  },
  {
    "Brand_Product_Size": "Bonds Organics Bikini Size 12 Assorted 2 pack",
    "WOW Price": 24,
    "WOW Size": "2 pack",
    "WOW ppu": ""
  },
  {
    "Brand_Product_Size": "Macro Organic Honey 400g",
    "WOW Price": 8,
    "WOW Size": "400g",
    "WOW ppu": "$2.00 / 100G"
  },
  {
    "Brand_Product_Size": "Always Fresh Crustini Crispbread Three Seed And Sea Salt 125g",
    "WOW Price": 3.7,
    "WOW Size": "125g",
    "WOW ppu": "$2.96 / 100G"
  },
  {
    "Brand_Product_Size": "Viva Rinse & Reuse Sheet Towels 20 pack",
    "WOW Price": 3.5,
    "WOW Size": "20 pack",
    "WOW ppu": "$0.18 / 1EA"
  },
  {
    "Brand_Product_Size": "Hoyt's Cayenne Pepper 50g",
    "WOW Price": 1.64,
    "WOW Size": "50g",
    "WOW ppu": "$0.33 / 10G"
  },
  {
    "Brand_Product_Size": "Protea Foods Biltong Traditional South African Mini Sticks 30g",
    "WOW Price": 3.9,
    "WOW Size": "30g",
    "WOW ppu": "$13.00 / 100G"
  },
  {
    "Brand_Product_Size": "Continental Recipe Base Creamy Chicken Curry 30g",
    "WOW Price": 1.6,
    "WOW Size": "30g",
    "WOW ppu": "$5.33 / 100G"
  },
  {
    "Brand_Product_Size": "The Natural Cracker Co. Farmhouse Cheddar Crispy Crackers 160g",
    "WOW Price": 3.5,
    "WOW Size": "160g",
    "WOW ppu": "$2.19 / 100G"
  },
  {
    "Brand_Product_Size": "Sirena Tuna La Vita Lite In Oil 95g",
    "WOW Price": 2.7,
    "WOW Size": "95g",
    "WOW ppu": "$28.42 / 1KG"
  },
  {
    "Brand_Product_Size": "Dolmio Creamy Carbonara Pasta Sauce 490g",
    "WOW Price": 2.9,
    "WOW Size": "490g",
    "WOW ppu": "$0.59 / 100G"
  },
  {
    "Brand_Product_Size": "Arnott's Chocolate Teddy Bear 200g",
    "WOW Price": 4,
    "WOW Size": "200g",
    "WOW ppu": "$2.00 / 100G"
  },
  {
    "Brand_Product_Size": "The Natural Cracker Co. Honey Soy Chicken Crispy Crackers 160g",
    "WOW Price": 3.5,
    "WOW Size": "160g",
    "WOW ppu": "$2.19 / 100G"
  },
  {
    "Brand_Product_Size": "Continental Recipe Base Curried Sausages 35g",
    "WOW Price": 1.6,
    "WOW Size": "35g",
    "WOW ppu": "$4.57 / 100G"
  },
  {
    "Brand_Product_Size": "Griffins Krispie Coconut 250g",
    "WOW Price": 3.5,
    "WOW Size": "250g",
    "WOW ppu": "$1.40 / 100G"
  },
  {
    "Brand_Product_Size": "Lipton Superfine Cold Infusion Hibiscus Mint Watermelon 12 pack",
    "WOW Price": 4.85,
    "WOW Size": "12 pack",
    "WOW ppu": "$0.40 / 1EA"
  },
  {
    "Brand_Product_Size": "Lipton Superfine Cold Infusion Hibiscus Mint Watermelon 12 pack",
    "WOW Price": 4.85,
    "WOW Size": "12 pack",
    "WOW ppu": "$0.40 / 1EA"
  },
  {
    "Brand_Product_Size": "Capilano Dark & Bold Honey Upside Down 340g",
    "WOW Price": 6.9,
    "WOW Size": "340g",
    "WOW ppu": "$2.03 / 100G"
  },
  {
    "Brand_Product_Size": "Essentials Rubber Coated Hanger 6 pack",
    "WOW Price": 8,
    "WOW Size": "6 pack",
    "WOW ppu": "$1.33 / 1EA"
  },
  {
    "Brand_Product_Size": "Mint Non-stick Coating Mini Quiche Pan 2 pack",
    "WOW Price": 1.5,
    "WOW Size": "2 pack",
    "WOW ppu": ""
  },
  {
    "Brand_Product_Size": "Heinz Spaghetti Tomato Sauce 220g",
    "WOW Price": 1.65,
    "WOW Size": "220g",
    "WOW ppu": "$0.75 / 100G"
  },
  {
    "Brand_Product_Size": "Neutrogena Beach Defence Lotion Spf 50 400mL",
    "WOW Price": 24,
    "WOW Size": "400mL",
    "WOW ppu": "$6.00 / 100ML"
  },
  {
    "Brand_Product_Size": "Lee Kum Kee Spicy Hot Pot 70g",
    "WOW Price": 2,
    "WOW Size": "70g",
    "WOW ppu": "$2.86 / 100G"
  },
  {
    "Brand_Product_Size": "Doritos Crackers Cheese Supreme 160g",
    "WOW Price": 2,
    "WOW Size": "160g",
    "WOW ppu": "$1.25 / 100G"
  },
  {
    "Brand_Product_Size": "Blue Dinosaur Paleo Bars Lamington 45g",
    "WOW Price": 3.5,
    "WOW Size": "45g",
    "WOW ppu": "$7.78 / 100G"
  },
  {
    "Brand_Product_Size": "Devondale Colby Cheese Block 625g",
    "WOW Price": 7.5,
    "WOW Size": "625g",
    "WOW ppu": "$12.00 / 1KG"
  },
  {
    "Brand_Product_Size": "Masterfoods New York Style Buffalo Marinade 375g",
    "WOW Price": 3,
    "WOW Size": "375g",
    "WOW ppu": "$0.80 / 100G"
  },
  {
    "Brand_Product_Size": "Lindt Lindor Chocolate Balls Milk 150g box",
    "WOW Price": 14,
    "WOW Size": "150g box",
    "WOW ppu": "$9.33 / 100G"
  },
  {
    "Brand_Product_Size": "Ajax Eco Bathroom Cleaner Spray Orange & Ginger 450mL",
    "WOW Price": 2.5,
    "WOW Size": "450mL",
    "WOW ppu": "$0.56 / 100ML"
  },
  {
    "Brand_Product_Size": "Korbond Cedar Rings 12 pack",
    "WOW Price": 8,
    "WOW Size": "12 pack",
    "WOW ppu": ""
  },
  {
    "Brand_Product_Size": "Bonds Ladies Organics Bikini Size 10 Assorted 2 pack",
    "WOW Price": 24,
    "WOW Size": "2 pack",
    "WOW ppu": ""
  },
  {
    "Brand_Product_Size": "Korbond Buttons each",
    "WOW Price": 6,
    "WOW Size": "each",
    "WOW ppu": ""
  },
  {
    "Brand_Product_Size": "Sabco Kitchen Sponge Cloth 2 pack",
    "WOW Price": 5,
    "WOW Size": "2 pack",
    "WOW ppu": "$2.50 / 1EA"
  },
  {
    "Brand_Product_Size": "Parle Rusk Biscuit 200g",
    "WOW Price": 1.8,
    "WOW Size": "200g",
    "WOW ppu": "$0.90 / 100G"
  },
  {
    "Brand_Product_Size": "Birds Eye Oven Bake Crumbed Lemon Pepper 425g",
    "WOW Price": 10,
    "WOW Size": "425g",
    "WOW ppu": "$23.53 / 1KG"
  },
  {
    "Brand_Product_Size": "Tena Liners Ultra Long 22 pack",
    "WOW Price": 3.5,
    "WOW Size": "22 pack",
    "WOW ppu": "$0.16 / 1EA"
  },
  {
    "Brand_Product_Size": "Mama's Ajvar Veg Relish Hot 290g",
    "WOW Price": 7.5,
    "WOW Size": "290g",
    "WOW ppu": "$2.59 / 100G"
  },
  {
    "Brand_Product_Size": "Pet Munchies Rabbit & Guinea Pig Treats 300g",
    "WOW Price": 2.29,
    "WOW Size": "300g",
    "WOW ppu": "$0.76 / 100G"
  },
  {
    "Brand_Product_Size": "Dettol Australian Heartland Buddha Wood Hand Wash 500mL",
    "WOW Price": 10,
    "WOW Size": "500mL",
    "WOW ppu": "$2.00 / 100ML"
  },
  {
    "Brand_Product_Size": "Leggos Pickles Mustard Spreadable 250g",
    "WOW Price": 1.55,
    "WOW Size": "250g",
    "WOW ppu": "$6.20 / 1KG"
  },
  {
    "Brand_Product_Size": "The Famous Homemade Biscuits Crostoli 150g",
    "WOW Price": 7.5,
    "WOW Size": "150g",
    "WOW ppu": "$5.00 / 100G"
  },
  {
    "Brand_Product_Size": "Eastcoast Country Style Lemonade 2L",
    "WOW Price": 5.7,
    "WOW Size": "2L",
    "WOW ppu": "$2.85 / 1L"
  },
  {
    "Brand_Product_Size": "Continental Naturally Tasty Chicken Chow Mein Recipe Base 47g",
    "WOW Price": 2.4,
    "WOW Size": "47g",
    "WOW ppu": "$5.11 / 100G"
  },
  {
    "Brand_Product_Size": "Maybelline Snapscara Waterproof Mascara Black each",
    "WOW Price": 9,
    "WOW Size": "each",
    "WOW ppu": "$9.00 / 1EA"
  },
  {
    "Brand_Product_Size": "Careline Care Touch Instant Hand Sanitiser 200mL",
    "WOW Price": 8,
    "WOW Size": "200mL",
    "WOW ppu": "$4.00 / 100ML"
  },
  {
    "Brand_Product_Size": "Lipton Superfine Cold Infusion Rose Raspberry 12 pack",
    "WOW Price": 4.85,
    "WOW Size": "12 pack",
    "WOW ppu": "$0.40 / 1EA"
  },
  {
    "Brand_Product_Size": "Lipton Superfine Cold Infusion Rose Raspberry 12 pack",
    "WOW Price": 4.85,
    "WOW Size": "12 pack",
    "WOW ppu": "$0.40 / 1EA"
  },
  {
    "Brand_Product_Size": "Garnier Skinactive Hydra Bomb Tissue Face Mask Sakura each",
    "WOW Price": 3.55,
    "WOW Size": "each",
    "WOW ppu": "$3.55 / 1EA"
  },
  {
    "Brand_Product_Size": "Fat Blaster Keto Fit Coffee 85g",
    "WOW Price": 25,
    "WOW Size": "85g",
    "WOW ppu": "$29.41 / 100G"
  },
  {
    "Brand_Product_Size": "Heinz American Mustard 220mL",
    "WOW Price": 2.2,
    "WOW Size": "220mL",
    "WOW ppu": "$1.00 / 100ML"
  },
  {
    "Brand_Product_Size": "Otafuku Okonomi Sauce 300mL",
    "WOW Price": 5.5,
    "WOW Size": "300mL",
    "WOW ppu": "$1.83 / 100ML"
  },
  {
    "Brand_Product_Size": "Uncle Tobys Oats Breakfast Bakes Roasted Cashew & Vanilla Flavour 4 pack",
    "WOW Price": 6,
    "WOW Size": "4 pack",
    "WOW ppu": "$2.31 / 100G"
  },
  {
    "Brand_Product_Size": "Bestway Children Goggles Assorted each",
    "WOW Price": 0.75,
    "WOW Size": "each",
    "WOW ppu": ""
  },
  {
    "Brand_Product_Size": "Billion Bubbles Giant Wand Bubbles Assorted each",
    "WOW Price": 2,
    "WOW Size": "each",
    "WOW ppu": ""
  },
  {
    "Brand_Product_Size": "Wei Lih Instant Beef Noodles 5x85g",
    "WOW Price": 4,
    "WOW Size": "5x85g",
    "WOW ppu": "$0.94 / 100G"
  },
  {
    "Brand_Product_Size": "Woolworths Brown Onion Instant Gravy 120g",
    "WOW Price": 1.65,
    "WOW Size": "120g",
    "WOW ppu": "$0.14 / 10G"
  },
  {
    "Brand_Product_Size": "Elite Milk Chocolate 45g",
    "WOW Price": 2.5,
    "WOW Size": "45g",
    "WOW ppu": "$5.56 / 100G"
  },
  {
    "Brand_Product_Size": "Vs Sassoon Style Straightening Brush each",
    "WOW Price": 35,
    "WOW Size": "each",
    "WOW ppu": ""
  },
  {
    "Brand_Product_Size": "Woolworths Rare Roast Beef Sliced per kg",
    "WOW Price": 35,
    "WOW Size": "per kg",
    "WOW ppu": "$35.00 / 1KG"
  },
  {
    "Brand_Product_Size": "Woolworths Rare Roast Beef Sliced per kg",
    "WOW Price": 35,
    "WOW Size": "per kg",
    "WOW ppu": "$35.00 / 1KG"
  },
  {
    "Brand_Product_Size": "Maltesers Dark Chocolate 135g",
    "WOW Price": 2.25,
    "WOW Size": "135g",
    "WOW ppu": "$1.67 / 100G"
  },
  {
    "Brand_Product_Size": "John West Skin & Boneless Salmon In Oil 130g",
    "WOW Price": 2.7,
    "WOW Size": "130g",
    "WOW ppu": "$20.77 / 1KG"
  },
  {
    "Brand_Product_Size": "Elmer's Metallic Glue Teal 147mL",
    "WOW Price": 4.9,
    "WOW Size": "147mL",
    "WOW ppu": ""
  },
  {
    "Brand_Product_Size": "Maggi 2 Minute Instant Value Pack Chicken Noodles 12 pack",
    "WOW Price": 8,
    "WOW Size": "12 pack",
    "WOW ppu": "$0.93 / 100G"
  },
  {
    "Brand_Product_Size": "Vetta Rural Aid Spaghetti Pasta 500g",
    "WOW Price": 1.8,
    "WOW Size": "500g",
    "WOW ppu": "$0.36 / 100G"
  },
  {
    "Brand_Product_Size": "Schwarzkopf Colour Specialist 9-0 Light Natural Blonde each",
    "WOW Price": 9.5,
    "WOW Size": "each",
    "WOW ppu": "$5.69 / 100ML"
  },
  {
    "Brand_Product_Size": "Kellogg's Lcms Unicorn Puffed Rice Snack Bars 6 pack",
    "WOW Price": 2,
    "WOW Size": "6 pack",
    "WOW ppu": "$1.52 / 100G"
  },
  {
    "Brand_Product_Size": "Vetta Rural Aid Fettuccine Pasta 500g",
    "WOW Price": 1.8,
    "WOW Size": "500g",
    "WOW ppu": "$0.36 / 100G"
  },
  {
    "Brand_Product_Size": "Leggos Pasta Sauce Bolognese Mushroom 500g",
    "WOW Price": 3,
    "WOW Size": "500g",
    "WOW ppu": "$0.60 / 100G"
  },
  {
    "Brand_Product_Size": "Jamie Oliver Round Baking Dish each",
    "WOW Price": 4.5,
    "WOW Size": "each",
    "WOW ppu": ""
  },
  {
    "Brand_Product_Size": "Revlon Colorstay Full Coverage Foundation Medium Beige 30mL",
    "WOW Price": 15,
    "WOW Size": "30mL",
    "WOW ppu": "$5.00 / 10ML"
  },
  {
    "Brand_Product_Size": "Elmer's Magical Liquid 258.77mL",
    "WOW Price": 6.99,
    "WOW Size": "258.77mL",
    "WOW ppu": ""
  },
  {
    "Brand_Product_Size": "Mtr Spice Mix Chutney Powder 200g",
    "WOW Price": 2,
    "WOW Size": "200g",
    "WOW ppu": "$1.00 / 100G"
  },
  {
    "Brand_Product_Size": "Garlo's Beef Sausage Rolls 4 pack",
    "WOW Price": 6.5,
    "WOW Size": "4 pack",
    "WOW ppu": "$1.35 / 100G"
  },
  {
    "Brand_Product_Size": "Continental Cup A Soup Creamy Chicken With Croutons 2 pack",
    "WOW Price": 1.05,
    "WOW Size": "2 pack",
    "WOW ppu": "$1.75 / 100G"
  },
  {
    "Brand_Product_Size": "Pantene Pro-v Colour Protection Shampoo 375mL",
    "WOW Price": 4,
    "WOW Size": "375mL",
    "WOW ppu": "$1.07 / 100ML"
  },
  {
    "Brand_Product_Size": "Dove Restoring Coconut Body Wash 500mL",
    "WOW Price": 4,
    "WOW Size": "500mL",
    "WOW ppu": "$0.80 / 100ML"
  },
  {
    "Brand_Product_Size": "Crisco Vegetable Blended Oil 750mL",
    "WOW Price": 3.45,
    "WOW Size": "750mL",
    "WOW ppu": "$0.46 / 100ML"
  },
  {
    "Brand_Product_Size": "Olay Daily Facial Wipes Purifying Water-activated Dry Cloths 33 cLoths",
    "WOW Price": 10,
    "WOW Size": "33 cLoths",
    "WOW ppu": "$0.30 / 1EA"
  },
  {
    "Brand_Product_Size": "Revlon Super Lustrous Matte Lipstick Shameless 4.2g",
    "WOW Price": 12.5,
    "WOW Size": "4.2g",
    "WOW ppu": "$29.76 / 10G"
  },
  {
    "Brand_Product_Size": "Syndian Burgers Lentil 4 pack",
    "WOW Price": 6.4,
    "WOW Size": "4 pack",
    "WOW ppu": ""
  },
  {
    "Brand_Product_Size": "Mint Bread Knife each",
    "WOW Price": 2,
    "WOW Size": "each",
    "WOW ppu": ""
  },
  {
    "Brand_Product_Size": "Syndian Cheezy Kale Cashew Sausages 300g",
    "WOW Price": 5.6,
    "WOW Size": "300g",
    "WOW ppu": "$1.87 / 100G"
  },
  {
    "Brand_Product_Size": "Syndian Cheezy Kale Cashew Sausages 300g",
    "WOW Price": 5.6,
    "WOW Size": "300g",
    "WOW ppu": "$1.87 / 100G"
  },
  {
    "Brand_Product_Size": "Hakka Fresh Pork Ball 200g",
    "WOW Price": 5,
    "WOW Size": "200g",
    "WOW ppu": "$25.00 / 1KG"
  },
  {
    "Brand_Product_Size": "Sniders Carmel Egg Noodles No 1 250g",
    "WOW Price": 3.65,
    "WOW Size": "250g",
    "WOW ppu": "$1.46 / 100G"
  },
  {
    "Brand_Product_Size": "Arnott's Shapes Sizzling Steak & Onion Crackers 165g",
    "WOW Price": 2.5,
    "WOW Size": "165g",
    "WOW ppu": "$1.52 / 100G"
  },
  {
    "Brand_Product_Size": "Leggos Tuna Bake 500g",
    "WOW Price": 3,
    "WOW Size": "500g",
    "WOW ppu": "$0.60 / 100G"
  },
  {
    "Brand_Product_Size": "Woolworths Bran Flakes & Sultanas 700g",
    "WOW Price": 4.6,
    "WOW Size": "700g",
    "WOW ppu": "$0.66 / 100G"
  },
  {
    "Brand_Product_Size": "Marco Polo European Foods Borlotti Beans 375g",
    "WOW Price": 2.5,
    "WOW Size": "375g",
    "WOW ppu": "$0.67 / 100G"
  },
  {
    "Brand_Product_Size": "Wild's Marinade Ezy Sauce Recipe Mix 375mL",
    "WOW Price": 4,
    "WOW Size": "375mL",
    "WOW ppu": "$1.07 / 100ML"
  },
  {
    "Brand_Product_Size": "Nana Crispy Parmesan Cheese & Chives 150g",
    "WOW Price": 6,
    "WOW Size": "150g",
    "WOW ppu": "$4.00 / 100G"
  },
  {
    "Brand_Product_Size": "Wiltshire Poachies Pack 20 20 pack",
    "WOW Price": 5,
    "WOW Size": "20 pack",
    "WOW ppu": ""
  },
  {
    "Brand_Product_Size": "Nivea Shine Control Face Sunscreen Lotion Spf50 50mL",
    "WOW Price": 13,
    "WOW Size": "50mL",
    "WOW ppu": "$26.00 / 100ML"
  },
  {
    "Brand_Product_Size": "Maggi Soup Onion 32g",
    "WOW Price": 2.6,
    "WOW Size": "32g",
    "WOW ppu": "$8.13 / 100G"
  },
  {
    "Brand_Product_Size": "Mtr Sambar Powder 200g",
    "WOW Price": 2,
    "WOW Size": "200g",
    "WOW ppu": "$1.00 / 100G"
  },
  {
    "Brand_Product_Size": "Plenty Cold Pressed Truffle Oil 250mL",
    "WOW Price": 4.5,
    "WOW Size": "250mL",
    "WOW ppu": "$1.80 / 100ML"
  },
  {
    "Brand_Product_Size": "Saxa Iodised Table Salt 125g",
    "WOW Price": 2,
    "WOW Size": "125g",
    "WOW ppu": "$0.16 / 10G"
  },
  {
    "Brand_Product_Size": "Arnott's Marie Biscuits 250g",
    "WOW Price": 2.3,
    "WOW Size": "250g",
    "WOW ppu": "$0.92 / 100G"
  },
  {
    "Brand_Product_Size": "Calidad Brother 233/231 Bcmy 4 pack",
    "WOW Price": 59,
    "WOW Size": "4 pack",
    "WOW ppu": ""
  },
  {
    "Brand_Product_Size": "Australian Botanical Soap Aloe Vera With Green Tea Extract each",
    "WOW Price": 3.2,
    "WOW Size": "each",
    "WOW ppu": "$1.60 / 100G"
  },
  {
    "Brand_Product_Size": "Heinz Olive Oil Mayonnaise 295mL",
    "WOW Price": 4.5,
    "WOW Size": "295mL",
    "WOW ppu": "$1.53 / 100ML"
  },
  {
    "Brand_Product_Size": "Gm Housebrand Craft Paper Kit 20 pack",
    "WOW Price": 5,
    "WOW Size": "20 pack",
    "WOW ppu": ""
  },
  {
    "Brand_Product_Size": "Philips Reflector R80 Globe 60w Es Base each",
    "WOW Price": 4.5,
    "WOW Size": "each",
    "WOW ppu": "$4.50 / 1EA"
  },
  {
    "Brand_Product_Size": "Babylove Cosifit Jumbo Nappies Crawler 81 pack",
    "WOW Price": 25,
    "WOW Size": "81 pack",
    "WOW ppu": "$0.31 / 1EA"
  },
  {
    "Brand_Product_Size": "Essentials Wire Hangers 20 pack",
    "WOW Price": 5,
    "WOW Size": "20 pack",
    "WOW ppu": ""
  },
  {
    "Brand_Product_Size": "Woolworths Almonds Kernels 750g pack",
    "WOW Price": 10,
    "WOW Size": "750g pack",
    "WOW ppu": "$13.33 / 1KG"
  },
  {
    "Brand_Product_Size": "Woolworths Walnuts Kernel 500g",
    "WOW Price": 8,
    "WOW Size": "500g",
    "WOW ppu": "$16.00 / 1KG"
  },
  {
    "Brand_Product_Size": "Organic Choice Air Freshener White Peach & Yuzu 200mL",
    "WOW Price": 10,
    "WOW Size": "200mL",
    "WOW ppu": "$5.00 / 100ML"
  },
  {
    "Brand_Product_Size": "Dermaveen Sensitive Relief Eczema Cream 500mL",
    "WOW Price": 21.6,
    "WOW Size": "500mL",
    "WOW ppu": "$4.32 / 100ML"
  },
  {
    "Brand_Product_Size": "Danone Yopro Protein 20g Mixed Berries Nut Protein Bar 68g",
    "WOW Price": 3,
    "WOW Size": "68g",
    "WOW ppu": "$4.41 / 100G"
  },
  {
    "Brand_Product_Size": "Macro Organic 4 Bean Mix No Added Salt 420g",
    "WOW Price": 1.3,
    "WOW Size": "420g",
    "WOW ppu": "$0.31 / 100G"
  },
  {
    "Brand_Product_Size": "Campbell's Real Beef Liquid Stock 1L",
    "WOW Price": 3,
    "WOW Size": "1L",
    "WOW ppu": "$0.30 / 100ML"
  },
  {
    "Brand_Product_Size": "Bekaa Baldiye Cheese 500g",
    "WOW Price": 9.6,
    "WOW Size": "500g",
    "WOW ppu": "$1.92 / 100G"
  },
  {
    "Brand_Product_Size": "Massel Organic Liquid Stock Beef 1L",
    "WOW Price": 2.5,
    "WOW Size": "1L",
    "WOW ppu": "$0.25 / 100ML"
  },
  {
    "Brand_Product_Size": "Dulcosoft Powder For Oral Solution 10g 10 pack",
    "WOW Price": 8.8,
    "WOW Size": "10 pack",
    "WOW ppu": "$8.80 / 100G"
  },
  {
    "Brand_Product_Size": "Optimum Furball With Chicken 1+ Years Dry Cat Food 800g",
    "WOW Price": 7,
    "WOW Size": "800g",
    "WOW ppu": "$0.88 / 100G"
  },
  {
    "Brand_Product_Size": "Masterfoods Classic Corn Relish 250g",
    "WOW Price": 2.7,
    "WOW Size": "250g",
    "WOW ppu": "$10.80 / 1KG"
  },
  {
    "Brand_Product_Size": "Masterfoods Tomato Sauce Hidden Veg 500mL",
    "WOW Price": 2.5,
    "WOW Size": "500mL",
    "WOW ppu": "$0.50 / 100ML"
  },
  {
    "Brand_Product_Size": "Continental Pasta Creamy Tomato Parmesan & Basil 98g",
    "WOW Price": 1.36,
    "WOW Size": "98g",
    "WOW ppu": "$1.39 / 100G"
  },
  {
    "Brand_Product_Size": "Batiste Dry Shampoo & Volume 200mL",
    "WOW Price": 13,
    "WOW Size": "200mL",
    "WOW ppu": "$6.50 / 100ML"
  },
  {
    "Brand_Product_Size": "Thankyou. Soothing Body Bar With Oat Milk 100g",
    "WOW Price": 3.5,
    "WOW Size": "100g",
    "WOW ppu": "$3.50 / 100G"
  },
  {
    "Brand_Product_Size": "San Remo Pasta Pulse Penne 250g",
    "WOW Price": 4.2,
    "WOW Size": "250g",
    "WOW ppu": "$1.68 / 100G"
  },
  {
    "Brand_Product_Size": "Arnott's Tim Tam Dimbulah Mountain Estate Coffee & Choc 160g",
    "WOW Price": 4,
    "WOW Size": "160g",
    "WOW ppu": "$2.50 / 100G"
  },
  {
    "Brand_Product_Size": "Mama Jumbo Noodles Pork 90g",
    "WOW Price": 1.3,
    "WOW Size": "90g",
    "WOW ppu": "$1.44 / 100G"
  },
  {
    "Brand_Product_Size": "Gravox Gravy Mix Traditional Reduced Salt 120g",
    "WOW Price": 3.5,
    "WOW Size": "120g",
    "WOW ppu": "$0.29 / 10G"
  },
  {
    "Brand_Product_Size": "Pantene Pro-v Long & Strong Shampoo 375mL",
    "WOW Price": 4,
    "WOW Size": "375mL",
    "WOW ppu": "$1.07 / 100ML"
  },
  {
    "Brand_Product_Size": "Maggi Fusian 2 Minute Instant Soy & Mild Noodle 5 pack",
    "WOW Price": 3.95,
    "WOW Size": "5 pack",
    "WOW ppu": "$1.10 / 100G"
  },
  {
    "Brand_Product_Size": "Optus 4g Oppo Ax5s Smartphone Black each",
    "WOW Price": 199,
    "WOW Size": "each",
    "WOW ppu": ""
  },
  {
    "Brand_Product_Size": "Valley Produce Company Crackerthins Original 100g",
    "WOW Price": 3.49,
    "WOW Size": "100g",
    "WOW ppu": "$34.90 / 1KG"
  },
  {
    "Brand_Product_Size": "Cobram Estate Extra Virgin Olive Oil Chilli Infused 250mL",
    "WOW Price": 6,
    "WOW Size": "250mL",
    "WOW ppu": "$2.40 / 100ML"
  },
  {
    "Brand_Product_Size": "Heinz Baked Beans & Sausages 420g",
    "WOW Price": 1.9,
    "WOW Size": "420g",
    "WOW ppu": "$0.45 / 100G"
  },
  {
    "Brand_Product_Size": "Schmackos Tasty Bites Chewy Slices Beef Flavour Dog Treats 155g",
    "WOW Price": 3,
    "WOW Size": "155g",
    "WOW ppu": "$1.94 / 100G"
  },
  {
    "Brand_Product_Size": "Tradition Ramen Noodles Chicken 79g",
    "WOW Price": 1.75,
    "WOW Size": "79g",
    "WOW ppu": "$2.22 / 100G"
  },
  {
    "Brand_Product_Size": "Mojo Hair Defining Paste 62g",
    "WOW Price": 14,
    "WOW Size": "62g",
    "WOW ppu": "$22.58 / 100G"
  },
  {
    "Brand_Product_Size": "John West Tempters Tuna Lemon & Cracked Pepper 95g",
    "WOW Price": 1.15,
    "WOW Size": "95g",
    "WOW ppu": "$12.11 / 1KG"
  },
  {
    "Brand_Product_Size": "Continental Stock Pot Beef 28g",
    "WOW Price": 3,
    "WOW Size": "28g",
    "WOW ppu": "$0.27 / 10G"
  },
  {
    "Brand_Product_Size": "Uncle Tobys Oats Breakfast Bakes Classic Peanut Butter 4 pack",
    "WOW Price": 6,
    "WOW Size": "4 pack",
    "WOW ppu": "$2.31 / 100G"
  },
  {
    "Brand_Product_Size": "Campbell's Real Vegetable Liquid Stock Salt Reduced 1L",
    "WOW Price": 3,
    "WOW Size": "1L",
    "WOW ppu": "$0.30 / 100ML"
  },
  {
    "Brand_Product_Size": "Continental Rice Thai Coconut & Lemon Grass 115g",
    "WOW Price": 1.36,
    "WOW Size": "115g",
    "WOW ppu": "$1.18 / 100G"
  },
  {
    "Brand_Product_Size": "Mcobeauty Liquid Glow Skin Perfector Sun Kissed 20mL",
    "WOW Price": 5,
    "WOW Size": "20mL",
    "WOW ppu": "$2.50 / 10ML"
  },
  {
    "Brand_Product_Size": "Campbell's Real Chicken Liquid Stock 1L",
    "WOW Price": 3,
    "WOW Size": "1L",
    "WOW ppu": "$0.30 / 100ML"
  },
  {
    "Brand_Product_Size": "Mccormicks Organic Cumin Ground 14g",
    "WOW Price": 2,
    "WOW Size": "14g",
    "WOW ppu": "$1.43 / 10G"
  },
  {
    "Brand_Product_Size": "Lemsip Max Cold & Flu Decongestant Hot Drink Blackcurrant 10 pack",
    "WOW Price": 13,
    "WOW Size": "10 pack",
    "WOW ppu": "$1.30 / 1EA"
  },
  {
    "Brand_Product_Size": "Mcvitie's Go Ahead Crispy Slices Sultana & Forest Fruit (5x3p) 218g",
    "WOW Price": 1.97,
    "WOW Size": "218g",
    "WOW ppu": "$0.90 / 100G"
  },
  {
    "Brand_Product_Size": "Weight Watchers Coconut Delight Bars 5 pack",
    "WOW Price": 3.7,
    "WOW Size": "5 pack",
    "WOW ppu": "$3.52 / 100G"
  },
  {
    "Brand_Product_Size": "Whiskas 1+ Years Wet Cat Food Ocean Fish Loaf 400g can",
    "WOW Price": 1.75,
    "WOW Size": "400g can",
    "WOW ppu": "$0.44 / 100G"
  },
  {
    "Brand_Product_Size": "Macro Organic Gluten Free Spaghetti 350g",
    "WOW Price": 3,
    "WOW Size": "350g",
    "WOW ppu": "$0.86 / 100G"
  },
  {
    "Brand_Product_Size": "Frey Dark Crunchy Hazelnut Chocolate Block 100g",
    "WOW Price": 4,
    "WOW Size": "100g",
    "WOW ppu": "$4.00 / 100G"
  },
  {
    "Brand_Product_Size": "Help@hand Hot & Cold Gel Pack each",
    "WOW Price": 8,
    "WOW Size": "each",
    "WOW ppu": "$8.00 / 1EA"
  },
  {
    "Brand_Product_Size": "Lipton Cold Infuse Lemon + Chamomile 15 pack",
    "WOW Price": 4.85,
    "WOW Size": "15 pack",
    "WOW ppu": "$0.32 / 1EA"
  },
  {
    "Brand_Product_Size": "Ki Immune Defence & Energy Formula Tablets 45 pack",
    "WOW Price": 33.7,
    "WOW Size": "45 pack",
    "WOW ppu": "$74.89 / 100EA"
  },
  {
    "Brand_Product_Size": "Plenty Heart Smart Safflower Cooking Oil 750mL",
    "WOW Price": 5.5,
    "WOW Size": "750mL",
    "WOW ppu": "$0.73 / 100ML"
  },
  {
    "Brand_Product_Size": "Sorbent Gold Toilet Tissue 6 pack",
    "WOW Price": 5,
    "WOW Size": "6 pack",
    "WOW ppu": "$0.60 / 100SS"
  },
  {
    "Brand_Product_Size": "Capilano Organic Raw Honey Upside Down 340g",
    "WOW Price": 9,
    "WOW Size": "340g",
    "WOW ppu": "$2.65 / 100G"
  },
  {
    "Brand_Product_Size": "Credelio Flea & Tick Treatment Chewable Tablet For Small Dog each",
    "WOW Price": 29,
    "WOW Size": "each",
    "WOW ppu": "$29.00 / 1EA"
  },
  {
    "Brand_Product_Size": "Energizer Phone Case Iphone Xs Max each",
    "WOW Price": 20,
    "WOW Size": "each",
    "WOW ppu": ""
  },
  {
    "Brand_Product_Size": "Greenies Original Dog Dental Treat Large 170g",
    "WOW Price": 15,
    "WOW Size": "170g",
    "WOW ppu": "$8.82 / 100G"
  },
  {
    "Brand_Product_Size": "Gillette 5 Sport Blades 4 pack",
    "WOW Price": 22,
    "WOW Size": "4 pack",
    "WOW ppu": "$5.50 / 1EA"
  },
  {
    "Brand_Product_Size": "Fountain Barbecue Sauce Sauce Reduced Sugar 500mL",
    "WOW Price": 2,
    "WOW Size": "500mL",
    "WOW ppu": "$0.40 / 100ML"
  },
  {
    "Brand_Product_Size": "Osem Snacks Biscuits Cracker Golden 150g",
    "WOW Price": 2.6,
    "WOW Size": "150g",
    "WOW ppu": "$1.73 / 100G"
  },
  {
    "Brand_Product_Size": "Dettol 2 In 1 Hands And Surfaces Antibacterial Wipes 15 pack",
    "WOW Price": 3,
    "WOW Size": "15 pack",
    "WOW ppu": "$0.20 / 1EA"
  },
  {
    "Brand_Product_Size": "Mojo Actived Kombucha Passionfruit 250mL x4 pack",
    "WOW Price": 9.4,
    "WOW Size": "250mL x4 pack",
    "WOW ppu": "$9.40 / 1L"
  },
  {
    "Brand_Product_Size": "Crave Wet Dog Food Beef Pate 400g",
    "WOW Price": 4.5,
    "WOW Size": "400g",
    "WOW ppu": "$1.13 / 100G"
  },
  {
    "Brand_Product_Size": "Glad Cling Wrap 30m",
    "WOW Price": 2.7,
    "WOW Size": "30m",
    "WOW ppu": "$0.09 / 1M"
  },
  {
    "Brand_Product_Size": "Glad Cling Wrap 30m",
    "WOW Price": 2.7,
    "WOW Size": "30m",
    "WOW ppu": "$0.09 / 1M"
  },
  {
    "Brand_Product_Size": "Keep It Cleaner Egg White Protein Banana Bread Bar 40g",
    "WOW Price": 3.5,
    "WOW Size": "40g",
    "WOW ppu": "$8.75 / 100G"
  },
  {
    "Brand_Product_Size": "Vileda Mop Promist Durable Refill each",
    "WOW Price": 10,
    "WOW Size": "each",
    "WOW ppu": "$10.00 / 1EA"
  },
  {
    "Brand_Product_Size": "Tommee Tippee Weighted Straw Cup Assorted 330mL",
    "WOW Price": 13,
    "WOW Size": "330mL",
    "WOW ppu": "$13.00 / 1EA"
  },
  {
    "Brand_Product_Size": "Milka Milk Chocolate Alpine 100g",
    "WOW Price": 3,
    "WOW Size": "100g",
    "WOW ppu": "$3.00 / 100G"
  },
  {
    "Brand_Product_Size": "Bonds Baby Fashion Legging Girl Size 0-6m 6-12m & 1-2y each",
    "WOW Price": 6.6,
    "WOW Size": "each",
    "WOW ppu": "$6.60 / 1EA"
  },
  {
    "Brand_Product_Size": "Montecatini Salami With Olives 100g",
    "WOW Price": 5.98,
    "WOW Size": "100g",
    "WOW ppu": "$59.80 / 1KG"
  },
  {
    "Brand_Product_Size": "Staedtler Tradition Graphite Pencils 2b 5 pack",
    "WOW Price": 5,
    "WOW Size": "5 pack",
    "WOW ppu": ""
  },
  {
    "Brand_Product_Size": "Monopoly Deal Card Game each",
    "WOW Price": 10,
    "WOW Size": "each",
    "WOW ppu": ""
  },
  {
    "Brand_Product_Size": "Revlon Colorstay Full Coverage Foundation Natural Tan 30mL",
    "WOW Price": 15,
    "WOW Size": "30mL",
    "WOW ppu": "$5.00 / 10ML"
  },
  {
    "Brand_Product_Size": "Clio Invisible Band Anklet Natural One Size each",
    "WOW Price": 4,
    "WOW Size": "each",
    "WOW ppu": ""
  },
  {
    "Brand_Product_Size": "Csr Brown Sugar 500g",
    "WOW Price": 2.15,
    "WOW Size": "500g",
    "WOW ppu": "$0.43 / 100G"
  },
  {
    "Brand_Product_Size": "Eastcoast Orange & Passionfruit 2L",
    "WOW Price": 5.7,
    "WOW Size": "2L",
    "WOW ppu": "$2.85 / 1L"
  },
  {
    "Brand_Product_Size": "Keep It Cleaner Protein Powder Salted Caramel 375g",
    "WOW Price": 30,
    "WOW Size": "375g",
    "WOW ppu": "$8.00 / 100G"
  },
  {
    "Brand_Product_Size": "Dencorub Sports Ice Gel 150g",
    "WOW Price": 12,
    "WOW Size": "150g",
    "WOW ppu": "$8.00 / 100G"
  },
  {
    "Brand_Product_Size": "Massel Plant Based Chicken Style Liquid Stock Salt Reduced 1L",
    "WOW Price": 2.5,
    "WOW Size": "1L",
    "WOW ppu": "$0.25 / 100ML"
  },
  {
    "Brand_Product_Size": "Mtr Ready To Eat Dal Makhani 300g",
    "WOW Price": 2.75,
    "WOW Size": "300g",
    "WOW ppu": "$0.92 / 100G"
  },
  {
    "Brand_Product_Size": "Cold Power 2 In 1 Advanced Clean Fabric Softener 1.8kg",
    "WOW Price": 8.75,
    "WOW Size": "1.8kg",
    "WOW ppu": "$4.86 / 1KG"
  },
  {
    "Brand_Product_Size": "Vittoria Lungo Nespresso Compatible Coffee Capsules pack 10",
    "WOW Price": 6,
    "WOW Size": "pack 10",
    "WOW ppu": "$0.60 / 1EA"
  },
  {
    "Brand_Product_Size": "Vittoria Lungo Nespresso Compatible Coffee Capsules pack 10",
    "WOW Price": 6,
    "WOW Size": "pack 10",
    "WOW ppu": "$0.60 / 1EA"
  },
  {
    "Brand_Product_Size": "Decor Bamboo Tumbler Teal each",
    "WOW Price": 2,
    "WOW Size": "each",
    "WOW ppu": "$2.00 / 1EA"
  },
  {
    "Brand_Product_Size": "Arnott's Chocolate Caramel Crowns 200g",
    "WOW Price": 4,
    "WOW Size": "200g",
    "WOW ppu": "$2.00 / 100G"
  },
  {
    "Brand_Product_Size": "Mighty Spice Tikka Masala 80g",
    "WOW Price": 4,
    "WOW Size": "80g",
    "WOW ppu": "$5.00 / 100G"
  },
  {
    "Brand_Product_Size": "Uncle Tobys Cereal Vita Brits 375g",
    "WOW Price": 3,
    "WOW Size": "375g",
    "WOW ppu": "$0.80 / 100G"
  },
  {
    "Brand_Product_Size": "Thursday Plantation Tea Tree Toothpaste Fluoride Free 110g",
    "WOW Price": 6.35,
    "WOW Size": "110g",
    "WOW ppu": "$5.77 / 100G"
  },
  {
    "Brand_Product_Size": "No Nasties 50% Less Sugar Rice Pops Cereal 285g",
    "WOW Price": 5,
    "WOW Size": "285g",
    "WOW ppu": "$1.75 / 100G"
  },
  {
    "Brand_Product_Size": "Queen Purple Food Colour Gel 15g",
    "WOW Price": 2.5,
    "WOW Size": "15g",
    "WOW ppu": "$16.67 / 100G"
  },
  {
    "Brand_Product_Size": "Leggos Tomato Paste Sachet 4x50g",
    "WOW Price": 2.3,
    "WOW Size": "4x50g",
    "WOW ppu": "$1.15 / 100G"
  },
  {
    "Brand_Product_Size": "Kambrook Pancake Maker each",
    "WOW Price": 39,
    "WOW Size": "each",
    "WOW ppu": "$39.00 / 1EA"
  },
  {
    "Brand_Product_Size": "Energizer A544 Battery each",
    "WOW Price": 14.99,
    "WOW Size": "each",
    "WOW ppu": "$14.99 / 1EA"
  },
  {
    "Brand_Product_Size": "Western Star Spreadable Supersoft 375g",
    "WOW Price": 5,
    "WOW Size": "375g",
    "WOW ppu": "$1.33 / 100G"
  },
  {
    "Brand_Product_Size": "Neat Feat Spray On Foot & Heel Balm 125mL",
    "WOW Price": 17,
    "WOW Size": "125mL",
    "WOW ppu": "$13.60 / 100ML"
  },
  {
    "Brand_Product_Size": "Cashmere Bouquet Bar Soap Lavender 100g x4 pack",
    "WOW Price": 3.2,
    "WOW Size": "100g x4 pack",
    "WOW ppu": "$0.80 / 100G"
  },
  {
    "Brand_Product_Size": "Tabasco Chipotle Sauce 60mL",
    "WOW Price": 5,
    "WOW Size": "60mL",
    "WOW ppu": "$8.33 / 100ML"
  },
  {
    "Brand_Product_Size": "Piksters Bamboo Interdental Size 3 8 pack",
    "WOW Price": 8,
    "WOW Size": "8 pack",
    "WOW ppu": "$1.00 / 1EA"
  },
  {
    "Brand_Product_Size": "Heinz Soup For One Big Red Tomato 300g",
    "WOW Price": 1.95,
    "WOW Size": "300g",
    "WOW ppu": "$0.65 / 100G"
  },
  {
    "Brand_Product_Size": "Nestle Milo Plant Based 395g",
    "WOW Price": 7,
    "WOW Size": "395g",
    "WOW ppu": "$1.77 / 100G"
  },
  {
    "Brand_Product_Size": "Nestle Milo Plant Based 395g",
    "WOW Price": 7,
    "WOW Size": "395g",
    "WOW ppu": "$1.77 / 100G"
  },
  {
    "Brand_Product_Size": "Cadbury Dairy Milk Freddo Strawberry Sharepack 12 pack",
    "WOW Price": 5,
    "WOW Size": "12 pack",
    "WOW ppu": "$2.78 / 100G"
  },
  {
    "Brand_Product_Size": "Sunrice Flavour Your Rice Indian Spice Paste 60g",
    "WOW Price": 4,
    "WOW Size": "60g",
    "WOW ppu": "$6.67 / 100G"
  },
  {
    "Brand_Product_Size": "Arm & Hammer Clump & Seal Slide Multi Cat Litter 8.62kg",
    "WOW Price": 25,
    "WOW Size": "8.62kg",
    "WOW ppu": "$2.91 / 1KG"
  },
  {
    "Brand_Product_Size": "Arm & Hammer Feline Pine Original Cat Litter 9.07kg",
    "WOW Price": 28,
    "WOW Size": "9.07kg",
    "WOW ppu": "$3.09 / 1KG"
  },
  {
    "Brand_Product_Size": "Arm & Hammer Feline Pine Original Non Clumping Cat Litter 3.18kg",
    "WOW Price": 14,
    "WOW Size": "3.18kg",
    "WOW ppu": "$4.40 / 1KG"
  },
  {
    "Brand_Product_Size": "Arm & Hammer Clump & Seal Slide Multi Cat Litter 8.62kg",
    "WOW Price": 25,
    "WOW Size": "8.62kg",
    "WOW ppu": "$2.90 / 1KG"
  },
  {
    "Brand_Product_Size": "Belvita Breakfast Duo Crunch Choc Hazelnut Flavoured Biscuits 5 pack",
    "WOW Price": 4.5,
    "WOW Size": "5 pack",
    "WOW ppu": "$1.78 / 100G"
  },
  {
    "Brand_Product_Size": "Oreo Cookie Golden 133g",
    "WOW Price": 1.5,
    "WOW Size": "133g",
    "WOW ppu": "$1.13 / 100G"
  },
  {
    "Brand_Product_Size": "Oreo Cookie Original 133g",
    "WOW Price": 1.5,
    "WOW Size": "133g",
    "WOW ppu": "$1.13 / 100G"
  },
  {
    "Brand_Product_Size": "Oreo Choc Peanut Butter Pie 133g",
    "WOW Price": 1.5,
    "WOW Size": "133g",
    "WOW ppu": ""
  },
  {
    "Brand_Product_Size": "Belvita Soft Bakes Apple & Cinnamon 120g",
    "WOW Price": 3,
    "WOW Size": "120g",
    "WOW ppu": "$2.50 / 100G"
  },
  {
    "Brand_Product_Size": "The Natural Confectionery Co. Kombucha Flavoured Lollies 180g",
    "WOW Price": 3,
    "WOW Size": "180g",
    "WOW ppu": "$1.67 / 100G"
  },
  {
    "Brand_Product_Size": "Maggi 2 Minute Instant Wholegrain Beef Noodles 5 pack",
    "WOW Price": 3.8,
    "WOW Size": "5 pack",
    "WOW ppu": "$1.13 / 100G"
  },
  {
    "Brand_Product_Size": "Oreo Cadbury Coated Mint Cookies 2 pack",
    "WOW Price": 3.8,
    "WOW Size": "2 pack",
    "WOW ppu": "$1.86 / 100G"
  },
  {
    "Brand_Product_Size": "Muscletech Hydroxycut Hardcore Pro Series Liquid Capsules 60 pack",
    "WOW Price": 40,
    "WOW Size": "60 pack",
    "WOW ppu": "$66.67 / 100EA"
  },
  {
    "Brand_Product_Size": "Vitasoy Almond Milk Unsweetened 1L",
    "WOW Price": 3,
    "WOW Size": "1L",
    "WOW ppu": "$3.00 / 1L"
  },
  {
    "Brand_Product_Size": "Vitasoy Almond Milk Unsweetened 1L",
    "WOW Price": 3,
    "WOW Size": "1L",
    "WOW ppu": "$3.00 / 1L"
  },
  {
    "Brand_Product_Size": "Sabco All Surface Microfibre Cloths 3 pack",
    "WOW Price": 5,
    "WOW Size": "3 pack",
    "WOW ppu": "$1.67 / 1EA"
  },
  {
    "Brand_Product_Size": "Cadbury Breakaway Milk Chocolate Biscuit 180g",
    "WOW Price": 3.5,
    "WOW Size": "180g",
    "WOW ppu": "$1.94 / 100G"
  },
  {
    "Brand_Product_Size": "Chef's Choice Himalayan Pink Rock Salt Grinder 200g",
    "WOW Price": 6,
    "WOW Size": "200g",
    "WOW ppu": "$0.30 / 10G"
  },
  {
    "Brand_Product_Size": "Edgell Edamame Bean Cans 4x125g",
    "WOW Price": 4,
    "WOW Size": "4x125g",
    "WOW ppu": "$0.80 / 100G"
  },
  {
    "Brand_Product_Size": "Bega Simply Nuts Crunchy 325g",
    "WOW Price": 5,
    "WOW Size": "325g",
    "WOW ppu": "$1.54 / 100G"
  },
  {
    "Brand_Product_Size": "Pedigree Dentastix Small Dog Dental Treat 7 pack",
    "WOW Price": 5,
    "WOW Size": "7 pack",
    "WOW ppu": "$0.71 / 1EA"
  },
  {
    "Brand_Product_Size": "Sunbeam Sultanas & Apple 6x25g",
    "WOW Price": 2.4,
    "WOW Size": "6x25g",
    "WOW ppu": "$16.00 / 1KG"
  },
  {
    "Brand_Product_Size": "Sunbeam Sultanas & Apple 6x25g",
    "WOW Price": 2.4,
    "WOW Size": "6x25g",
    "WOW ppu": "$16.00 / 1KG"
  },
  {
    "Brand_Product_Size": "Woolworths For Ladies Low Cut Socks Plain Black Size 2-8 3 pack",
    "WOW Price": 7,
    "WOW Size": "3 pack",
    "WOW ppu": "$2.33 / 1EA"
  },
  {
    "Brand_Product_Size": "Energizer Phone Case Iphone X each",
    "WOW Price": 20,
    "WOW Size": "each",
    "WOW ppu": ""
  },
  {
    "Brand_Product_Size": "Oral-b Pro 800 Electric Toothbrush each",
    "WOW Price": 100,
    "WOW Size": "each",
    "WOW ppu": "$100.00 / 1EA"
  },
  {
    "Brand_Product_Size": "Cold Power Advanced Clean Front & Top Loader Laundry Powder 2kg",
    "WOW Price": 8.75,
    "WOW Size": "2kg",
    "WOW ppu": "$4.38 / 1KG"
  },
  {
    "Brand_Product_Size": "Betty Crocker Rainbow Chip Party Cake Mix 480g",
    "WOW Price": 5.2,
    "WOW Size": "480g",
    "WOW ppu": "$1.08 / 100G"
  },
  {
    "Brand_Product_Size": "Korbond Lint Travel Roller each",
    "WOW Price": 3,
    "WOW Size": "each",
    "WOW ppu": ""
  },
  {
    "Brand_Product_Size": "Plenty Cold Pressed Macadamia Oil 375mL",
    "WOW Price": 5,
    "WOW Size": "375mL",
    "WOW ppu": "$1.33 / 100ML"
  },
  {
    "Brand_Product_Size": "Wei Chuan Dumpling Sauce Hot 190g",
    "WOW Price": 3.5,
    "WOW Size": "190g",
    "WOW ppu": "$1.84 / 100ML"
  },
  {
    "Brand_Product_Size": "Dairylea Cheese Pods 100g",
    "WOW Price": 4,
    "WOW Size": "100g",
    "WOW ppu": "$40.00 / 1KG"
  },
  {
    "Brand_Product_Size": "Twinings English Breakfast Tea Bags 100 pack 200g",
    "WOW Price": 11.2,
    "WOW Size": "100 pack 200g",
    "WOW ppu": "$0.11 / 1EA"
  },
  {
    "Brand_Product_Size": "Twinings English Breakfast Tea Bags 100 pack 200g",
    "WOW Price": 11.2,
    "WOW Size": "100 pack 200g",
    "WOW ppu": "$0.11 / 1EA"
  },
  {
    "Brand_Product_Size": "Edgell Four Bean Mix 400g",
    "WOW Price": 1.5,
    "WOW Size": "400g",
    "WOW ppu": "$3.75 / 1KG"
  },
  {
    "Brand_Product_Size": "Philadelphia Light Cream Cheese Snack Tub 136g",
    "WOW Price": 3.5,
    "WOW Size": "136g",
    "WOW ppu": "$25.74 / 1KG"
  },
  {
    "Brand_Product_Size": "John West Salmon Tempters In Springwater 95g",
    "WOW Price": 2.7,
    "WOW Size": "95g",
    "WOW ppu": "$28.42 / 1KG"
  },
  {
    "Brand_Product_Size": "Gravox Cheese Sauce Mix Mild And Creamy 120g",
    "WOW Price": 3.5,
    "WOW Size": "120g",
    "WOW ppu": "$0.29 / 10G"
  },
  {
    "Brand_Product_Size": "Korbond Needle Threader & Thimble Set each",
    "WOW Price": 3,
    "WOW Size": "each",
    "WOW ppu": ""
  },
  {
    "Brand_Product_Size": "Surf Capsules Tropical 390g",
    "WOW Price": 10,
    "WOW Size": "390g",
    "WOW ppu": "$0.33 / 1EA"
  },
  {
    "Brand_Product_Size": "Edgell Sliced Beetroot Sliced 225g",
    "WOW Price": 1.2,
    "WOW Size": "225g",
    "WOW ppu": "$5.33 / 1KG"
  },
  {
    "Brand_Product_Size": "Berocca 50+ Energy Vitamin With Ginseng Effervescent Tablets 30 pack",
    "WOW Price": 17.5,
    "WOW Size": "30 pack",
    "WOW ppu": "$58.33 / 100EA"
  },
  {
    "Brand_Product_Size": "Famous House Guava Juice 500mL",
    "WOW Price": 2.6,
    "WOW Size": "500mL",
    "WOW ppu": "$0.52 / 100ML"
  },
  {
    "Brand_Product_Size": "Crave Wet Dog Food Chicken Pate 400g",
    "WOW Price": 4.5,
    "WOW Size": "400g",
    "WOW ppu": "$1.13 / 100G"
  },
  {
    "Brand_Product_Size": "Obento Ponzu Sauce 250mL",
    "WOW Price": 3,
    "WOW Size": "250mL",
    "WOW ppu": "$1.20 / 100ML"
  },
  {
    "Brand_Product_Size": "La Molisana Pastifico Extra Di Lusso Liguine 500g",
    "WOW Price": 2.8,
    "WOW Size": "500g",
    "WOW ppu": "$0.56 / 100G"
  },
  {
    "Brand_Product_Size": "La Zuppa Soup Pouch Thai Coconut Chicken 540g",
    "WOW Price": 4.4,
    "WOW Size": "540g",
    "WOW ppu": "$0.81 / 100G"
  },
  {
    "Brand_Product_Size": "Murray River Organics Australian Slivered Almonds 100g",
    "WOW Price": 7,
    "WOW Size": "100g",
    "WOW ppu": "$70.00 / 1KG"
  },
  {
    "Brand_Product_Size": "Nuby Soother Paci-finder 2 pack",
    "WOW Price": 10,
    "WOW Size": "2 pack",
    "WOW ppu": "$5.00 / 1EA"
  },
  {
    "Brand_Product_Size": "Multix Recycled Tidy Bags Top Ties Large 20 pack",
    "WOW Price": 3.5,
    "WOW Size": "20 pack",
    "WOW ppu": "$0.18 / 1EA"
  },
  {
    "Brand_Product_Size": "Vetta Microwave Ready Pasta Classic Spaghetti 150g",
    "WOW Price": 2,
    "WOW Size": "150g",
    "WOW ppu": "$1.33 / 100G"
  },
  {
    "Brand_Product_Size": "Strepsils Double Antibacterial? Soothing Throat Lozenge Honey And Lemon 36 pack",
    "WOW Price": 10.5,
    "WOW Size": "36 pack",
    "WOW ppu": "$0.29 / 1EA"
  },
  {
    "Brand_Product_Size": "Just Gloves Ultra Sensitive Latex Free Disposable Gloves Medium 24 pack",
    "WOW Price": 5.95,
    "WOW Size": "24 pack",
    "WOW ppu": "$0.25 / 1EA"
  },
  {
    "Brand_Product_Size": "Woolworths Diced Italian Tomatoes Basil & Oregano 400g",
    "WOW Price": 1.1,
    "WOW Size": "400g",
    "WOW ppu": "$2.75 / 1KG"
  },
  {
    "Brand_Product_Size": "Hygiene Plus Duo Kitchen & Bathroom Gloves Small 2 pack",
    "WOW Price": 4,
    "WOW Size": "2 pack",
    "WOW ppu": "$2.00 / 1EA"
  },
  {
    "Brand_Product_Size": "Culinare Bread Knife 22cm each",
    "WOW Price": 16,
    "WOW Size": "each",
    "WOW ppu": ""
  },
  {
    "Brand_Product_Size": "Boom City Racers Assorted each",
    "WOW Price": 9.6,
    "WOW Size": "each",
    "WOW ppu": ""
  },
  {
    "Brand_Product_Size": "Ritter Sport Dark Whole Hazelnuts Whole Hazelnut 100g",
    "WOW Price": 3.9,
    "WOW Size": "100g",
    "WOW ppu": "$3.90 / 100G"
  },
  {
    "Brand_Product_Size": "Lucky Kitchen Bbq Pork Dumplings 750g",
    "WOW Price": 9.5,
    "WOW Size": "750g",
    "WOW ppu": "$1.27 / 100G"
  },
  {
    "Brand_Product_Size": "Lonely God Potato Twist Vegetable Flavour 86g",
    "WOW Price": 2.75,
    "WOW Size": "86g",
    "WOW ppu": "$3.20 / 100G"
  },
  {
    "Brand_Product_Size": "Pure Pops Choc Malt Shake 4 pack",
    "WOW Price": 13,
    "WOW Size": "4 pack",
    "WOW ppu": "$4.06 / 100ML"
  },
  {
    "Brand_Product_Size": "Selleys Bbq Tough Scourer each",
    "WOW Price": 5.5,
    "WOW Size": "each",
    "WOW ppu": "$5.50 / 1EA"
  },
  {
    "Brand_Product_Size": "Grant Burge Pinot Chardonnay Rose 750mL",
    "WOW Price": 30,
    "WOW Size": "750mL",
    "WOW ppu": ""
  },
  {
    "Brand_Product_Size": "Razzamatazz Body Sheers Natural Size 2 each",
    "WOW Price": 6,
    "WOW Size": "each",
    "WOW ppu": ""
  },
  {
    "Brand_Product_Size": "Oh My Gif Animated Figurine each",
    "WOW Price": 8,
    "WOW Size": "each",
    "WOW ppu": ""
  },
  {
    "Brand_Product_Size": "Continental Simmer Soup Dutch Curry & Rice 70g",
    "WOW Price": 1.4,
    "WOW Size": "70g",
    "WOW ppu": "$2.00 / 100G"
  },
  {
    "Brand_Product_Size": "Dreamworks How To Train Your Dragon Figurines Assorted each",
    "WOW Price": 15,
    "WOW Size": "each",
    "WOW ppu": ""
  },
  {
    "Brand_Product_Size": "Cadbury Dairy Milk Roast Almond 180g",
    "WOW Price": 3.5,
    "WOW Size": "180g",
    "WOW ppu": "$1.94 / 100G"
  },
  {
    "Brand_Product_Size": "Three Threes Gherkins Sweet Spiced 260g",
    "WOW Price": 2.35,
    "WOW Size": "260g",
    "WOW ppu": "$9.04 / 1KG"
  },
  {
    "Brand_Product_Size": "Tonka Metal Movers Mud Rescue Assorted each",
    "WOW Price": 12,
    "WOW Size": "each",
    "WOW ppu": ""
  },
  {
    "Brand_Product_Size": "Pistachio Kernels 400g",
    "WOW Price": 18,
    "WOW Size": "400g",
    "WOW ppu": "$45.00 / 1KG"
  },
  {
    "Brand_Product_Size": "Gravox Gravy Mix Supreme 425g",
    "WOW Price": 4.95,
    "WOW Size": "425g",
    "WOW ppu": "$0.12 / 10G"
  },
  {
    "Brand_Product_Size": "Staedtler Triplus Broadliner 5 pack",
    "WOW Price": 12,
    "WOW Size": "5 pack",
    "WOW ppu": ""
  },
  {
    "Brand_Product_Size": "Clairol Natural Instincts 7 Dark Blonde each",
    "WOW Price": 16,
    "WOW Size": "each",
    "WOW ppu": ""
  },
  {
    "Brand_Product_Size": "Macro Organic Borlotti Beans No Added Salt 420g",
    "WOW Price": 1.3,
    "WOW Size": "420g",
    "WOW ppu": "$0.31 / 100G"
  },
  {
    "Brand_Product_Size": "Clio Italian Cotton Sole Knee High Tights Natural One Size 2 pack",
    "WOW Price": 8,
    "WOW Size": "2 pack",
    "WOW ppu": ""
  },
  {
    "Brand_Product_Size": "Ruffie Rustic Foods Plant Based Thai Green Chicken-ie Curry 350g",
    "WOW Price": 7,
    "WOW Size": "350g",
    "WOW ppu": "$2.00 / 100G"
  },
  {
    "Brand_Product_Size": "Paradise Fancies Sweet Jam 250g",
    "WOW Price": 2.85,
    "WOW Size": "250g",
    "WOW ppu": "$1.14 / 100G"
  },
  {
    "Brand_Product_Size": "John West Skin & Boneless Salmon In Springwater 130g",
    "WOW Price": 2.7,
    "WOW Size": "130g",
    "WOW ppu": "$20.77 / 1KG"
  },
  {
    "Brand_Product_Size": "Bull's-eye Smokey Bacon Bbq Sauce 300mL",
    "WOW Price": 4,
    "WOW Size": "300mL",
    "WOW ppu": "$1.33 / 100ML"
  },
  {
    "Brand_Product_Size": "Sanitarium Crunchy No Added Sugar Or Salt Peanut Butter 500g",
    "WOW Price": 4,
    "WOW Size": "500g",
    "WOW ppu": "$0.80 / 100G"
  },
  {
    "Brand_Product_Size": "Dilmah Premium Quality Tea Bags 100 pack",
    "WOW Price": 5.5,
    "WOW Size": "100 pack",
    "WOW ppu": "$0.06 / 1EA"
  },
  {
    "Brand_Product_Size": "Dilmah Premium Quality Tea Bags 100 pack",
    "WOW Price": 5.5,
    "WOW Size": "100 pack",
    "WOW ppu": "$0.06 / 1EA"
  },
  {
    "Brand_Product_Size": "Minchinbury Rose Blush Cuvee Nv 200mL",
    "WOW Price": 5,
    "WOW Size": "200mL",
    "WOW ppu": ""
  },
  {
    "Brand_Product_Size": "Sup Clear Skin Capsules 30 pack",
    "WOW Price": 20,
    "WOW Size": "30 pack",
    "WOW ppu": "$66.67 / 100EA"
  },
  {
    "Brand_Product_Size": "Garnier Hydra Bomb Anti-ageing Tissue Mask each",
    "WOW Price": 3.55,
    "WOW Size": "each",
    "WOW ppu": "$11.09 / 100G"
  },
  {
    "Brand_Product_Size": "Montecatini Truffle Salami 100g",
    "WOW Price": 5.98,
    "WOW Size": "100g",
    "WOW ppu": "$59.80 / 1KG"
  },
  {
    "Brand_Product_Size": "Danone Yopro Protein 20g Salted Caramel Nut Protein Bar 68g",
    "WOW Price": 3,
    "WOW Size": "68g",
    "WOW ppu": "$4.41 / 100G"
  },
  {
    "Brand_Product_Size": "Hot Pot Seasoning Tomato 200g",
    "WOW Price": 5.25,
    "WOW Size": "200g",
    "WOW ppu": "$2.63 / 100G"
  },
  {
    "Brand_Product_Size": "Armor All Car Care Glass Cleaner 500mL",
    "WOW Price": 10,
    "WOW Size": "500mL",
    "WOW ppu": "$2.00 / 100ML"
  },
  {
    "Brand_Product_Size": "La Casa Del Formaggio Traditional Ricotta Cheese 1kg",
    "WOW Price": 9,
    "WOW Size": "1kg",
    "WOW ppu": "$9.00 / 1KG"
  },
  {
    "Brand_Product_Size": "La Casa Del Formaggio Traditional Ricotta Cheese 1kg",
    "WOW Price": 9,
    "WOW Size": "1kg",
    "WOW ppu": "$9.00 / 1KG"
  },
  {
    "Brand_Product_Size": "Vegemite Cheesy Bite Spread 270g",
    "WOW Price": 5.15,
    "WOW Size": "270g",
    "WOW ppu": "$1.91 / 100G"
  },
  {
    "Brand_Product_Size": "Mccormicks Organic Cinnamon Ground 13g",
    "WOW Price": 2,
    "WOW Size": "13g",
    "WOW ppu": "$1.54 / 10G"
  },
  {
    "Brand_Product_Size": "Woolworths Honey Twist And Squeeze 375g",
    "WOW Price": 5.5,
    "WOW Size": "375g",
    "WOW ppu": "$1.47 / 100G"
  },
  {
    "Brand_Product_Size": "Spc Spaghetti Spagasaurus Shapes 420g",
    "WOW Price": 1.4,
    "WOW Size": "420g",
    "WOW ppu": "$0.33 / 100G"
  },
  {
    "Brand_Product_Size": "Old El Paso Mexican Family Tortillas 16 pack 640g",
    "WOW Price": 5.5,
    "WOW Size": "16 pack 640g",
    "WOW ppu": "$0.86 / 100G"
  },
  {
    "Brand_Product_Size": "Marukome Miso Soup Green Onion 152g",
    "WOW Price": 5,
    "WOW Size": "152g",
    "WOW ppu": "$3.29 / 100G"
  },
  {
    "Brand_Product_Size": "Aeroplane Jelly Reduced Sugar Strawberry 85g",
    "WOW Price": 1.25,
    "WOW Size": "85g",
    "WOW ppu": "$1.47 / 100G"
  },
  {
    "Brand_Product_Size": "Kleenex Allergy Comfort Facial Tissue 85 pack",
    "WOW Price": 2.6,
    "WOW Size": "85 pack",
    "WOW ppu": "$3.06 / 100SS"
  },
  {
    "Brand_Product_Size": "Kleenex Allergy Comfort Facial Tissue 85 pack",
    "WOW Price": 2.6,
    "WOW Size": "85 pack",
    "WOW ppu": "$3.06 / 100SS"
  },
  {
    "Brand_Product_Size": "Korbond Tassel Banner With Foil Assorted each",
    "WOW Price": 6,
    "WOW Size": "each",
    "WOW ppu": "$6.00 / 1EA"
  },
  {
    "Brand_Product_Size": "Aunt Betty's Gooey Caramel Steamy Puds 2x95g",
    "WOW Price": 4,
    "WOW Size": "2x95g",
    "WOW ppu": "$2.11 / 100G"
  },
  {
    "Brand_Product_Size": "Plantly Antioxidant Enhanced Water & Juice Blackcurrant 1.25L",
    "WOW Price": 5,
    "WOW Size": "1.25L",
    "WOW ppu": "$4.00 / 1L"
  },
  {
    "Brand_Product_Size": "Evamay Tampons Super 16 pack",
    "WOW Price": 2,
    "WOW Size": "16 pack",
    "WOW ppu": "$0.13 / 1EA"
  },
  {
    "Brand_Product_Size": "Jade Tiger Abalone 500g",
    "WOW Price": 30,
    "WOW Size": "500g",
    "WOW ppu": "$60.00 / 1KG"
  },
  {
    "Brand_Product_Size": "Champion Original Flavoured Toffees 150g",
    "WOW Price": 3.5,
    "WOW Size": "150g",
    "WOW ppu": "$2.33 / 100G"
  },
  {
    "Brand_Product_Size": "Palmolive Antibacterial Hand Sanitiser Japanese Cherry Blossom 200mL",
    "WOW Price": 6,
    "WOW Size": "200mL",
    "WOW ppu": "$3.00 / 100ML"
  },
  {
    "Brand_Product_Size": "Pringles New York Style Cheeseburger Flavour Chips 134g",
    "WOW Price": 3,
    "WOW Size": "134g",
    "WOW ppu": "$2.24 / 100G"
  },
  {
    "Brand_Product_Size": "Philips Led Sticks 1055lm Warm Bc 1 pack",
    "WOW Price": 10,
    "WOW Size": "1 pack",
    "WOW ppu": "$10.00 / 1EA"
  },
  {
    "Brand_Product_Size": "Golden Circle Apple Blackcurrant Fruit Drink 1L",
    "WOW Price": 2.25,
    "WOW Size": "1L",
    "WOW ppu": "$2.25 / 1L"
  },
  {
    "Brand_Product_Size": "Akin Fragrance Free Mild & Gentle Body Wash 500mL",
    "WOW Price": 19,
    "WOW Size": "500mL",
    "WOW ppu": "$3.80 / 100ML"
  },
  {
    "Brand_Product_Size": "Nature's Own Super B Complex Tablets 75 pack",
    "WOW Price": 27,
    "WOW Size": "75 pack",
    "WOW ppu": "$36.00 / 100EA"
  },
  {
    "Brand_Product_Size": "Hakka Beef Balls W/tendons 200g",
    "WOW Price": 5.5,
    "WOW Size": "200g",
    "WOW ppu": "$27.50 / 1KG"
  },
  {
    "Brand_Product_Size": "Nestle Kitkat Gooey Caramel 45g",
    "WOW Price": 1,
    "WOW Size": "45g",
    "WOW ppu": "$2.22 / 100G"
  },
  {
    "Brand_Product_Size": "Love Luna Midi Period Brief 12--14",
    "WOW Price": 13.5,
    "WOW Size": "12--14",
    "WOW ppu": "$13.50 / 1EA"
  },
  {
    "Brand_Product_Size": "Essentials Kitchen Manchester Jumbo Tea Towels 3 pack",
    "WOW Price": 8,
    "WOW Size": "3 pack",
    "WOW ppu": "$2.67 / 1EA"
  },
  {
    "Brand_Product_Size": "Aussie Bodies Shine Collagen Crisp Apple Mango 455g",
    "WOW Price": 28,
    "WOW Size": "455g",
    "WOW ppu": "$6.15 / 100G"
  },
  {
    "Brand_Product_Size": "Eskal Herrings Chopped 375g",
    "WOW Price": 6,
    "WOW Size": "375g",
    "WOW ppu": "$16.00 / 1KG"
  },
  {
    "Brand_Product_Size": "Sanitarium Crunchy Peanut Butter 500g",
    "WOW Price": 4,
    "WOW Size": "500g",
    "WOW ppu": "$0.80 / 100G"
  },
  {
    "Brand_Product_Size": "Mcobeauty Duo Brow Crayon & Highlighter Medium Brown each",
    "WOW Price": 7.5,
    "WOW Size": "each",
    "WOW ppu": "$78.13 / 10G"
  },
  {
    "Brand_Product_Size": "Violet Crumble Bites 180g",
    "WOW Price": 4.4,
    "WOW Size": "180g",
    "WOW ppu": "$2.44 / 100G"
  },
  {
    "Brand_Product_Size": "Bonds Boys Underwear Cotton Trunk 12-14 & 14-16 3 pack",
    "WOW Price": 10.5,
    "WOW Size": "3 pack",
    "WOW ppu": "$3.50 / 1EA"
  },
  {
    "Brand_Product_Size": "Primo Bacon Short Cut Rindless 175g",
    "WOW Price": 5,
    "WOW Size": "175g",
    "WOW ppu": "$28.57 / 1KG"
  },
  {
    "Brand_Product_Size": "Clairol Root Touch-up Color Blending Gel Auburn Red 45mL",
    "WOW Price": 18,
    "WOW Size": "45mL",
    "WOW ppu": "$40.00 / 100ML"
  },
  {
    "Brand_Product_Size": "D'lish Halal Chicken Makhani 250g",
    "WOW Price": 5.5,
    "WOW Size": "250g",
    "WOW ppu": "$1.83 / 100G"
  },
  {
    "Brand_Product_Size": "Woolworths Yoghurt Berry 80g",
    "WOW Price": 2,
    "WOW Size": "80g",
    "WOW ppu": "$23.53 / 1KG"
  },
  {
    "Brand_Product_Size": "Kraft Mac N Cheese Original 205g",
    "WOW Price": 2.9,
    "WOW Size": "205g",
    "WOW ppu": "$1.41 / 100G"
  },
  {
    "Brand_Product_Size": "Vegemite Gluten Free Spread 235g",
    "WOW Price": 4.9,
    "WOW Size": "235g",
    "WOW ppu": "$2.09 / 100G"
  },
  {
    "Brand_Product_Size": "Osem Sunny Wheat Multigrain Crackers 190g",
    "WOW Price": 5,
    "WOW Size": "190g",
    "WOW ppu": "$2.63 / 100G"
  },
  {
    "Brand_Product_Size": "Hot Kids Rice Snacks Shelly Senbei 150g",
    "WOW Price": 3.35,
    "WOW Size": "150g",
    "WOW ppu": "$2.23 / 100G"
  },
  {
    "Brand_Product_Size": "Clairol Nice N Easy 7cb Natural Dark Champgne Blonde each",
    "WOW Price": 9,
    "WOW Size": "each",
    "WOW ppu": ""
  },
  {
    "Brand_Product_Size": "Heinz Dijon Mustard Mayonnaise 295mL",
    "WOW Price": 3.5,
    "WOW Size": "295mL",
    "WOW ppu": "$1.19 / 100ML"
  },
  {
    "Brand_Product_Size": "Bluebird Biguns Cheese 180g",
    "WOW Price": 5,
    "WOW Size": "180g",
    "WOW ppu": "$2.78 / 100G"
  },
  {
    "Brand_Product_Size": "Katoomba All In One Chutney 250g",
    "WOW Price": 3.5,
    "WOW Size": "250g",
    "WOW ppu": "$1.40 / 100G"
  },
  {
    "Brand_Product_Size": "Inspire Embossed Bowl With Lid Medium each",
    "WOW Price": 5.6,
    "WOW Size": "each",
    "WOW ppu": ""
  },
  {
    "Brand_Product_Size": "Devondale Shredded Colby Cheese 600g",
    "WOW Price": 7.5,
    "WOW Size": "600g",
    "WOW ppu": "$12.50 / 1KG"
  },
  {
    "Brand_Product_Size": "Lee Kum Kee Sauce Lemon Chicken 145g",
    "WOW Price": 1.7,
    "WOW Size": "145g",
    "WOW ppu": "$1.17 / 100G"
  },
  {
    "Brand_Product_Size": "Aeroplane Jelly Berry Blue 85g",
    "WOW Price": 1,
    "WOW Size": "85g",
    "WOW ppu": "$1.18 / 100G"
  },
  {
    "Brand_Product_Size": "Masterfoods Creamy Chicken & Mushroom Simmer Sauce 490g",
    "WOW Price": 3.7,
    "WOW Size": "490g",
    "WOW ppu": "$0.76 / 100G"
  },
  {
    "Brand_Product_Size": "Pine O Cleen Laundry Sanitiser 1.5L",
    "WOW Price": 12,
    "WOW Size": "1.5L",
    "WOW ppu": "$8.00 / 1L"
  },
  {
    "Brand_Product_Size": "Grants Of Australia Fresh Mint Natural Toothpaste With Fluoride 110g",
    "WOW Price": 4.3,
    "WOW Size": "110g",
    "WOW ppu": "$3.91 / 100G"
  },
  {
    "Brand_Product_Size": "Your Majesty Gourmet Chicken Selection Adult Wet Cat Food 12 pack",
    "WOW Price": 8.5,
    "WOW Size": "12 pack",
    "WOW ppu": "$0.83 / 100G"
  },
  {
    "Brand_Product_Size": "Little Bellies Sultanas & Apricots Mix 6 pack",
    "WOW Price": 2,
    "WOW Size": "6 pack",
    "WOW ppu": "$2.38 / 100G"
  },
  {
    "Brand_Product_Size": "Maggi 2 Minute Instant Noodles Oriental 5 pack",
    "WOW Price": 3.8,
    "WOW Size": "5 pack",
    "WOW ppu": "$1.03 / 100G"
  },
  {
    "Brand_Product_Size": "Expo Dry Erase Markers Vibrant Colors 12 pack",
    "WOW Price": 16.8,
    "WOW Size": "12 pack",
    "WOW ppu": ""
  },
  {
    "Brand_Product_Size": "St Ives Facial Scrub Apricot Blemish Control 150mL",
    "WOW Price": 5,
    "WOW Size": "150mL",
    "WOW ppu": "$3.33 / 100ML"
  },
  {
    "Brand_Product_Size": "Nerzion Memorial Candle Tin 80g",
    "WOW Price": 1.85,
    "WOW Size": "80g",
    "WOW ppu": "$2.31 / 100G"
  },
  {
    "Brand_Product_Size": "Dettol Australian Heartland Citrus Hand Wash 500mL",
    "WOW Price": 10,
    "WOW Size": "500mL",
    "WOW ppu": "$2.00 / 100ML"
  },
  {
    "Brand_Product_Size": "Artline Signature Rollerball 0.7mm Black each",
    "WOW Price": 19.99,
    "WOW Size": "each",
    "WOW ppu": ""
  },
  {
    "Brand_Product_Size": "Woolworths Sriracha Seasoning 41g",
    "WOW Price": 3,
    "WOW Size": "41g",
    "WOW ppu": "$0.73 / 10G"
  },
  {
    "Brand_Product_Size": "Maharajah's Choice Ground Cumin Spice 250g",
    "WOW Price": 3,
    "WOW Size": "250g",
    "WOW ppu": "$0.12 / 10G"
  },
  {
    "Brand_Product_Size": "Oral-b Cross Action 3d White Manual Toothbrush 3 pack",
    "WOW Price": 12,
    "WOW Size": "3 pack",
    "WOW ppu": "$4.00 / 1EA"
  },
  {
    "Brand_Product_Size": "Palirria European Stuffed Vine Leaves 280g",
    "WOW Price": 5.5,
    "WOW Size": "280g",
    "WOW ppu": "$1.96 / 100G"
  },
  {
    "Brand_Product_Size": "Paperclick Craft Notebook Assorted Designs each",
    "WOW Price": 6,
    "WOW Size": "each",
    "WOW ppu": ""
  },
  {
    "Brand_Product_Size": "Woolworths Salmon Lemon & Thyme 95g",
    "WOW Price": 1.3,
    "WOW Size": "95g",
    "WOW ppu": "$13.68 / 1KG"
  },
  {
    "Brand_Product_Size": "Vs Sassoon Style Smooth Straightener each",
    "WOW Price": 35,
    "WOW Size": "each",
    "WOW ppu": ""
  },
  {
    "Brand_Product_Size": "Uncle Tobys Muesli Bars Yoghurt & Strawberry 6 pack",
    "WOW Price": 4.3,
    "WOW Size": "6 pack",
    "WOW ppu": "$2.32 / 100G"
  },
  {
    "Brand_Product_Size": "Uncle Tobys Muesli Bars Yoghurt & Strawberry 6 pack",
    "WOW Price": 4.3,
    "WOW Size": "6 pack",
    "WOW ppu": "$2.32 / 100G"
  },
  {
    "Brand_Product_Size": "Woolworths Rocky Road Mallows Biscuits 190g",
    "WOW Price": 2,
    "WOW Size": "190g",
    "WOW ppu": "$1.05 / 100G"
  },
  {
    "Brand_Product_Size": "Body Blendz Coffee Buff Coffee Scrub 200g",
    "WOW Price": 15,
    "WOW Size": "200g",
    "WOW ppu": "$7.50 / 100G"
  },
  {
    "Brand_Product_Size": "Edgell Beans Cannellini 400g",
    "WOW Price": 1.5,
    "WOW Size": "400g",
    "WOW ppu": "$3.75 / 1KG"
  },
  {
    "Brand_Product_Size": "Calidad Canon Pg-641 Xl Colour each",
    "WOW Price": 37,
    "WOW Size": "each",
    "WOW ppu": ""
  },
  {
    "Brand_Product_Size": "Korbond Cake Topper Mini Bunting 19g",
    "WOW Price": 3,
    "WOW Size": "19g",
    "WOW ppu": "$3.00 / 1EA"
  },
  {
    "Brand_Product_Size": "Crayola Silly Scents Mini Twistables Crayons 12 pack",
    "WOW Price": 4.9,
    "WOW Size": "12 pack",
    "WOW ppu": ""
  },
  {
    "Brand_Product_Size": "Amoy Japanese Teriyaki Sauce 450mL",
    "WOW Price": 5,
    "WOW Size": "450mL",
    "WOW ppu": "$1.11 / 100ML"
  },
  {
    "Brand_Product_Size": "Erawan Rice Stick Small 375g",
    "WOW Price": 1.99,
    "WOW Size": "375g",
    "WOW ppu": "$0.53 / 100G"
  },
  {
    "Brand_Product_Size": "Bonds Boys Briefs 12-16 4 pack",
    "WOW Price": 10.5,
    "WOW Size": "4 pack",
    "WOW ppu": ""
  },
  {
    "Brand_Product_Size": "Hart & Soul All Natural Tom Yum Soup Cup 100g",
    "WOW Price": 1.8,
    "WOW Size": "100g",
    "WOW ppu": "$1.80 / 100G"
  },
  {
    "Brand_Product_Size": "Arnott's Nice 250g",
    "WOW Price": 2.3,
    "WOW Size": "250g",
    "WOW ppu": "$0.92 / 100G"
  },
  {
    "Brand_Product_Size": "The Dutch Company Wholemeal Rusks 125g",
    "WOW Price": 2.5,
    "WOW Size": "125g",
    "WOW ppu": "$2.00 / 100G"
  },
  {
    "Brand_Product_Size": "Maggi Fusian Noodle Cup Malaysian Laksa 61g",
    "WOW Price": 1.8,
    "WOW Size": "61g",
    "WOW ppu": "$2.95 / 100G"
  },
  {
    "Brand_Product_Size": "Queen Roses Icing Decorations 16 pack 16g",
    "WOW Price": 3.5,
    "WOW Size": "16 pack 16g",
    "WOW ppu": "$21.88 / 100G"
  },
  {
    "Brand_Product_Size": "Always Fresh Roasted Peppers Whole 330g",
    "WOW Price": 5,
    "WOW Size": "330g",
    "WOW ppu": "$15.15 / 1KG"
  },
  {
    "Brand_Product_Size": "Bic Kids Visa Colour Markers Xl 12 pack",
    "WOW Price": 7,
    "WOW Size": "12 pack",
    "WOW ppu": ""
  },
  {
    "Brand_Product_Size": "Pump Still Water Bottle 750mL",
    "WOW Price": 2.7,
    "WOW Size": "750mL",
    "WOW ppu": "$3.60 / 1L"
  },
  {
    "Brand_Product_Size": "Mtr Ready To Eat Dal Fry 300g",
    "WOW Price": 2.75,
    "WOW Size": "300g",
    "WOW ppu": "$0.92 / 100G"
  },
  {
    "Brand_Product_Size": "Bonds Pillowfeet Footlet Size 9-11 Assorted 1 pair",
    "WOW Price": 6,
    "WOW Size": "1 pair",
    "WOW ppu": ""
  },
  {
    "Brand_Product_Size": "Primo Bacon Lean Shortcut 350g",
    "WOW Price": 7.75,
    "WOW Size": "350g",
    "WOW ppu": "$22.14 / 1KG"
  },
  {
    "Brand_Product_Size": "Calidad Brother 133/131 Bcmy 4 pack",
    "WOW Price": 59,
    "WOW Size": "4 pack",
    "WOW ppu": ""
  },
  {
    "Brand_Product_Size": "Westmont Pickles Dill Sour 500g",
    "WOW Price": 6.5,
    "WOW Size": "500g",
    "WOW ppu": "$1.30 / 100G"
  },
  {
    "Brand_Product_Size": "Paperclick Palm Cards 100 pack",
    "WOW Price": 5,
    "WOW Size": "100 pack",
    "WOW ppu": ""
  },
  {
    "Brand_Product_Size": "Woolworths Beans Butter 420g",
    "WOW Price": 0.4,
    "WOW Size": "420g",
    "WOW ppu": "$0.10 / 100G"
  },
  {
    "Brand_Product_Size": "Woolworths Grid Book 9x7 Inches 64pg each",
    "WOW Price": 1,
    "WOW Size": "64pg each",
    "WOW ppu": ""
  },
  {
    "Brand_Product_Size": "Montecatini Salami Fennel & Garlic 100g",
    "WOW Price": 5.98,
    "WOW Size": "100g",
    "WOW ppu": "$59.80 / 1KG"
  },
  {
    "Brand_Product_Size": "Wai Wai Rice Vermicelli Large 500g",
    "WOW Price": 2.6,
    "WOW Size": "500g",
    "WOW ppu": "$0.52 / 100G"
  },
  {
    "Brand_Product_Size": "Campbell's Canned Soup Split Pea & Ham 420g",
    "WOW Price": 1.7,
    "WOW Size": "420g",
    "WOW ppu": "$0.40 / 100G"
  },
  {
    "Brand_Product_Size": "The Grove Gourmet Avocado Cold Pressed Oil 250mL",
    "WOW Price": 12,
    "WOW Size": "250mL",
    "WOW ppu": "$4.80 / 100ML"
  },
  {
    "Brand_Product_Size": "Masterfoods Smokey Taco Recipe Base 175g",
    "WOW Price": 2.2,
    "WOW Size": "175g",
    "WOW ppu": "$1.26 / 100G"
  },
  {
    "Brand_Product_Size": "Masterfoods Australian Mustard 175g",
    "WOW Price": 2.5,
    "WOW Size": "175g",
    "WOW ppu": "$1.43 / 100G"
  },
  {
    "Brand_Product_Size": "Mitchum Men's Roll On Unscented Antiperspirant & Deodorant 50mL",
    "WOW Price": 3.8,
    "WOW Size": "50mL",
    "WOW ppu": "$7.60 / 100ML"
  },
  {
    "Brand_Product_Size": "Bega Simply Nuts No Added Salt 325g",
    "WOW Price": 5,
    "WOW Size": "325g",
    "WOW ppu": "$1.54 / 100G"
  },
  {
    "Brand_Product_Size": "Nestle Milkybar Sharepack 11 pack 158g",
    "WOW Price": 4.6,
    "WOW Size": "11 pack 158g",
    "WOW ppu": "$2.91 / 100G"
  },
  {
    "Brand_Product_Size": "Edgell Black Beans 400g",
    "WOW Price": 1.5,
    "WOW Size": "400g",
    "WOW ppu": "$3.75 / 1KG"
  },
  {
    "Brand_Product_Size": "Sam's Pantry Quick Oat Sachets Original 10 pack",
    "WOW Price": 4,
    "WOW Size": "10 pack",
    "WOW ppu": "$1.14 / 100G"
  },
  {
    "Brand_Product_Size": "Kikkoman Soy Sauce Soy Reduced Salt 600mL",
    "WOW Price": 8.8,
    "WOW Size": "600mL",
    "WOW ppu": "$1.47 / 100ML"
  },
  {
    "Brand_Product_Size": "Purina Dog Collar Large Assorted each",
    "WOW Price": 19,
    "WOW Size": "each",
    "WOW ppu": "$19.00 / 1EA"
  },
  {
    "Brand_Product_Size": "Paldo Dosirac Spicy Seafood Noodles King Cup 110g",
    "WOW Price": 2.5,
    "WOW Size": "110g",
    "WOW ppu": "$2.27 / 100G"
  },
  {
    "Brand_Product_Size": "Glad Cling Wrap 60m",
    "WOW Price": 4.5,
    "WOW Size": "60m",
    "WOW ppu": "$0.08 / 1M"
  },
  {
    "Brand_Product_Size": "Glad Cling Wrap 60m",
    "WOW Price": 4.5,
    "WOW Size": "60m",
    "WOW ppu": "$0.08 / 1M"
  },
  {
    "Brand_Product_Size": "Dairylea Cheestik Sticks 240g",
    "WOW Price": 5.6,
    "WOW Size": "240g",
    "WOW ppu": "$23.33 / 1KG"
  },
  {
    "Brand_Product_Size": "Dairylea Cheestik Sticks 240g",
    "WOW Price": 5.6,
    "WOW Size": "240g",
    "WOW ppu": "$23.33 / 1KG"
  },
  {
    "Brand_Product_Size": "Macro Fuji Apple Organic 1kg punnet",
    "WOW Price": 5,
    "WOW Size": "1kg punnet",
    "WOW ppu": "$5.00 / 1KG"
  },
  {
    "Brand_Product_Size": "The Natural Chip Co. Lentil Craves Sweet Chili & Sour Cream 100g",
    "WOW Price": 3.5,
    "WOW Size": "100g",
    "WOW ppu": "$3.50 / 100G"
  },
  {
    "Brand_Product_Size": "Bonds Smooth Footlets Low Cut Black 1 Size each",
    "WOW Price": 6,
    "WOW Size": "each",
    "WOW ppu": ""
  },
  {
    "Brand_Product_Size": "Ardmona Rich & Thick Basil & Garlic Tomatoes 410g",
    "WOW Price": 1.8,
    "WOW Size": "410g",
    "WOW ppu": "$4.39 / 1KG"
  },
  {
    "Brand_Product_Size": "Chobani Coconut Yoghurt 170g",
    "WOW Price": 1.8,
    "WOW Size": "170g",
    "WOW ppu": "$1.06 / 100G"
  },
  {
    "Brand_Product_Size": "Chobani Coconut Yoghurt 170g",
    "WOW Price": 1.8,
    "WOW Size": "170g",
    "WOW ppu": "$1.06 / 100G"
  },
  {
    "Brand_Product_Size": "Staedtler Noris Club Math Set each",
    "WOW Price": 7,
    "WOW Size": "each",
    "WOW ppu": ""
  },
  {
    "Brand_Product_Size": "Darrell Lea Caramel Craving Block 180g",
    "WOW Price": 5,
    "WOW Size": "180g",
    "WOW ppu": "$2.78 / 100G"
  },
  {
    "Brand_Product_Size": "Purina Totalcare Fashion Dog Collar Small Assorted each",
    "WOW Price": 17,
    "WOW Size": "each",
    "WOW ppu": "$17.00 / 1EA"
  },
  {
    "Brand_Product_Size": "Sonic B Fun Kids Wired Headphones each",
    "WOW Price": 25,
    "WOW Size": "each",
    "WOW ppu": ""
  },
  {
    "Brand_Product_Size": "Nestle Kitkat Original Funpack 11 Piece 185g",
    "WOW Price": 4.6,
    "WOW Size": "185g",
    "WOW ppu": "$2.49 / 100G"
  },
  {
    "Brand_Product_Size": "Mint Santoku Knife 7\" each",
    "WOW Price": 8,
    "WOW Size": "each",
    "WOW ppu": ""
  },
  {
    "Brand_Product_Size": "Shimaya Bonito Soup Stock 50g",
    "WOW Price": 2.8,
    "WOW Size": "50g",
    "WOW ppu": "$56.00 / 1KG"
  },
  {
    "Brand_Product_Size": "Edgell Snack Time Chickpeas With Olive Oil & Sea Salt 70g",
    "WOW Price": 1.3,
    "WOW Size": "70g",
    "WOW ppu": "$1.86 / 100G"
  },
  {
    "Brand_Product_Size": "Uncle Tobys Cereal Plus Antioxidant 435g",
    "WOW Price": 4.75,
    "WOW Size": "435g",
    "WOW ppu": "$1.09 / 100G"
  },
  {
    "Brand_Product_Size": "Osem Snacks Bissili Snack Barbeque Wheat 70g",
    "WOW Price": 1.3,
    "WOW Size": "70g",
    "WOW ppu": "$1.86 / 100G"
  },
  {
    "Brand_Product_Size": "Kellogg's Coco Pops Golden Gaytime Flavour 330g",
    "WOW Price": 5.4,
    "WOW Size": "330g",
    "WOW ppu": "$1.64 / 100G"
  },
  {
    "Brand_Product_Size": "Masterfoods Recipe Base Garlic Kebab 175g",
    "WOW Price": 2.2,
    "WOW Size": "175g",
    "WOW ppu": "$1.26 / 100G"
  },
  {
    "Brand_Product_Size": "L'oreal Excellence Creme Hair Colour 2 Black Brown each",
    "WOW Price": 16,
    "WOW Size": "each",
    "WOW ppu": ""
  },
  {
    "Brand_Product_Size": "Total Care Bouncing Bird Cat Toy Assorted each",
    "WOW Price": 10,
    "WOW Size": "each",
    "WOW ppu": "$10.00 / 1EA"
  },
  {
    "Brand_Product_Size": "Lucky Diced Brazil Nuts 140g",
    "WOW Price": 5.5,
    "WOW Size": "140g",
    "WOW ppu": "$39.29 / 1KG"
  },
  {
    "Brand_Product_Size": "Veef Plant Based Classic Burger Patties 2 pack",
    "WOW Price": 6.5,
    "WOW Size": "2 pack",
    "WOW ppu": "$2.88 / 100G"
  },
  {
    "Brand_Product_Size": "Woolworths Jelly Port Wine 85g",
    "WOW Price": 0.9,
    "WOW Size": "85g",
    "WOW ppu": "$1.06 / 100G"
  },
  {
    "Brand_Product_Size": "Cleansing Hand Wash Antibacterial Citrus 300mL",
    "WOW Price": 3.5,
    "WOW Size": "300mL",
    "WOW ppu": "$1.17 / 100ML"
  },
  {
    "Brand_Product_Size": "Kellogg's All-bran High Fibre Breakfast Cereal 350g",
    "WOW Price": 4.4,
    "WOW Size": "350g",
    "WOW ppu": "$1.26 / 100G"
  },
  {
    "Brand_Product_Size": "Manuka Honey Mgo 100 (10+) 250g",
    "WOW Price": 13.95,
    "WOW Size": "250g",
    "WOW ppu": "$5.58 / 100G"
  },
  {
    "Brand_Product_Size": "Lean Cuisine Protein Plus Vegan Green Lentil Curry 350g",
    "WOW Price": 8.5,
    "WOW Size": "350g",
    "WOW ppu": "$2.43 / 100G"
  },
  {
    "Brand_Product_Size": "Woolworths Pink Salmon 210g",
    "WOW Price": 3.45,
    "WOW Size": "210g",
    "WOW ppu": "$16.43 / 1KG"
  },
  {
    "Brand_Product_Size": "Harringtons Chocolate Mint Cream Thins 150g gift box",
    "WOW Price": 3.3,
    "WOW Size": "150g gift box",
    "WOW ppu": "$2.20 / 100G"
  },
  {
    "Brand_Product_Size": "Lucky Kitchen Classic Chicken Dumplings 750g",
    "WOW Price": 9.5,
    "WOW Size": "750g",
    "WOW ppu": "$1.27 / 100G"
  },
  {
    "Brand_Product_Size": "Vitasoy Soy Drink 250mL x6 pack",
    "WOW Price": 6,
    "WOW Size": "250mL x6 pack",
    "WOW ppu": "$0.40 / 100ML"
  },
  {
    "Brand_Product_Size": "Mortein Naturgard Auto Indoor Insect Control System Eucalyptus 154g",
    "WOW Price": 32,
    "WOW Size": "154g",
    "WOW ppu": "$20.78 / 100G"
  },
  {
    "Brand_Product_Size": "Chum Dog Food Chicken 1.2kg",
    "WOW Price": 3.2,
    "WOW Size": "1.2kg",
    "WOW ppu": "$0.27 / 100G"
  },
  {
    "Brand_Product_Size": "Canon Cli671xl Vp Value Pack 4 pack",
    "WOW Price": 84,
    "WOW Size": "4 pack",
    "WOW ppu": ""
  },
  {
    "Brand_Product_Size": "Woolworths Natural Almonds 70g",
    "WOW Price": 2,
    "WOW Size": "70g",
    "WOW ppu": "$28.57 / 1KG"
  },
  {
    "Brand_Product_Size": "Harmony No More Waste Seed Blocks 330g",
    "WOW Price": 5,
    "WOW Size": "330g",
    "WOW ppu": "$1.52 / 100G"
  },
  {
    "Brand_Product_Size": "Pyrex 1.9l Easygrab Covered Casserole each",
    "WOW Price": 22,
    "WOW Size": "each",
    "WOW ppu": ""
  },
  {
    "Brand_Product_Size": "Woolworths Dressing 99% Fat Free Italian Balsamic 300mL",
    "WOW Price": 1.8,
    "WOW Size": "300mL",
    "WOW ppu": "$0.60 / 100ML"
  },
  {
    "Brand_Product_Size": "Nuttelex Cook & Bake Margarine 500g",
    "WOW Price": 4.5,
    "WOW Size": "500g",
    "WOW ppu": "$0.90 / 100G"
  },
  {
    "Brand_Product_Size": "Earth Choice Stain Remover Prewash 400mL",
    "WOW Price": 4.15,
    "WOW Size": "400mL",
    "WOW ppu": "$10.38 / 1L"
  },
  {
    "Brand_Product_Size": "Nutella Hazelnut Spread 12 pack 180g",
    "WOW Price": 4.75,
    "WOW Size": "12 pack 180g",
    "WOW ppu": "$2.64 / 100G"
  },
  {
    "Brand_Product_Size": "Woolworths Red Salmon 210g",
    "WOW Price": 5.5,
    "WOW Size": "210g",
    "WOW ppu": "$26.19 / 1KG"
  },
  {
    "Brand_Product_Size": "Elmer's Confetti Slime Kit each",
    "WOW Price": 10,
    "WOW Size": "each",
    "WOW ppu": ""
  },
  {
    "Brand_Product_Size": "Mayver's Smunchy Skin On Peanut Butter 375g",
    "WOW Price": 4,
    "WOW Size": "375g",
    "WOW ppu": "$1.07 / 100G"
  },
  {
    "Brand_Product_Size": "Prima Singapore Curry La Mian 178g",
    "WOW Price": 4.5,
    "WOW Size": "178g",
    "WOW ppu": "$2.53 / 100G"
  },
  {
    "Brand_Product_Size": "Tostitos Cantina Style Tortilla Chips Mild Cheddar 175g",
    "WOW Price": 4.2,
    "WOW Size": "175g",
    "WOW ppu": "$2.40 / 100G"
  },
  {
    "Brand_Product_Size": "Golden Circle Beetroot Sliced 450g",
    "WOW Price": 1.8,
    "WOW Size": "450g",
    "WOW ppu": "$4.00 / 1KG"
  },
  {
    "Brand_Product_Size": "Always Fresh Mushrooms Whole 230g",
    "WOW Price": 4.35,
    "WOW Size": "230g",
    "WOW ppu": "$18.91 / 1KG"
  },
  {
    "Brand_Product_Size": "Mr Chen's Steamed Prawn Roll 300g",
    "WOW Price": 7.5,
    "WOW Size": "300g",
    "WOW ppu": "$2.50 / 100G"
  },
  {
    "Brand_Product_Size": "Bonds Ladies Organics Bikini Size 16 Assorted 2 pack",
    "WOW Price": 24,
    "WOW Size": "2 pack",
    "WOW ppu": ""
  },
  {
    "Brand_Product_Size": "Csr White Sugar 500g",
    "WOW Price": 1.55,
    "WOW Size": "500g",
    "WOW ppu": "$0.31 / 100G"
  },
  {
    "Brand_Product_Size": "Azure Hypo Allergenic Facial Pocket Tissues 6 pack",
    "WOW Price": 1.4,
    "WOW Size": "6 pack",
    "WOW ppu": "$2.59 / 100SS"
  },
  {
    "Brand_Product_Size": "Azure Hypo Allergenic Facial Pocket Tissues 6 pack",
    "WOW Price": 1.4,
    "WOW Size": "6 pack",
    "WOW ppu": "$2.59 / 100SS"
  },
  {
    "Brand_Product_Size": "Arnott's Snack Right Sultana & Chocolate 260g",
    "WOW Price": 3,
    "WOW Size": "260g",
    "WOW ppu": "$1.15 / 100G"
  },
  {
    "Brand_Product_Size": "Yeo's Drink Iced Tea Lemon 6 pack",
    "WOW Price": 3.7,
    "WOW Size": "6 pack",
    "WOW ppu": "$0.25 / 100ML"
  },
  {
    "Brand_Product_Size": "Cadbury Old Gold Dark Chocolate Roast Peanut & Honeycomb 120g",
    "WOW Price": 4,
    "WOW Size": "120g",
    "WOW ppu": "$3.33 / 100G"
  },
  {
    "Brand_Product_Size": "Nivea Sunscreen Moisturiser Spray Lotion Spf30 & Vitamin E 200mL",
    "WOW Price": 18.6,
    "WOW Size": "200mL",
    "WOW ppu": "$9.30 / 100ML"
  },
  {
    "Brand_Product_Size": "Nice & Natural Protein Wholeseed Bars Cranberry & Raspberry 5 pack",
    "WOW Price": 2.5,
    "WOW Size": "5 pack",
    "WOW ppu": "$1.67 / 100G"
  },
  {
    "Brand_Product_Size": "Carefree Barely There Aloe Panty Liners 42 pack",
    "WOW Price": 4.5,
    "WOW Size": "42 pack",
    "WOW ppu": "$0.11 / 1EA"
  },
  {
    "Brand_Product_Size": "Cadbury Novelty Bar Mighty Perky Nana 45g",
    "WOW Price": 2.2,
    "WOW Size": "45g",
    "WOW ppu": "$4.89 / 100G"
  },
  {
    "Brand_Product_Size": "Hoyt's Cumin Seeds Whole 25g",
    "WOW Price": 1.85,
    "WOW Size": "25g",
    "WOW ppu": "$0.74 / 10G"
  },
  {
    "Brand_Product_Size": "Mccormicks Slow Cookers Garlic & Herb Lamb Shanks 40g",
    "WOW Price": 1.5,
    "WOW Size": "40g",
    "WOW ppu": "$3.75 / 100G"
  },
  {
    "Brand_Product_Size": "Kellogg's Just Right Fusion Almond & Cashew 400g",
    "WOW Price": 6,
    "WOW Size": "400g",
    "WOW ppu": "$1.50 / 100G"
  },
  {
    "Brand_Product_Size": "Three Threes Olives Stuffed 500g",
    "WOW Price": 4.1,
    "WOW Size": "500g",
    "WOW ppu": "$8.20 / 1KG"
  },
  {
    "Brand_Product_Size": "Curash Simply Water Baby Wipes 640 pack",
    "WOW Price": 32,
    "WOW Size": "640 pack",
    "WOW ppu": "$5.00 / 100EA"
  },
  {
    "Brand_Product_Size": "Kurrajong Kitchen Lavosh Bites Original 145g",
    "WOW Price": 3.9,
    "WOW Size": "145g",
    "WOW ppu": "$2.69 / 100G"
  },
  {
    "Brand_Product_Size": "V8 Tropical Juice 3x250mL",
    "WOW Price": 3,
    "WOW Size": "3x250mL",
    "WOW ppu": "$4.00 / 1L"
  },
  {
    "Brand_Product_Size": "Clio Eco Opaque Tights 80d Black T/xt each",
    "WOW Price": 12,
    "WOW Size": "each",
    "WOW ppu": ""
  },
  {
    "Brand_Product_Size": "Lucky Toasted Hazelnuts 120g",
    "WOW Price": 5.5,
    "WOW Size": "120g",
    "WOW ppu": "$45.83 / 1KG"
  },
  {
    "Brand_Product_Size": "Head & Shoulders Ultra Men Shampoo Deep Clean 200mL",
    "WOW Price": 8,
    "WOW Size": "200mL",
    "WOW ppu": "$4.00 / 100ML"
  },
  {
    "Brand_Product_Size": "Bonds Boys Briefs 8-12 4 pack",
    "WOW Price": 10.5,
    "WOW Size": "4 pack",
    "WOW ppu": ""
  },
  {
    "Brand_Product_Size": "Gran's English Toffee Fudge Bites 100g",
    "WOW Price": 3,
    "WOW Size": "100g",
    "WOW ppu": "$3.00 / 100G"
  },
  {
    "Brand_Product_Size": "Lurpak Lighter Slightly Salted Spread 400g",
    "WOW Price": 6.5,
    "WOW Size": "400g",
    "WOW ppu": "$1.63 / 100G"
  },
  {
    "Brand_Product_Size": "Easiyo Reduced Sugar Strawberry Yoghurt 176g",
    "WOW Price": 4.7,
    "WOW Size": "176g",
    "WOW ppu": "$2.67 / 100G"
  },
  {
    "Brand_Product_Size": "Edgell Black Beans 125g x4 pack",
    "WOW Price": 3,
    "WOW Size": "125g x4 pack",
    "WOW ppu": "$6.00 / 1KG"
  },
  {
    "Brand_Product_Size": "D'lish Halal Chicken Qeema 300g",
    "WOW Price": 5.5,
    "WOW Size": "300g",
    "WOW ppu": "$1.83 / 100G"
  },
  {
    "Brand_Product_Size": "Kellogg's Sultana Bran High Fibre Breakfast Cereal Value Pack 1.25kg",
    "WOW Price": 9,
    "WOW Size": "1.25kg",
    "WOW ppu": "$0.72 / 100G"
  },
  {
    "Brand_Product_Size": "Korbond Mini Cake Topper Confetti Balloons 5 pack",
    "WOW Price": 3,
    "WOW Size": "5 pack",
    "WOW ppu": "$0.60 / 1EA"
  },
  {
    "Brand_Product_Size": "Colgate Cavity Protection Great Regular Flavour Toothpaste 120g",
    "WOW Price": 2.49,
    "WOW Size": "120g",
    "WOW ppu": "$2.08 / 100G"
  },
  {
    "Brand_Product_Size": "Mckenzie's Dried Chickpeas 375g",
    "WOW Price": 1.8,
    "WOW Size": "375g",
    "WOW ppu": "$4.80 / 1KG"
  },
  {
    "Brand_Product_Size": "Mint Stoneware Round Pie Dish each",
    "WOW Price": 2.5,
    "WOW Size": "each",
    "WOW ppu": ""
  },
  {
    "Brand_Product_Size": "Spc Tropics Pineapple Pieces In Juice 432g",
    "WOW Price": 2.8,
    "WOW Size": "432g",
    "WOW ppu": "$6.48 / 1KG"
  },
  {
    "Brand_Product_Size": "Paramount Red Salmon 100g",
    "WOW Price": 5,
    "WOW Size": "100g",
    "WOW ppu": "$50.00 / 1KG"
  },
  {
    "Brand_Product_Size": "Bonds Midi Comfytails Size 12 2 pack",
    "WOW Price": 24,
    "WOW Size": "2 pack",
    "WOW ppu": ""
  },
  {
    "Brand_Product_Size": "Calidad Canon Cl646 Xl Colour Ink Cartridge each",
    "WOW Price": 35,
    "WOW Size": "each",
    "WOW ppu": ""
  },
  {
    "Brand_Product_Size": "Yates Drought Shield 750mL",
    "WOW Price": 12,
    "WOW Size": "750mL",
    "WOW ppu": ""
  },
  {
    "Brand_Product_Size": "Clio Italian Slimming Brief Pantyhose Black Tall each",
    "WOW Price": 8,
    "WOW Size": "each",
    "WOW ppu": ""
  },
  {
    "Brand_Product_Size": "Cadbury Old Gold Dark Chocolate Almond & Orange Bites 120g",
    "WOW Price": 4,
    "WOW Size": "120g",
    "WOW ppu": "$3.33 / 100G"
  },
  {
    "Brand_Product_Size": "D'lish Halal Chicken Karahi 250g",
    "WOW Price": 5.5,
    "WOW Size": "250g",
    "WOW ppu": "$1.83 / 100G"
  },
  {
    "Brand_Product_Size": "Edgell Chickpeas 400g",
    "WOW Price": 1.5,
    "WOW Size": "400g",
    "WOW ppu": "$3.75 / 1KG"
  },
  {
    "Brand_Product_Size": "Air Wick Pure Relaxing With Essential Oil Aerosol 159g",
    "WOW Price": 7,
    "WOW Size": "159g",
    "WOW ppu": "$4.40 / 100G"
  },
  {
    "Brand_Product_Size": "Bega Peanut Butter Crunchy 375g",
    "WOW Price": 4.9,
    "WOW Size": "375g",
    "WOW ppu": "$1.31 / 100G"
  },
  {
    "Brand_Product_Size": "Bega Peanut Butter Crunchy 375g",
    "WOW Price": 4.9,
    "WOW Size": "375g",
    "WOW ppu": "$1.31 / 100G"
  },
  {
    "Brand_Product_Size": "Sunsol Probiotic Gluten Free Toasted Muesli Almond & Cashew 350g",
    "WOW Price": 5,
    "WOW Size": "350g",
    "WOW ppu": "$1.43 / 100G"
  },
  {
    "Brand_Product_Size": "Tradition Instant Noodle Soup Chicken 70g",
    "WOW Price": 2.7,
    "WOW Size": "70g",
    "WOW ppu": "$3.86 / 100G"
  },
  {
    "Brand_Product_Size": "La Panzanella Mini Croccantini Original 85g",
    "WOW Price": 5.9,
    "WOW Size": "85g",
    "WOW ppu": "$6.94 / 100G"
  },
  {
    "Brand_Product_Size": "Creative Kitchen Mini Lady Birds Cake Decorations 32 pack",
    "WOW Price": 3.5,
    "WOW Size": "32 pack",
    "WOW ppu": "$0.11 / 1EA"
  },
  {
    "Brand_Product_Size": "The Diva Cup Model 2 each",
    "WOW Price": 45,
    "WOW Size": "each",
    "WOW ppu": "$45.00 / 1EA"
  },
  {
    "Brand_Product_Size": "Dilmah Premium Quality Loose Leaf Tea 250g",
    "WOW Price": 5.3,
    "WOW Size": "250g",
    "WOW ppu": "$2.12 / 100G"
  },
  {
    "Brand_Product_Size": "Dilmah Premium Quality Loose Leaf Tea 250g",
    "WOW Price": 5.3,
    "WOW Size": "250g",
    "WOW ppu": "$2.12 / 100G"
  },
  {
    "Brand_Product_Size": "For Kids Boys Cotton Trunk Size 10-12 3 pack",
    "WOW Price": 8,
    "WOW Size": "3 pack",
    "WOW ppu": ""
  },
  {
    "Brand_Product_Size": "Prima No Added Sugar Drink Apple Blackcurrant 6 x200mL",
    "WOW Price": 3.25,
    "WOW Size": "6 x200mL",
    "WOW ppu": "$2.71 / 1L"
  },
  {
    "Brand_Product_Size": "Bonds Singlet Mens Chesty Coloured Size 16 1 pack",
    "WOW Price": 15,
    "WOW Size": "1 pack",
    "WOW ppu": ""
  },
  {
    "Brand_Product_Size": "Extra Peppermint Chewing Gum Sugar Free Bottle 64g",
    "WOW Price": 4,
    "WOW Size": "64g",
    "WOW ppu": "$6.25 / 100G"
  },
  {
    "Brand_Product_Size": "Kambrook Pulp Select Citrus Press each",
    "WOW Price": 29,
    "WOW Size": "each",
    "WOW ppu": ""
  },
  {
    "Brand_Product_Size": "Famous House Papaya Milk 500mL",
    "WOW Price": 2.6,
    "WOW Size": "500mL",
    "WOW ppu": "$0.52 / 100ML"
  },
  {
    "Brand_Product_Size": "Lindt Lindor Dulce De Leche Chocolate Balls 123g",
    "WOW Price": 6,
    "WOW Size": "123g",
    "WOW ppu": "$4.88 / 100G"
  },
  {
    "Brand_Product_Size": "Tradie Baby Legging Girl each",
    "WOW Price": 8,
    "WOW Size": "each",
    "WOW ppu": ""
  },
  {
    "Brand_Product_Size": "Doree Friend Shallots 100g",
    "WOW Price": 2.5,
    "WOW Size": "100g",
    "WOW ppu": "$2.50 / 100G"
  },
  {
    "Brand_Product_Size": "Heinz Canned Soup Creamy Tomato 300g",
    "WOW Price": 1.95,
    "WOW Size": "300g",
    "WOW ppu": "$0.65 / 100G"
  },
  {
    "Brand_Product_Size": "Extra White Spearmint Sugarfree Gum 4 pack",
    "WOW Price": 3.5,
    "WOW Size": "4 pack",
    "WOW ppu": "$6.25 / 100G"
  },
  {
    "Brand_Product_Size": "Pantai Shrimp Paste 100g",
    "WOW Price": 1.8,
    "WOW Size": "100g",
    "WOW ppu": "$1.80 / 100G"
  },
  {
    "Brand_Product_Size": "Aerogard Heavy Duty 40% Deet 40% Deet 150g",
    "WOW Price": 12.5,
    "WOW Size": "150g",
    "WOW ppu": "$8.33 / 100G"
  },
  {
    "Brand_Product_Size": "Woolworths Almond Nut Kernels Roasted & Salted 750g",
    "WOW Price": 10,
    "WOW Size": "750g",
    "WOW ppu": "$13.33 / 1KG"
  },
  {
    "Brand_Product_Size": "Woolworths Snack Pot High Protein Bbq Mix 200g",
    "WOW Price": 6,
    "WOW Size": "200g",
    "WOW ppu": "$50.00 / 1KG"
  },
  {
    "Brand_Product_Size": "St.dalfour Four Fruits Spread No Added Sugar 284g",
    "WOW Price": 4.5,
    "WOW Size": "284g",
    "WOW ppu": "$1.58 / 100G"
  },
  {
    "Brand_Product_Size": "Buitoni Pasta Sauce Marinara 737g",
    "WOW Price": 8.5,
    "WOW Size": "737g",
    "WOW ppu": "$1.15 / 100G"
  },
  {
    "Brand_Product_Size": "Sard Wonder Deo & Sweat Trigger Spray 420mL",
    "WOW Price": 4,
    "WOW Size": "420mL",
    "WOW ppu": "$9.52 / 1L"
  },
  {
    "Brand_Product_Size": "Libra Tampons Regular 32 pack",
    "WOW Price": 6.35,
    "WOW Size": "32 pack",
    "WOW ppu": "$0.20 / 1EA"
  },
  {
    "Brand_Product_Size": "Rosella Chutney Fruit 250g",
    "WOW Price": 2.55,
    "WOW Size": "250g",
    "WOW ppu": "$10.20 / 1KG"
  },
  {
    "Brand_Product_Size": "Loving Earth Mint Luvju 30g",
    "WOW Price": 3,
    "WOW Size": "30g",
    "WOW ppu": "$10.00 / 100G"
  },
  {
    "Brand_Product_Size": "Calidad Canon Pg 640 Xl Black Ink Cartridge each",
    "WOW Price": 35,
    "WOW Size": "each",
    "WOW ppu": ""
  },
  {
    "Brand_Product_Size": "Korbond Home Needle Kit 50 pack",
    "WOW Price": 3,
    "WOW Size": "50 pack",
    "WOW ppu": ""
  },
  {
    "Brand_Product_Size": "Doree Fried Garlic 100g",
    "WOW Price": 3,
    "WOW Size": "100g",
    "WOW ppu": "$3.00 / 100G"
  },
  {
    "Brand_Product_Size": "Queen Sugar Free Maple Flavoured Syrup Apple & Cinnamon 355mL",
    "WOW Price": 4.2,
    "WOW Size": "355mL",
    "WOW ppu": "$1.18 / 100ML"
  },
  {
    "Brand_Product_Size": "Woolworths Essentials Y Shape Peeler Assorted each",
    "WOW Price": 2,
    "WOW Size": "each",
    "WOW ppu": ""
  },
  {
    "Brand_Product_Size": "Allen's Snakes Alive 1kg",
    "WOW Price": 12,
    "WOW Size": "1kg",
    "WOW ppu": "$1.20 / 100G"
  },
  {
    "Brand_Product_Size": "Nana Crispy Virgin Oil & Sea Salt 150g",
    "WOW Price": 6,
    "WOW Size": "150g",
    "WOW ppu": "$4.00 / 100G"
  },
  {
    "Brand_Product_Size": "Kerrygold Butter Pat Unsalted 250g",
    "WOW Price": 6,
    "WOW Size": "250g",
    "WOW ppu": "$2.40 / 100G"
  },
  {
    "Brand_Product_Size": "Pasta Italia Spinach & Ricotta Ravioli 400g",
    "WOW Price": 7.5,
    "WOW Size": "400g",
    "WOW ppu": "$1.88 / 100G"
  },
  {
    "Brand_Product_Size": "Nestle Maggi Fusian Noodle Cup Japanese Teriyaki 62g",
    "WOW Price": 1.8,
    "WOW Size": "62g",
    "WOW ppu": "$2.90 / 100G"
  },
  {
    "Brand_Product_Size": "Monini Organic Extra Virgin Olive Oil 500mL",
    "WOW Price": 8,
    "WOW Size": "500mL",
    "WOW ppu": "$1.60 / 100ML"
  },
  {
    "Brand_Product_Size": "Dimetapp Multi Symptom Nasal Decongestant 20 pack",
    "WOW Price": 12,
    "WOW Size": "20 pack",
    "WOW ppu": "$0.60 / 1EA"
  },
  {
    "Brand_Product_Size": "Broth & Co Australian Chicken Bone Broth 500mL",
    "WOW Price": 13.3,
    "WOW Size": "500mL",
    "WOW ppu": "$2.66 / 100ML"
  },
  {
    "Brand_Product_Size": "Wiltshire Hd Square Pan 20cm each",
    "WOW Price": 19,
    "WOW Size": "each",
    "WOW ppu": ""
  },
  {
    "Brand_Product_Size": "Hoyt's Nutmeg Ground 25g",
    "WOW Price": 1.85,
    "WOW Size": "25g",
    "WOW ppu": "$0.74 / 10G"
  },
  {
    "Brand_Product_Size": "Gits Khaman Dhokla Mix 500g",
    "WOW Price": 4,
    "WOW Size": "500g",
    "WOW ppu": "$0.80 / 100G"
  },
  {
    "Brand_Product_Size": "Dettol Australian Heartland Citrus Hand Wash Refill 1L",
    "WOW Price": 16,
    "WOW Size": "1L",
    "WOW ppu": "$1.60 / 100ML"
  },
  {
    "Brand_Product_Size": "Toshiba Sd Card 16gb each",
    "WOW Price": 20,
    "WOW Size": "each",
    "WOW ppu": ""
  },
  {
    "Brand_Product_Size": "Bonds Insta Tan Sheer Slim Tights Dark Medium/large each",
    "WOW Price": 8,
    "WOW Size": "each",
    "WOW ppu": ""
  },
  {
    "Brand_Product_Size": "Nature's Way Instant Natural High Protein Vegan Vanilla Salted Caramel 400g",
    "WOW Price": 30,
    "WOW Size": "400g",
    "WOW ppu": "$7.50 / 100G"
  },
  {
    "Brand_Product_Size": "Ardmona Tomatoes Whole Peeled 400g",
    "WOW Price": 1.4,
    "WOW Size": "400g",
    "WOW ppu": "$3.50 / 1KG"
  },
  {
    "Brand_Product_Size": "Arnott's Shapes Originals Pizza 8 pack",
    "WOW Price": 3,
    "WOW Size": "8 pack",
    "WOW ppu": "$1.50 / 100G"
  },
  {
    "Brand_Product_Size": "Arnott's Shapes Originals Pizza 8 pack",
    "WOW Price": 3,
    "WOW Size": "8 pack",
    "WOW ppu": "$1.50 / 100G"
  },
  {
    "Brand_Product_Size": "Kellogg's Just Right Fusion Cranberry & Apple 400g",
    "WOW Price": 6,
    "WOW Size": "400g",
    "WOW ppu": "$1.50 / 100G"
  },
  {
    "Brand_Product_Size": "Xenadrine Ultra Tablets 60 pack",
    "WOW Price": 33,
    "WOW Size": "60 pack",
    "WOW ppu": "$55.00 / 100EA"
  },
  {
    "Brand_Product_Size": "Body Crystal Unscented Crystal Roll On Deodorant 80mL",
    "WOW Price": 5.5,
    "WOW Size": "80mL",
    "WOW ppu": "$6.88 / 100ML"
  },
  {
    "Brand_Product_Size": "Diet Rite Lite Salt 170g",
    "WOW Price": 2.75,
    "WOW Size": "170g",
    "WOW ppu": "$0.16 / 10G"
  },
  {
    "Brand_Product_Size": "Ecotools Total Perfect Blender Sponge each",
    "WOW Price": 7.5,
    "WOW Size": "each",
    "WOW ppu": "$7.50 / 1EA"
  },
  {
    "Brand_Product_Size": "Bnei Darom Snacks Cucumbers 560g",
    "WOW Price": 4.5,
    "WOW Size": "560g",
    "WOW ppu": "$0.80 / 100G"
  },
  {
    "Brand_Product_Size": "Csr Brown Sugar 1kg",
    "WOW Price": 3.75,
    "WOW Size": "1kg",
    "WOW ppu": "$0.38 / 100G"
  },
  {
    "Brand_Product_Size": "Dove Men Care Clean Comfort Body & Face Wash 1L",
    "WOW Price": 9.4,
    "WOW Size": "1L",
    "WOW ppu": "$0.94 / 100ML"
  },
  {
    "Brand_Product_Size": "Olina's Simply Seed Crackers Cracked Pepper 80g",
    "WOW Price": 3.5,
    "WOW Size": "80g",
    "WOW ppu": "$4.38 / 100G"
  },
  {
    "Brand_Product_Size": "Wonder White Bread Vitamins & Minerals Toast 700g",
    "WOW Price": 3.4,
    "WOW Size": "700g",
    "WOW ppu": "$0.49 / 100G"
  },
  {
    "Brand_Product_Size": "Wonder White Hi Fibre Sandwich Slice Bread 700g",
    "WOW Price": 3.4,
    "WOW Size": "700g",
    "WOW ppu": "$0.49 / 100G"
  },
  {
    "Brand_Product_Size": "Wonder White Hi Fibre Sandwich Slice Bread 700g",
    "WOW Price": 3.4,
    "WOW Size": "700g",
    "WOW ppu": "$0.49 / 100G"
  },
  {
    "Brand_Product_Size": "Heinz Big N Chunky Canned Tomato & Chicken Curry 535g",
    "WOW Price": 2,
    "WOW Size": "535g",
    "WOW ppu": "$0.37 / 100G"
  },
  {
    "Brand_Product_Size": "Heinz Baked Beans Tomato Sauce 555g",
    "WOW Price": 2,
    "WOW Size": "555g",
    "WOW ppu": "$0.36 / 100G"
  },
  {
    "Brand_Product_Size": "Heinz Baked Beans English Recipe 555g",
    "WOW Price": 2,
    "WOW Size": "555g",
    "WOW ppu": "$0.36 / 100G"
  },
  {
    "Brand_Product_Size": "Heinz Baked Beans Salt Reduced 555g",
    "WOW Price": 2,
    "WOW Size": "555g",
    "WOW ppu": "$0.36 / 100G"
  },
  {
    "Brand_Product_Size": "Heinz Baked Beans Bbq Sauce 555g",
    "WOW Price": 2,
    "WOW Size": "555g",
    "WOW ppu": "$0.36 / 100G"
  },
  {
    "Brand_Product_Size": "Heinz Baked Beans Ham Sauce 555g",
    "WOW Price": 2,
    "WOW Size": "555g",
    "WOW ppu": "$0.36 / 100G"
  },
  {
    "Brand_Product_Size": "Tresemme Shampoo Repair & Protect 350mL",
    "WOW Price": 4.5,
    "WOW Size": "350mL",
    "WOW ppu": "$1.29 / 100ML"
  },
  {
    "Brand_Product_Size": "Woolworths Bread Rolls Grain Lunch 6 pack",
    "WOW Price": 2,
    "WOW Size": "6 pack",
    "WOW ppu": "$0.33 / 1EA"
  },
  {
    "Brand_Product_Size": "Woolworths Bread Rolls Grain Lunch 6 pack",
    "WOW Price": 2,
    "WOW Size": "6 pack",
    "WOW ppu": "$0.33 / 1EA"
  },
  {
    "Brand_Product_Size": "Woolworths Bread Rolls Crusty Lunch 6 pack",
    "WOW Price": 2,
    "WOW Size": "6 pack",
    "WOW ppu": "$0.33 / 1EA"
  },
  {
    "Brand_Product_Size": "Woolworths Bread Rolls Crusty Lunch 6 pack",
    "WOW Price": 2,
    "WOW Size": "6 pack",
    "WOW ppu": "$0.33 / 1EA"
  },
  {
    "Brand_Product_Size": "Hot Cross Fruit Loaf 680g",
    "WOW Price": 3.5,
    "WOW Size": "680g",
    "WOW ppu": ""
  },
  {
    "Brand_Product_Size": "Woolworths Indulgent Brioche Chocolate Hot Cross Buns 6 pack",
    "WOW Price": 4.5,
    "WOW Size": "6 pack",
    "WOW ppu": ""
  },
  {
    "Brand_Product_Size": "Crafted Range Of Sourdough Olive Loaf each",
    "WOW Price": 6.5,
    "WOW Size": "each",
    "WOW ppu": "$6.50 / 1EA"
  },
  {
    "Brand_Product_Size": "Mini Mighty Cheese Scroll 6 pack",
    "WOW Price": 4,
    "WOW Size": "6 pack",
    "WOW ppu": "$0.67 / 1EA"
  },
  {
    "Brand_Product_Size": "Woolworths Mini Pizza Scroll 6 pack",
    "WOW Price": 4,
    "WOW Size": "6 pack",
    "WOW ppu": "$0.67 / 1EA"
  },
  {
    "Brand_Product_Size": "Woolworths Spinach & Feta Scroll 2 pack",
    "WOW Price": 2.5,
    "WOW Size": "2 pack",
    "WOW ppu": "$1.25 / 1EA"
  },
  {
    "Brand_Product_Size": "Woolworths Cinnamon Scroll 2 pack",
    "WOW Price": 2.5,
    "WOW Size": "2 pack",
    "WOW ppu": "$1.25 / 1EA"
  },
  {
    "Brand_Product_Size": "Woolworths Fruit & Seeds Sourdough Loaf each",
    "WOW Price": 6,
    "WOW Size": "each",
    "WOW ppu": "$6.00 / 1EA"
  },
  {
    "Brand_Product_Size": "Woolworths Roasted Potato & Rosemary Sourdough Loaf each",
    "WOW Price": 6,
    "WOW Size": "each",
    "WOW ppu": "$6.00 / 1EA"
  },
  {
    "Brand_Product_Size": "Jalapeno Pane Di Casa Loaf each",
    "WOW Price": 4,
    "WOW Size": "each",
    "WOW ppu": "$4.00 / 1EA"
  },
  {
    "Brand_Product_Size": "Woolworths White Hi FibreLowGiLunch Rolls 6 pack",
    "WOW Price": 3.5,
    "WOW Size": "6 pack",
    "WOW ppu": "$0.58 / 1EA"
  },
  {
    "Brand_Product_Size": "Woolworths White Hi FibreLowGiMini Loaf 340g",
    "WOW Price": 2,
    "WOW Size": "340g",
    "WOW ppu": "$0.59 / 100G"
  },
  {
    "Brand_Product_Size": "Woolworths White Hi FibreLowGiLoaf 680g",
    "WOW Price": 3,
    "WOW Size": "680g",
    "WOW ppu": "$0.44 / 100G"
  },
  {
    "Brand_Product_Size": "Woolworths 7 Seeds & Grains Hi Fibre LowGiMini Loaf 370g",
    "WOW Price": 2,
    "WOW Size": "370g",
    "WOW ppu": "$0.54 / 100G"
  },
  {
    "Brand_Product_Size": "Woolworths 7 Seeds & Grains Hi Fibre LowGiLunch Roll 6 pack",
    "WOW Price": 3.5,
    "WOW Size": "6 pack",
    "WOW ppu": "$0.58 / 1EA"
  },
  {
    "Brand_Product_Size": "Woolworths Plain Ciabatta Roll 4 pack",
    "WOW Price": 2.7,
    "WOW Size": "4 pack",
    "WOW ppu": "$0.68 / 1EA"
  },
  {
    "Brand_Product_Size": "Woolworths Crusty Vienna Loaf 450g",
    "WOW Price": 2.5,
    "WOW Size": "450g",
    "WOW ppu": "$2.50 / 1EA"
  },
  {
    "Brand_Product_Size": "Woolworths Crusty Vienna Loaf 450g",
    "WOW Price": 2.5,
    "WOW Size": "450g",
    "WOW ppu": "$2.50 / 1EA"
  },
  {
    "Brand_Product_Size": "Woolworths Baguette Crusty Half Stick 2 pack",
    "WOW Price": 1.5,
    "WOW Size": "2 pack",
    "WOW ppu": "$0.75 / 1EA"
  },
  {
    "Brand_Product_Size": "Woolworths Bread Cheese & Bacon Pull Apart 450g",
    "WOW Price": 4.5,
    "WOW Size": "450g",
    "WOW ppu": "$1.00 / 100G"
  },
  {
    "Brand_Product_Size": "Woolworths Extra Soft Spicy Fruit Loaf 680g",
    "WOW Price": 3.5,
    "WOW Size": "680g",
    "WOW ppu": "$0.51 / 100G"
  },
  {
    "Brand_Product_Size": "Woolworths Bread Rolls Crusty Jumbo Long 6 pack",
    "WOW Price": 2.7,
    "WOW Size": "6 pack",
    "WOW ppu": "$0.45 / 1EA"
  },
  {
    "Brand_Product_Size": "Woolworths Bread Rolls Soft Wholemeal Jumbo 6 pack",
    "WOW Price": 2.7,
    "WOW Size": "6 pack",
    "WOW ppu": "$0.45 / 1EA"
  },
  {
    "Brand_Product_Size": "Woolworths Bread Rolls Soft Wholemeal Jumbo 6 pack",
    "WOW Price": 2.7,
    "WOW Size": "6 pack",
    "WOW ppu": "$0.45 / 1EA"
  },
  {
    "Brand_Product_Size": "Woolworths Bread Loaf Crusty Tiger Tummy Vienna 450g",
    "WOW Price": 2.5,
    "WOW Size": "450g",
    "WOW ppu": "$2.50 / 1EA"
  },
  {
    "Brand_Product_Size": "Woolworths Bread Loaf Crusty Tiger Tummy Vienna 450g",
    "WOW Price": 2.5,
    "WOW Size": "450g",
    "WOW ppu": "$2.50 / 1EA"
  },
  {
    "Brand_Product_Size": "Sonoma Whole Soybean & Linseed Sourdough 625g",
    "WOW Price": 6.99,
    "WOW Size": "625g",
    "WOW ppu": "$1.09 / 100G"
  },
  {
    "Brand_Product_Size": "Woolworths Tiger Crusty Baguette 340g",
    "WOW Price": 1.5,
    "WOW Size": "340g",
    "WOW ppu": "$1.50 / 1EA"
  },
  {
    "Brand_Product_Size": "Woolworths Iced Donut 6 pack",
    "WOW Price": 2.5,
    "WOW Size": "6 pack",
    "WOW ppu": "$0.42 / 1EA"
  },
  {
    "Brand_Product_Size": "Woolworths Cinnamon Donuts 6 pack",
    "WOW Price": 2,
    "WOW Size": "6 pack",
    "WOW ppu": "$0.33 / 1EA"
  },
  {
    "Brand_Product_Size": "Cinnamon Donuts 12 pack",
    "WOW Price": 3,
    "WOW Size": "12 pack",
    "WOW ppu": "$0.25 / 1EA"
  },
  {
    "Brand_Product_Size": "Woolworths Cookie Cranberry & White Chocolate 5 pack",
    "WOW Price": 2.5,
    "WOW Size": "5 pack",
    "WOW ppu": "$0.50 / 1EA"
  },
  {
    "Brand_Product_Size": "Woolworths Cookie Cranberry & White Chocolate 5 pack",
    "WOW Price": 2.5,
    "WOW Size": "5 pack",
    "WOW ppu": "$0.50 / 1EA"
  },
  {
    "Brand_Product_Size": "Woolworths Ciabatta Loaf 350g",
    "WOW Price": 3.5,
    "WOW Size": "350g",
    "WOW ppu": "$3.50 / 1EA"
  },
  {
    "Brand_Product_Size": "Woolworths Plain Bagels 3 pack",
    "WOW Price": 3,
    "WOW Size": "3 pack",
    "WOW ppu": "$1.00 / 1EA"
  },
  {
    "Brand_Product_Size": "Woolworths Plain Bagels 3 pack",
    "WOW Price": 3,
    "WOW Size": "3 pack",
    "WOW ppu": "$1.00 / 1EA"
  },
  {
    "Brand_Product_Size": "Woolworths Turkish Garlic Loaf 420g",
    "WOW Price": 3,
    "WOW Size": "420g",
    "WOW ppu": "$3.00 / 1EA"
  },
  {
    "Brand_Product_Size": "Woolworths Mini Donut Chocolate Hazelnut 3 pack",
    "WOW Price": 2,
    "WOW Size": "3 pack",
    "WOW ppu": "$0.67 / 1EA"
  },
  {
    "Brand_Product_Size": "Woolworths Mini Donut Chocolate Hazelnut 3 pack",
    "WOW Price": 2,
    "WOW Size": "3 pack",
    "WOW ppu": "$0.67 / 1EA"
  },
  {
    "Brand_Product_Size": "Woolworths Brioche Fruit Hot Cross Buns 6 pack",
    "WOW Price": 4.5,
    "WOW Size": "6 pack",
    "WOW ppu": "$0.75 / 1EA"
  },
  {
    "Brand_Product_Size": "Woolworths Damper Rolls 6 pack",
    "WOW Price": 2,
    "WOW Size": "6 pack",
    "WOW ppu": "$0.33 / 1EA"
  },
  {
    "Brand_Product_Size": "Woolworths Mini Bread Rolls Soft Lunch 12 pack",
    "WOW Price": 4,
    "WOW Size": "12 pack",
    "WOW ppu": "$0.33 / 1EA"
  },
  {
    "Brand_Product_Size": "Woolworths Mini Bread Rolls Soft Lunch 12 pack",
    "WOW Price": 4,
    "WOW Size": "12 pack",
    "WOW ppu": "$0.33 / 1EA"
  },
  {
    "Brand_Product_Size": "Woolworths Mini Bread Rolls Soft Hot Dog 12 pack",
    "WOW Price": 4,
    "WOW Size": "12 pack",
    "WOW ppu": "$0.33 / 1EA"
  },
  {
    "Brand_Product_Size": "Woolworths Turkish Rolls 3 pack",
    "WOW Price": 2.5,
    "WOW Size": "3 pack",
    "WOW ppu": "$0.83 / 1EA"
  },
  {
    "Brand_Product_Size": "Woolworths Cheese Bacon Extra Soft Roll 2 pack",
    "WOW Price": 3,
    "WOW Size": "2 pack",
    "WOW ppu": "$1.50 / 1EA"
  },
  {
    "Brand_Product_Size": "Woolworths Cheese Bacon Extra Soft Roll 2 pack",
    "WOW Price": 3,
    "WOW Size": "2 pack",
    "WOW ppu": "$1.50 / 1EA"
  },
  {
    "Brand_Product_Size": "Amigo Orange Juice 8 pack",
    "WOW Price": 6,
    "WOW Size": "8 pack",
    "WOW ppu": "$0.38 / 100ML"
  },
  {
    "Brand_Product_Size": "Smith's Crinkle Cut Potato Chips Original 170g",
    "WOW Price": 1.75,
    "WOW Size": "170g",
    "WOW ppu": "$1.03 / 100G"
  },
  {
    "Brand_Product_Size": "Alameed Coffee Medium With Cardamom Turkish Coffee 250g",
    "WOW Price": 8,
    "WOW Size": "250g",
    "WOW ppu": "$3.20 / 100G"
  },
  {
    "Brand_Product_Size": "Smith's Crinkle Cut Potato Chips Salt & Vinegar 170g",
    "WOW Price": 1.75,
    "WOW Size": "170g",
    "WOW ppu": "$1.03 / 100G"
  },
  {
    "Brand_Product_Size": "Uncle Tobys Oats Quick Porridge 500g",
    "WOW Price": 4.25,
    "WOW Size": "500g",
    "WOW ppu": "$0.85 / 100G"
  },
  {
    "Brand_Product_Size": "Uncle Tobys Rolled Oats Delicious Blends Roasted Hazelnut & Cinnamon 320g",
    "WOW Price": 5.5,
    "WOW Size": "320g",
    "WOW ppu": "$1.72 / 100G"
  },
  {
    "Brand_Product_Size": "Uncle Tobys Rolled Oats Delicious Blends Raspberry, Almond & Vanilla 320g",
    "WOW Price": 5.5,
    "WOW Size": "320g",
    "WOW ppu": "$1.72 / 100G"
  },
  {
    "Brand_Product_Size": "Bounce Low Carb Keto Bar Choc Hazelnut 35g",
    "WOW Price": 3,
    "WOW Size": "35g",
    "WOW ppu": "$8.57 / 100G"
  },
  {
    "Brand_Product_Size": "Woolworths Pepperoni Pizza 2 pack",
    "WOW Price": 3,
    "WOW Size": "2 pack",
    "WOW ppu": "$1.50 / 1EA"
  },
  {
    "Brand_Product_Size": "Woolworths Pepperoni Pizza 2 pack",
    "WOW Price": 3,
    "WOW Size": "2 pack",
    "WOW ppu": "$1.50 / 1EA"
  },
  {
    "Brand_Product_Size": "Bpi Best Bcaa Watermelon Ice 300g",
    "WOW Price": 55,
    "WOW Size": "300g",
    "WOW ppu": "$18.33 / 100G"
  },
  {
    "Brand_Product_Size": "Philips 2.5w G9 Led Capsule Globe Soft White each",
    "WOW Price": 10.5,
    "WOW Size": "each",
    "WOW ppu": "$10.50 / 1EA"
  },
  {
    "Brand_Product_Size": "Disney Mickey Mouse Dog Collar Medium each",
    "WOW Price": 18,
    "WOW Size": "each",
    "WOW ppu": "$18.00 / 1EA"
  },
  {
    "Brand_Product_Size": "Goat Skincare Moisturising Wash 500mL",
    "WOW Price": 3.2,
    "WOW Size": "500mL",
    "WOW ppu": "$1.60 / 100ML"
  },
  {
    "Brand_Product_Size": "Nailene So Natural Nail Short Pink 28 pack",
    "WOW Price": 8.5,
    "WOW Size": "28 pack",
    "WOW ppu": "$0.30 / 1EA"
  },
  {
    "Brand_Product_Size": "Revlon Colorstay Lipliner Red 0.28g",
    "WOW Price": 11.5,
    "WOW Size": "0.28g",
    "WOW ppu": "$410.71 / 10G"
  },
  {
    "Brand_Product_Size": "Pikmi Pops Surprise! Cheeki Puffs Assortment each",
    "WOW Price": 10,
    "WOW Size": "each",
    "WOW ppu": ""
  },
  {
    "Brand_Product_Size": "Revlon Photoready Candid Foundation Light Honey 22mL",
    "WOW Price": 12.5,
    "WOW Size": "22mL",
    "WOW ppu": "$5.68 / 10ML"
  },
  {
    "Brand_Product_Size": "S&b Salt & Pepper 110g",
    "WOW Price": 1.2,
    "WOW Size": "110g",
    "WOW ppu": "$2.73 / 100G"
  },
  {
    "Brand_Product_Size": "Treasurex Fire Vs Ice Assortment each",
    "WOW Price": 15,
    "WOW Size": "each",
    "WOW ppu": ""
  },
  {
    "Brand_Product_Size": "Travacalm Natural Tablets 10 pack",
    "WOW Price": 5,
    "WOW Size": "10 pack",
    "WOW ppu": "$0.50 / 1EA"
  },
  {
    "Brand_Product_Size": "Maybelline Superstay 24 Hour Foundation - Golden 32 30mL",
    "WOW Price": 12.5,
    "WOW Size": "30mL",
    "WOW ppu": "$4.17 / 10ML"
  },
  {
    "Brand_Product_Size": "Rufus & Coco Super Skin & Coat 400g",
    "WOW Price": 25,
    "WOW Size": "400g",
    "WOW ppu": "$6.25 / 100G"
  },
  {
    "Brand_Product_Size": "Nfco Natural Toothpaste Whitening & Glow 100g",
    "WOW Price": 4,
    "WOW Size": "100g",
    "WOW ppu": "$8.00 / 100G"
  },
  {
    "Brand_Product_Size": "L'oreal Paris Age Perfect Beautifying Colour Care Chestnut 80mL",
    "WOW Price": 14,
    "WOW Size": "80mL",
    "WOW ppu": ""
  },
  {
    "Brand_Product_Size": "Tradie Boys Trunk Sizes 8-10 3 pack",
    "WOW Price": 3,
    "WOW Size": "3 pack",
    "WOW ppu": ""
  },
  {
    "Brand_Product_Size": "Total Care Capstar Medium/large Dog 3 pack",
    "WOW Price": 16,
    "WOW Size": "3 pack",
    "WOW ppu": "$5.33 / 1EA"
  },
  {
    "Brand_Product_Size": "Lolly Go Round Round Rainbow Swirl Pops 144g",
    "WOW Price": 1.2,
    "WOW Size": "144g",
    "WOW ppu": "$1.39 / 100G"
  },
  {
    "Brand_Product_Size": "Maybelline Eye Studio Brow Precise - Blonde 0.6g",
    "WOW Price": 6,
    "WOW Size": "0.6g",
    "WOW ppu": ""
  },
  {
    "Brand_Product_Size": "Tradie Girls Shortie Sizes 6-8 2 pack",
    "WOW Price": 3,
    "WOW Size": "2 pack",
    "WOW ppu": ""
  },
  {
    "Brand_Product_Size": "Goat Skincare Moisturising Wash With Manuka Honey 500mL",
    "WOW Price": 3.2,
    "WOW Size": "500mL",
    "WOW ppu": "$1.60 / 100ML"
  },
  {
    "Brand_Product_Size": "Extra Care Grape Seed Oil Elixir 80mL",
    "WOW Price": 20,
    "WOW Size": "80mL",
    "WOW ppu": "$25.00 / 100ML"
  },
  {
    "Brand_Product_Size": "Dove Shea Butter 100g",
    "WOW Price": 2,
    "WOW Size": "100g",
    "WOW ppu": "$2.00 / 100G"
  },
  {
    "Brand_Product_Size": "Head & Shoulders Supreme Purify & Volume Shampoo 200mL",
    "WOW Price": 8,
    "WOW Size": "200mL",
    "WOW ppu": "$4.00 / 100ML"
  },
  {
    "Brand_Product_Size": "Reach Light Mint Toothpaste Toothpaste 120g",
    "WOW Price": 1.45,
    "WOW Size": "120g",
    "WOW ppu": "$3.00 / 100G"
  },
  {
    "Brand_Product_Size": "Total Care Flea Powder For Dogs 200g",
    "WOW Price": 9,
    "WOW Size": "200g",
    "WOW ppu": "$4.50 / 100G"
  },
  {
    "Brand_Product_Size": "Bronchodual Cough Pastilles 20 pack",
    "WOW Price": 12,
    "WOW Size": "20 pack",
    "WOW ppu": "$0.60 / 1EA"
  },
  {
    "Brand_Product_Size": "Head & Shoulders Supreme Purrify & Volume Conditioner 200mL",
    "WOW Price": 8,
    "WOW Size": "200mL",
    "WOW ppu": "$4.00 / 100ML"
  },
  {
    "Brand_Product_Size": "Mcobeauty Face Glam Eye & Body Jewels each",
    "WOW Price": 10,
    "WOW Size": "each",
    "WOW ppu": "$10.00 / 1EA"
  },
  {
    "Brand_Product_Size": "Sashi's Secret Sweet & Sour Pork Kit 420g",
    "WOW Price": 2.4,
    "WOW Size": "420g",
    "WOW ppu": "$1.43 / 100G"
  },
  {
    "Brand_Product_Size": "Rimmel Lasting Radiance Foundation Porcelain 30mL",
    "WOW Price": 11.5,
    "WOW Size": "30mL",
    "WOW ppu": "$3.83 / 10ML"
  },
  {
    "Brand_Product_Size": "Beyond Simply9 Lamb & Whole Barley Dog Food 2.5kg",
    "WOW Price": 6.8,
    "WOW Size": "2.5kg",
    "WOW ppu": "$0.68 / 100G"
  },
  {
    "Brand_Product_Size": "Sally Hansen Xtreme Wear Nail Color Disco Ball 11.8mL",
    "WOW Price": 3.5,
    "WOW Size": "11.8mL",
    "WOW ppu": "$2.97 / 10ML"
  },
  {
    "Brand_Product_Size": "Rimmel Lasting Radiance Foundation 303 30mL",
    "WOW Price": 11.5,
    "WOW Size": "30mL",
    "WOW ppu": "$3.83 / 10ML"
  },
  {
    "Brand_Product_Size": "White Glo Activated Whitening Powder 30g",
    "WOW Price": 6,
    "WOW Size": "30g",
    "WOW ppu": "$20.00 / 100G"
  },
  {
    "Brand_Product_Size": "Discovery Garden Metal Bug Stake Bee each",
    "WOW Price": 3.5,
    "WOW Size": "each",
    "WOW ppu": ""
  },
  {
    "Brand_Product_Size": "Tradie Boys Trunk Sizes 6-8 3 pack",
    "WOW Price": 3,
    "WOW Size": "3 pack",
    "WOW ppu": ""
  },
  {
    "Brand_Product_Size": "Nfco Natural Mouthwash 354mL",
    "WOW Price": 5,
    "WOW Size": "354mL",
    "WOW ppu": "$2.82 / 100ML"
  },
  {
    "Brand_Product_Size": "Schwarzkopf Live Colour Black 1 pack",
    "WOW Price": 5,
    "WOW Size": "1 pack",
    "WOW ppu": ""
  },
  {
    "Brand_Product_Size": "Lenny & Larry The Complete Cookie Chocolate Chip 113g",
    "WOW Price": 4.5,
    "WOW Size": "113g",
    "WOW ppu": "$3.98 / 100G"
  },
  {
    "Brand_Product_Size": "Total Care Capstar Puppy Small Dog/cat 3 pack",
    "WOW Price": 14,
    "WOW Size": "3 pack",
    "WOW ppu": "$4.67 / 1EA"
  },
  {
    "Brand_Product_Size": "Biore Charcoal Acne Scrub 127g",
    "WOW Price": 6,
    "WOW Size": "127g",
    "WOW ppu": "$4.72 / 100G"
  },
  {
    "Brand_Product_Size": "Total Care Retro Adjustable Collar Medium each",
    "WOW Price": 12,
    "WOW Size": "each",
    "WOW ppu": "$12.00 / 1EA"
  },
  {
    "Brand_Product_Size": "Muscle Pharm Combat 100% Whey Chocolate Milk 907g",
    "WOW Price": 60,
    "WOW Size": "907g",
    "WOW ppu": "$6.62 / 100G"
  },
  {
    "Brand_Product_Size": "Sally Hansen Nail Polish Raisin The Bar each",
    "WOW Price": 15,
    "WOW Size": "each",
    "WOW ppu": "$10.20 / 10ML"
  },
  {
    "Brand_Product_Size": "Maybelline Master Strobing Illuminating Highlighter Stick- Light 6.8g",
    "WOW Price": 8,
    "WOW Size": "6.8g",
    "WOW ppu": "$11.76 / 10G"
  },
  {
    "Brand_Product_Size": "Schwarzkopf Extra Care Hair Treatment Leave In Colour Protect 200mL",
    "WOW Price": 8,
    "WOW Size": "200mL",
    "WOW ppu": "$4.00 / 100ML"
  },
  {
    "Brand_Product_Size": "Maybelline Superstay 24hr Full Coverage Foundation - Light Beige 30mL",
    "WOW Price": 12.5,
    "WOW Size": "30mL",
    "WOW ppu": "$4.17 / 10ML"
  },
  {
    "Brand_Product_Size": "Paperclick Stationery Set each",
    "WOW Price": 5,
    "WOW Size": "each",
    "WOW ppu": ""
  },
  {
    "Brand_Product_Size": "Canon Pixma 671 Black Ink each",
    "WOW Price": 20,
    "WOW Size": "each",
    "WOW ppu": ""
  },
  {
    "Brand_Product_Size": "Pro Supps Hydro Bcaa Dragon Fruit 435g",
    "WOW Price": 50,
    "WOW Size": "435g",
    "WOW ppu": "$11.34 / 100G"
  },
  {
    "Brand_Product_Size": "Total Care Fresh & Clean Deodorising Shampoo 250mL",
    "WOW Price": 9.99,
    "WOW Size": "250mL",
    "WOW ppu": "$4.00 / 100ML"
  },
  {
    "Brand_Product_Size": "Bronchodual Cough Syrup 120mL",
    "WOW Price": 12,
    "WOW Size": "120mL",
    "WOW ppu": "$10.00 / 100ML"
  },
  {
    "Brand_Product_Size": "Nailene Full Nail Cover Square 200 pack",
    "WOW Price": 7.49,
    "WOW Size": "200 pack",
    "WOW ppu": "$0.04 / 1EA"
  },
  {
    "Brand_Product_Size": "Rufus & Coco Vitality Plus 100g",
    "WOW Price": 20,
    "WOW Size": "100g",
    "WOW ppu": "$20.00 / 100G"
  },
  {
    "Brand_Product_Size": "Musashi Young Athlete Choc Malt Powder 360g",
    "WOW Price": 20,
    "WOW Size": "360g",
    "WOW ppu": "$5.56 / 100G"
  },
  {
    "Brand_Product_Size": "Revlon Photoready Candid Concealer Banana 10mL",
    "WOW Price": 10,
    "WOW Size": "10mL",
    "WOW ppu": "$10.00 / 10ML"
  },
  {
    "Brand_Product_Size": "Bonds Zip Wondersuit Disney Minnie Pink Size 000 each",
    "WOW Price": 30,
    "WOW Size": "each",
    "WOW ppu": ""
  },
  {
    "Brand_Product_Size": "Pro Supps Whey 100 Chocolate 2270g",
    "WOW Price": 90,
    "WOW Size": "2270g",
    "WOW ppu": "$90.00 / 1EA"
  },
  {
    "Brand_Product_Size": "Oral-b Cross Action Ultrathin Manual Toothbrush 3 pack",
    "WOW Price": 12,
    "WOW Size": "3 pack",
    "WOW ppu": "$4.00 / 1EA"
  },
  {
    "Brand_Product_Size": "Pro Supps Whey 100 Vanilla 2270g",
    "WOW Price": 90,
    "WOW Size": "2270g",
    "WOW ppu": "$90.00 / 1EA"
  },
  {
    "Brand_Product_Size": "Olay Regenerist Luminous Whips Face Cream Moisturiser 50g",
    "WOW Price": 34.3,
    "WOW Size": "50g",
    "WOW ppu": "$68.60 / 100G"
  },
  {
    "Brand_Product_Size": "Nature's Way Restore Complete Gut Formula Child 30 pack",
    "WOW Price": 16,
    "WOW Size": "30 pack",
    "WOW ppu": "$133.33 / 100EA"
  },
  {
    "Brand_Product_Size": "Bzyoo Coupe Side Plate each",
    "WOW Price": 4,
    "WOW Size": "each",
    "WOW ppu": ""
  },
  {
    "Brand_Product_Size": "Treasurex Alien Hunter Assortment each",
    "WOW Price": 25,
    "WOW Size": "each",
    "WOW ppu": ""
  },
  {
    "Brand_Product_Size": "Head & Shoulders Supreme Moisture Conditioner 200mL",
    "WOW Price": 8,
    "WOW Size": "200mL",
    "WOW ppu": "$4.00 / 100ML"
  },
  {
    "Brand_Product_Size": "Total Care Retro Adjustable Collar Small each",
    "WOW Price": 11,
    "WOW Size": "each",
    "WOW ppu": "$11.00 / 1EA"
  },
  {
    "Brand_Product_Size": "Revlon Photoready Candid Foundation Medium Beige 22mL",
    "WOW Price": 12.5,
    "WOW Size": "22mL",
    "WOW ppu": "$5.68 / 10ML"
  },
  {
    "Brand_Product_Size": "Tru Colour Skin Tone Bandages Purple 20 pack",
    "WOW Price": 5,
    "WOW Size": "20 pack",
    "WOW ppu": "$0.25 / 1EA"
  },
  {
    "Brand_Product_Size": "Bonds Zip Wondersuit Disney Jungle Book Pink Size 00 each",
    "WOW Price": 30,
    "WOW Size": "each",
    "WOW ppu": ""
  },
  {
    "Brand_Product_Size": "Classic Face Foundation Liquid Tottle Cream Beige 35mL",
    "WOW Price": 3.7,
    "WOW Size": "35mL",
    "WOW ppu": "$1.06 / 10ML"
  },
  {
    "Brand_Product_Size": "Lexar High Performance 633x Sdmi Card 16gb each",
    "WOW Price": 20,
    "WOW Size": "each",
    "WOW ppu": ""
  },
  {
    "Brand_Product_Size": "Total Care Flea Control For Small Dogs each",
    "WOW Price": 16,
    "WOW Size": "each",
    "WOW ppu": "$16.00 / 1EA"
  },
  {
    "Brand_Product_Size": "Lovekins Ultra Thin Regular Pads With Wings 10 pack",
    "WOW Price": 2.4,
    "WOW Size": "10 pack",
    "WOW ppu": "$0.60 / 1EA"
  },
  {
    "Brand_Product_Size": "Modelco Ultra Dark Tanning Mousse 200mL",
    "WOW Price": 25,
    "WOW Size": "200mL",
    "WOW ppu": "$12.50 / 100ML"
  },
  {
    "Brand_Product_Size": "No Issues Bamboo Tissue Single Pocket Pack each",
    "WOW Price": 0.4,
    "WOW Size": "each",
    "WOW ppu": "$10.00 / 100SS"
  },
  {
    "Brand_Product_Size": "No Issues Bamboo Tissue Single Pocket Pack each",
    "WOW Price": 0.4,
    "WOW Size": "each",
    "WOW ppu": "$10.00 / 100SS"
  },
  {
    "Brand_Product_Size": "Bonds Zip Wondersuit Disney Minnie Pink Size 1 each",
    "WOW Price": 30,
    "WOW Size": "each",
    "WOW ppu": ""
  },
  {
    "Brand_Product_Size": "Head & Shoulders Supreme Purify & Volume Conditioner 400mL",
    "WOW Price": 10.5,
    "WOW Size": "400mL",
    "WOW ppu": "$2.63 / 100ML"
  },
  {
    "Brand_Product_Size": "Woolworths Free From Gluten Chocolate Brownie Crispy Thins 110g",
    "WOW Price": 4.5,
    "WOW Size": "110g",
    "WOW ppu": "$4.09 / 100G"
  },
  {
    "Brand_Product_Size": "Nyal Vapourising Patches 6 pack",
    "WOW Price": 9,
    "WOW Size": "6 pack",
    "WOW ppu": "$1.50 / 1EA"
  },
  {
    "Brand_Product_Size": "Parachute Coconut Oil 500mL",
    "WOW Price": 6,
    "WOW Size": "500mL",
    "WOW ppu": "$1.20 / 100ML"
  },
  {
    "Brand_Product_Size": "Discovery Garden Childrens' Gardening Apron",
    "WOW Price": 2,
    "WOW Size": "",
    "WOW ppu": "$2.00 / 1EA"
  },
  {
    "Brand_Product_Size": "Purina Marvel Black Panther Cat Toy each",
    "WOW Price": 14.99,
    "WOW Size": "each",
    "WOW ppu": "$14.99 / 1EA"
  },
  {
    "Brand_Product_Size": "Lenny & Larry The Complete Cookie Double Chocolate 113g",
    "WOW Price": 4.5,
    "WOW Size": "113g",
    "WOW ppu": "$3.98 / 100G"
  },
  {
    "Brand_Product_Size": "Revlon Ultra Hd Matte Lipcolor Devotion Lipstick 5.9mL",
    "WOW Price": 12.5,
    "WOW Size": "5.9mL",
    "WOW ppu": "$21.19 / 10ML"
  },
  {
    "Brand_Product_Size": "Bpi Smart Burn 25 Serve Cotton Candy 125g",
    "WOW Price": 60,
    "WOW Size": "125g",
    "WOW ppu": "$48.00 / 100G"
  },
  {
    "Brand_Product_Size": "Go Natural Immune Capsules 30 pack",
    "WOW Price": 10,
    "WOW Size": "30 pack",
    "WOW ppu": "$33.33 / 100EA"
  },
  {
    "Brand_Product_Size": "Tampax Pearl Compak Regular Tampons 8 pack",
    "WOW Price": 1.4,
    "WOW Size": "8 pack",
    "WOW ppu": "$0.44 / 1EA"
  },
  {
    "Brand_Product_Size": "Revlon Ultra Hd Matte Lipcolor Embrace Lipstick 5.9mL",
    "WOW Price": 12.5,
    "WOW Size": "5.9mL",
    "WOW ppu": "$21.19 / 10ML"
  },
  {
    "Brand_Product_Size": "Bakugan Basic Ball Assorted each",
    "WOW Price": 12,
    "WOW Size": "each",
    "WOW ppu": ""
  },
  {
    "Brand_Product_Size": "L'oreal Paris Color Riche Matte Mahogany 4.3g",
    "WOW Price": 11,
    "WOW Size": "4.3g",
    "WOW ppu": "$25.58 / 10G"
  },
  {
    "Brand_Product_Size": "Pantene Pro V Blends Micellar Conditioner 300mL",
    "WOW Price": 7.8,
    "WOW Size": "300mL",
    "WOW ppu": "$2.60 / 100ML"
  },
  {
    "Brand_Product_Size": "Head & Shoulders Supreme Purify & Volume Shampoo 400mL",
    "WOW Price": 10.5,
    "WOW Size": "400mL",
    "WOW ppu": "$2.63 / 100ML"
  },
  {
    "Brand_Product_Size": "Huggie Odour Neutralising Fabric Softener Peach & Jasmine 1L",
    "WOW Price": 8,
    "WOW Size": "1L",
    "WOW ppu": "$8.00 / 1L"
  },
  {
    "Brand_Product_Size": "Bonds Zip Wondersuit Disney Mickey Grey Size 000 each",
    "WOW Price": 30,
    "WOW Size": "each",
    "WOW ppu": ""
  },
  {
    "Brand_Product_Size": "Discovery Garden Metal Bug Stake Grasshopper each",
    "WOW Price": 3.5,
    "WOW Size": "each",
    "WOW ppu": ""
  },
  {
    "Brand_Product_Size": "Bonds Zip Wondersuit Disney Minnie Pink Size 2 each",
    "WOW Price": 30,
    "WOW Size": "each",
    "WOW ppu": ""
  },
  {
    "Brand_Product_Size": "Total Care Comfort Padded Dog Collar Small each",
    "WOW Price": 10,
    "WOW Size": "each",
    "WOW ppu": "$10.00 / 1EA"
  },
  {
    "Brand_Product_Size": "Quest Protein Vanilla Milkshake 726g",
    "WOW Price": 65,
    "WOW Size": "726g",
    "WOW ppu": "$8.95 / 100G"
  },
  {
    "Brand_Product_Size": "Pantene Pro V Moisture Renewal Intensive Treatment 300mL",
    "WOW Price": 10,
    "WOW Size": "300mL",
    "WOW ppu": "$3.33 / 100ML"
  },
  {
    "Brand_Product_Size": "Revlon Photoready Candid Foundation Sand Beige 22mL",
    "WOW Price": 12.5,
    "WOW Size": "22mL",
    "WOW ppu": "$5.68 / 10ML"
  },
  {
    "Brand_Product_Size": "Bpi Best Bcaa Blue Raspberry 300g",
    "WOW Price": 55,
    "WOW Size": "300g",
    "WOW ppu": "$18.33 / 100G"
  },
  {
    "Brand_Product_Size": "Pantene Pro V Blends Micellar Charcoal Shampoo 300mL",
    "WOW Price": 7.8,
    "WOW Size": "300mL",
    "WOW ppu": "$2.60 / 100ML"
  },
  {
    "Brand_Product_Size": "Maybelline Superstay 24 Hour Foundation - Warm Sun 36 30mL",
    "WOW Price": 12.5,
    "WOW Size": "30mL",
    "WOW ppu": "$4.17 / 10ML"
  },
  {
    "Brand_Product_Size": "Pantene Pro V Blends Micellar Shampoo 300mL",
    "WOW Price": 7.8,
    "WOW Size": "300mL",
    "WOW ppu": "$2.60 / 100ML"
  },
  {
    "Brand_Product_Size": "Ecs Botanics Indian Masala Lentil Soup 330g",
    "WOW Price": 5,
    "WOW Size": "330g",
    "WOW ppu": "$1.52 / 100G"
  },
  {
    "Brand_Product_Size": "Rimmel Lasting Radiance Foundation 100 Ivory 30mL",
    "WOW Price": 11.5,
    "WOW Size": "30mL",
    "WOW ppu": "$3.83 / 10ML"
  },
  {
    "Brand_Product_Size": "Pro Supps Hydro Bcaa Blackberry Lemonade 435g",
    "WOW Price": 50,
    "WOW Size": "435g",
    "WOW ppu": "$11.34 / 100G"
  },
  {
    "Brand_Product_Size": "Quest Protein Chocolate Milkshake 726g",
    "WOW Price": 65,
    "WOW Size": "726g",
    "WOW ppu": "$8.95 / 100G"
  },
  {
    "Brand_Product_Size": "Head & Shoulders Supreme Moisture Shampoo 200mL",
    "WOW Price": 8,
    "WOW Size": "200mL",
    "WOW ppu": "$4.00 / 100ML"
  },
  {
    "Brand_Product_Size": "Maybelline Colossal Pumped Up Volumizing Water Proof Mascara - Black 2.5mL",
    "WOW Price": 10,
    "WOW Size": "2.5mL",
    "WOW ppu": "$10.53 / 10ML"
  },
  {
    "Brand_Product_Size": "Pharma Freak Test Freak-testosterone Booster 120 pack",
    "WOW Price": 70,
    "WOW Size": "120 pack",
    "WOW ppu": "$58.33 / 100EA"
  },
  {
    "Brand_Product_Size": "Revlon Photoready Candid Foundation Buff 22mL",
    "WOW Price": 12.5,
    "WOW Size": "22mL",
    "WOW ppu": "$5.68 / 10ML"
  },
  {
    "Brand_Product_Size": "L'oreal Infallible 24hr Lipstick 3.3g",
    "WOW Price": 15,
    "WOW Size": "3.3g",
    "WOW ppu": "$45.45 / 10G"
  },
  {
    "Brand_Product_Size": "Go Natural Energise Capsules 30 pack",
    "WOW Price": 10,
    "WOW Size": "30 pack",
    "WOW ppu": "$33.33 / 100EA"
  },
  {
    "Brand_Product_Size": "Muscle Pharm Combat 100% Whey Cookies N Cream 907g",
    "WOW Price": 60,
    "WOW Size": "907g",
    "WOW ppu": "$6.19 / 100G"
  },
  {
    "Brand_Product_Size": "Pampers Baby-dry Nappy Pants Size3 44 pack",
    "WOW Price": 25.5,
    "WOW Size": "44 pack",
    "WOW ppu": "$0.58 / 1EA"
  },
  {
    "Brand_Product_Size": "Muscle Pharm Combat 100% Whey Vanilla 907g",
    "WOW Price": 60,
    "WOW Size": "907g",
    "WOW ppu": "$6.62 / 100G"
  },
  {
    "Brand_Product_Size": "Pantene Pro V Blends Micellar Aloe Shampoo 300mL",
    "WOW Price": 7.8,
    "WOW Size": "300mL",
    "WOW ppu": "$2.60 / 100ML"
  },
  {
    "Brand_Product_Size": "Pro Supps Hydro Bcaa Strawberry Kiwi 435g",
    "WOW Price": 50,
    "WOW Size": "435g",
    "WOW ppu": "$11.34 / 100G"
  },
  {
    "Brand_Product_Size": "Canon Pixma 670 Pigment Black Ink each",
    "WOW Price": 20,
    "WOW Size": "each",
    "WOW ppu": ""
  },
  {
    "Brand_Product_Size": "Head & Shoulders Supreme Smooth Conditioner 400mL",
    "WOW Price": 10.5,
    "WOW Size": "400mL",
    "WOW ppu": "$2.63 / 100ML"
  },
  {
    "Brand_Product_Size": "Pro Supps Hydro Bcaa Passionfruit 435g",
    "WOW Price": 50,
    "WOW Size": "435g",
    "WOW ppu": "$11.34 / 100G"
  },
  {
    "Brand_Product_Size": "Maybelline Superstay 24hr Full Coverage Foundation - Soft Beige 30mL",
    "WOW Price": 12.5,
    "WOW Size": "30mL",
    "WOW ppu": "$4.17 / 10ML"
  },
  {
    "Brand_Product_Size": "Sally Hansen Miracle Gel Birthday Suit 14.7mL",
    "WOW Price": 8.5,
    "WOW Size": "14.7mL",
    "WOW ppu": "$5.78 / 10ML"
  },
  {
    "Brand_Product_Size": "Pantene Pro V Blends Micellar Aloe Conditioner 300mL",
    "WOW Price": 7.8,
    "WOW Size": "300mL",
    "WOW ppu": "$2.60 / 100ML"
  },
  {
    "Brand_Product_Size": "Total Care Padded Dog Collar Medium each",
    "WOW Price": 11.99,
    "WOW Size": "each",
    "WOW ppu": "$11.99 / 1EA"
  },
  {
    "Brand_Product_Size": "Total Care Dog Chain Lead 120cm each",
    "WOW Price": 14.99,
    "WOW Size": "each",
    "WOW ppu": ""
  },
  {
    "Brand_Product_Size": "Micro Wheels Single Pack each",
    "WOW Price": 4,
    "WOW Size": "each",
    "WOW ppu": ""
  },
  {
    "Brand_Product_Size": "Chanukah Traditional Hanukkah Candles 185g",
    "WOW Price": 1.1,
    "WOW Size": "185g",
    "WOW ppu": "$1.46 / 100G"
  },
  {
    "Brand_Product_Size": "Pro Supps Hydro Bcaa Pink Lemonade 435g",
    "WOW Price": 50,
    "WOW Size": "435g",
    "WOW ppu": "$11.34 / 100G"
  },
  {
    "Brand_Product_Size": "Maybelline Superstay 24 Hour Foundation - Light Beige 5 30mL",
    "WOW Price": 12.5,
    "WOW Size": "30mL",
    "WOW ppu": "$4.17 / 10ML"
  },
  {
    "Brand_Product_Size": "Total Care Nylon Dog Collar Small 45cm each",
    "WOW Price": 7.86,
    "WOW Size": "each",
    "WOW ppu": ""
  },
  {
    "Brand_Product_Size": "Muscle Pharm Combat 100% Isolate Chocolate Milk 2270g",
    "WOW Price": 145,
    "WOW Size": "2270g",
    "WOW ppu": "$145.00 / 1EA"
  },
  {
    "Brand_Product_Size": "Classic Face Foundation Liquid Tottle Ivory 35mL",
    "WOW Price": 3.7,
    "WOW Size": "35mL",
    "WOW ppu": "$1.06 / 10ML"
  },
  {
    "Brand_Product_Size": "Bpi Keto Tea Serve Iced Tea 175g",
    "WOW Price": 55,
    "WOW Size": "175g",
    "WOW ppu": "$31.43 / 100G"
  },
  {
    "Brand_Product_Size": "Reach Fresh Mint Toothpaste Toothpaste 120g",
    "WOW Price": 3.6,
    "WOW Size": "120g",
    "WOW ppu": "$3.00 / 100G"
  },
  {
    "Brand_Product_Size": "Sabco Jet Pulse Washer each",
    "WOW Price": 50,
    "WOW Size": "each",
    "WOW ppu": ""
  },
  {
    "Brand_Product_Size": "Total Care Accessory Nylon Collar M 55cm each",
    "WOW Price": 9.49,
    "WOW Size": "each",
    "WOW ppu": ""
  },
  {
    "Brand_Product_Size": "Bonds Zip Wondersuit Disney Mickey Grey Size 0 each",
    "WOW Price": 30,
    "WOW Size": "each",
    "WOW ppu": ""
  },
  {
    "Brand_Product_Size": "Pro Supps L Carnitine 1500 Green Apple 473mL",
    "WOW Price": 30,
    "WOW Size": "473mL",
    "WOW ppu": "$63.42 / 1L"
  },
  {
    "Brand_Product_Size": "Mcobeauty Lash Volumising Mascara Blue each",
    "WOW Price": 15,
    "WOW Size": "each",
    "WOW ppu": "$13.64 / 10ML"
  },
  {
    "Brand_Product_Size": "Nature's Way Restore Complete Gut Formula Adult 30 pack",
    "WOW Price": 40,
    "WOW Size": "30 pack",
    "WOW ppu": "$133.33 / 100EA"
  },
  {
    "Brand_Product_Size": "Go Natural Focus Capsules 30 pack",
    "WOW Price": 10,
    "WOW Size": "30 pack",
    "WOW ppu": "$33.33 / 100EA"
  },
  {
    "Brand_Product_Size": "Bpi Smart Burn Tropical Fruit Punch 125g",
    "WOW Price": 60,
    "WOW Size": "125g",
    "WOW ppu": "$48.00 / 100G"
  },
  {
    "Brand_Product_Size": "Revlon Mega Multiplier Mascara Blackest Black 8.5mL",
    "WOW Price": 12,
    "WOW Size": "8.5mL",
    "WOW ppu": "$14.12 / 10ML"
  },
  {
    "Brand_Product_Size": "Muscle Pharm Combat 100% Isolate Vanilla 2270g",
    "WOW Price": 145,
    "WOW Size": "2270g",
    "WOW ppu": "$145.00 / 1EA"
  },
  {
    "Brand_Product_Size": "Bonds Zip Wondersuit Disney Minnie Pink Size 00 each",
    "WOW Price": 30,
    "WOW Size": "each",
    "WOW ppu": ""
  },
  {
    "Brand_Product_Size": "Perfect Italiano Perfect Pizza Cheese 150g",
    "WOW Price": 3.25,
    "WOW Size": "150g",
    "WOW ppu": "$21.67 / 1KG"
  },
  {
    "Brand_Product_Size": "Calidad Canon Pg 645 Xl Black Ink Cartridge each",
    "WOW Price": 30,
    "WOW Size": "each",
    "WOW ppu": ""
  },
  {
    "Brand_Product_Size": "Castello Havarti per kg",
    "WOW Price": 40,
    "WOW Size": "per kg",
    "WOW ppu": "$10.00 / 1KG"
  },
  {
    "Brand_Product_Size": "Castello Havarti per kg",
    "WOW Price": 40,
    "WOW Size": "per kg",
    "WOW ppu": "$10.00 / 1KG"
  },
  {
    "Brand_Product_Size": "Woolworths Extra Soft Fruitless Hot Cross Buns 6 pack",
    "WOW Price": 3.5,
    "WOW Size": "6 pack",
    "WOW ppu": "$0.58 / 1EA"
  },
  {
    "Brand_Product_Size": "Woolworths Chocolate Hot Cross Buns Made With Cadbury Chocolate 6 pack",
    "WOW Price": 3.5,
    "WOW Size": "6 pack",
    "WOW ppu": ""
  },
  {
    "Brand_Product_Size": "Allen's Anticol Throat Lozenge Vapour Action 10 pack",
    "WOW Price": 1.8,
    "WOW Size": "10 pack",
    "WOW ppu": "$0.18 / 1EA"
  },
  {
    "Brand_Product_Size": "Essano Rosehip Facial Moisturiser 140mL",
    "WOW Price": 20,
    "WOW Size": "140mL",
    "WOW ppu": "$14.29 / 100ML"
  },
  {
    "Brand_Product_Size": "Woolworths Red Watermelon Cut Quarter each",
    "WOW Price": 6.56,
    "WOW Size": "each",
    "WOW ppu": "$6.56 / 1EA"
  },
  {
    "Brand_Product_Size": "Woolworths Red Watermelon Cut Quarter each",
    "WOW Price": 6.56,
    "WOW Size": "each",
    "WOW ppu": "$6.56 / 1EA"
  },
  {
    "Brand_Product_Size": "Nestle Chokito Bites 110g",
    "WOW Price": 4.5,
    "WOW Size": "110g",
    "WOW ppu": "$4.09 / 100G"
  },
  {
    "Brand_Product_Size": "Bundaberg Diet Ginger Beer 10x375mL",
    "WOW Price": 14.95,
    "WOW Size": "10x375mL",
    "WOW ppu": "$3.99 / 1L"
  },
  {
    "Brand_Product_Size": "Bed Head Recovery Treatment Mask 200g",
    "WOW Price": 20,
    "WOW Size": "200g",
    "WOW ppu": "$10.00 / 100G"
  },
  {
    "Brand_Product_Size": "Olsent Led Round Bc 5.5w 500lm Ww Round Globe 5.5 Watt 2 pack",
    "WOW Price": 9.5,
    "WOW Size": "2 pack",
    "WOW ppu": "$4.75 / 1EA"
  },
  {
    "Brand_Product_Size": "Woolworths Crumbed Chicken Ribs 400g",
    "WOW Price": 5,
    "WOW Size": "400g",
    "WOW ppu": "$12.50 / 1KG"
  },
  {
    "Brand_Product_Size": "Fresh Salmon Skin Off Teriyaki Ginger per kg",
    "WOW Price": 29,
    "WOW Size": "per kg",
    "WOW ppu": "$29.00 / 1KG"
  },
  {
    "Brand_Product_Size": "Capilano Manuka Honey Mgo 100+ 340g",
    "WOW Price": 19.5,
    "WOW Size": "340g",
    "WOW ppu": "$5.74 / 100G"
  },
  {
    "Brand_Product_Size": "Woolworths Rockmelon Large haLf each",
    "WOW Price": 2.95,
    "WOW Size": "haLf each",
    "WOW ppu": "$2.95 / 1EA"
  },
  {
    "Brand_Product_Size": "Nature's Way Joint Health Osteo Krill 50 pack",
    "WOW Price": 30,
    "WOW Size": "50 pack",
    "WOW ppu": "$60.00 / 100EA"
  },
  {
    "Brand_Product_Size": "Heinz Spaghetti No Added Sugar 220g",
    "WOW Price": 1.65,
    "WOW Size": "220g",
    "WOW ppu": "$0.75 / 100G"
  },
  {
    "Brand_Product_Size": "Nature Nate's 100% Pure Australian Raw & Unfiltered Honey 1kg",
    "WOW Price": 15.5,
    "WOW Size": "1kg",
    "WOW ppu": "$1.55 / 100G"
  },
  {
    "Brand_Product_Size": "Woolworths Hot Cross Buns Buns 6 pack",
    "WOW Price": 3.5,
    "WOW Size": "6 pack",
    "WOW ppu": "$0.58 / 1EA"
  },
  {
    "Brand_Product_Size": "Mars Caramel Sundae Chocolate Bar 45.5g",
    "WOW Price": 2,
    "WOW Size": "45.5g",
    "WOW ppu": "$4.40 / 100G"
  },
  {
    "Brand_Product_Size": "Elmer's School Glue 225mL",
    "WOW Price": 4.2,
    "WOW Size": "225mL",
    "WOW ppu": ""
  },
  {
    "Brand_Product_Size": "Woolworths Flat Mini Manual Umbrella Black each",
    "WOW Price": 12.95,
    "WOW Size": "each",
    "WOW ppu": ""
  },
  {
    "Brand_Product_Size": "Woolworths Cook Creamy Chicken Pot Pie With Bacon & Leek 550g",
    "WOW Price": 10,
    "WOW Size": "550g",
    "WOW ppu": "$18.18 / 1KG"
  },
  {
    "Brand_Product_Size": "Mckenzie's Cookie Flour With Oat & Chick Pea Flour 450g",
    "WOW Price": 3.6,
    "WOW Size": "450g",
    "WOW ppu": "$0.80 / 100G"
  },
  {
    "Brand_Product_Size": "Your Majesty Gourmet Mixed Selections Adult Wet Cat Food 12 pack",
    "WOW Price": 8.5,
    "WOW Size": "12 pack",
    "WOW ppu": "$0.83 / 100G"
  },
  {
    "Brand_Product_Size": "Noshu 98% Sugar Free White Choc Vanilla Cookies Mix 300g",
    "WOW Price": 7.5,
    "WOW Size": "300g",
    "WOW ppu": "$2.50 / 100G"
  },
  {
    "Brand_Product_Size": "Prime Pantry Nibbles Chicken Cat Treats 40g",
    "WOW Price": 3,
    "WOW Size": "40g",
    "WOW ppu": "$7.50 / 100G"
  },
  {
    "Brand_Product_Size": "Cabbage Red haLf each",
    "WOW Price": 3.5,
    "WOW Size": "haLf each",
    "WOW ppu": ""
  },
  {
    "Brand_Product_Size": "Canadian Club Bourbon & Dry 12x500mL",
    "WOW Price": 86,
    "WOW Size": "12x500mL",
    "WOW ppu": ""
  },
  {
    "Brand_Product_Size": "Pasta Italia Gourmet Ricotta & Mushroom Ravioli 400g",
    "WOW Price": 12,
    "WOW Size": "400g",
    "WOW ppu": "$3.00 / 100G"
  },
  {
    "Brand_Product_Size": "Vetta Smart Protein Plain Flour 1kg",
    "WOW Price": 3.6,
    "WOW Size": "1kg",
    "WOW ppu": "$3.60 / 1KG"
  },
  {
    "Brand_Product_Size": "Fresh Tasmanian Atlantic Skin On Salmon 2.5kg",
    "WOW Price": 65,
    "WOW Size": "2.5kg",
    "WOW ppu": ""
  },
  {
    "Brand_Product_Size": "D'orsogna Premium Ham Off The Bone Shaved From The Deli per kg",
    "WOW Price": 25,
    "WOW Size": "per kg",
    "WOW ppu": "$25.00 / 1KG"
  },
  {
    "Brand_Product_Size": "D'orsogna Premium Ham Off The Bone Shaved From The Deli per kg",
    "WOW Price": 25,
    "WOW Size": "per kg",
    "WOW ppu": "$25.00 / 1KG"
  },
  {
    "Brand_Product_Size": "Vevelle Luxury Soft 2 Ply Toilet Paper 12 pack",
    "WOW Price": 5.5,
    "WOW Size": "12 pack",
    "WOW ppu": "$0.20 / 100SS"
  },
  {
    "Brand_Product_Size": "Disney Frozen Reusable Cold Pack each",
    "WOW Price": 3.2,
    "WOW Size": "each",
    "WOW ppu": ""
  },
  {
    "Brand_Product_Size": "K R Castlemaine Hungarian Salami Shaved Hot From The Deli per kg",
    "WOW Price": 31.5,
    "WOW Size": "per kg",
    "WOW ppu": "$31.50 / 1KG"
  },
  {
    "Brand_Product_Size": "Fresh Salmon Skin On Teriyaki Ginger per kg",
    "WOW Price": 29.5,
    "WOW Size": "per kg",
    "WOW ppu": "$29.50 / 1KG"
  },
  {
    "Brand_Product_Size": "Made With Plants Teriyaki Tofu 200g",
    "WOW Price": 4,
    "WOW Size": "200g",
    "WOW ppu": "$20.00 / 1KG"
  },
  {
    "Brand_Product_Size": "Woolworths Naturally Sweet Pineapple haLf each",
    "WOW Price": 2.34,
    "WOW Size": "haLf each",
    "WOW ppu": "$2.34 / 1EA"
  },
  {
    "Brand_Product_Size": "Tradie Baby Short Sleeve Zipster Boy each",
    "WOW Price": 15,
    "WOW Size": "each",
    "WOW ppu": ""
  },
  {
    "Brand_Product_Size": "Korbond Berry Pins 40 pack",
    "WOW Price": 3,
    "WOW Size": "40 pack",
    "WOW ppu": ""
  },
  {
    "Brand_Product_Size": "Woolworths Mini Extra Soft Hot Cross Buns 9 pack",
    "WOW Price": 3.5,
    "WOW Size": "9 pack",
    "WOW ppu": "$0.39 / 1EA"
  },
  {
    "Brand_Product_Size": "Scunci Easy Cut Appliance Hair Cutting Kit each",
    "WOW Price": 20,
    "WOW Size": "each",
    "WOW ppu": ""
  },
  {
    "Brand_Product_Size": "Band-aid Clear Strips 40 pack",
    "WOW Price": 5,
    "WOW Size": "40 pack",
    "WOW ppu": "$0.13 / 1EA"
  },
  {
    "Brand_Product_Size": "Prime Pantry Nibbles Kangaroo Cat Treats 40g",
    "WOW Price": 3,
    "WOW Size": "40g",
    "WOW ppu": "$7.50 / 100G"
  },
  {
    "Brand_Product_Size": "Fresh Cauliflower haLf each",
    "WOW Price": 2.75,
    "WOW Size": "haLf each",
    "WOW ppu": ""
  },
  {
    "Brand_Product_Size": "Woolworths Corned Beef Shaved per kg",
    "WOW Price": 18,
    "WOW Size": "per kg",
    "WOW ppu": "$18.00 / 1KG"
  },
  {
    "Brand_Product_Size": "Jacob's Creek Sparkling Chardonnay Pinot Noir 3x200mL",
    "WOW Price": 14,
    "WOW Size": "3x200mL",
    "WOW ppu": ""
  },
  {
    "Brand_Product_Size": "Tigi Bed Head Conditioner Dumb Blonde 200mL",
    "WOW Price": 19,
    "WOW Size": "200mL",
    "WOW ppu": "$9.50 / 100ML"
  },
  {
    "Brand_Product_Size": "Ogx Tame & Shine Cream 177mL",
    "WOW Price": 21,
    "WOW Size": "177mL",
    "WOW ppu": "$11.86 / 100ML"
  },
  {
    "Brand_Product_Size": "Inspire Dish Drying Mat 40x45cm each",
    "WOW Price": 6.4,
    "WOW Size": "each",
    "WOW ppu": ""
  },
  {
    "Brand_Product_Size": "Pumpkin Kent Cut each",
    "WOW Price": 2.8,
    "WOW Size": "each",
    "WOW ppu": "$2.80 / 1EA"
  },
  {
    "Brand_Product_Size": "Multix Easy Tear Off Freezer Bags Medium 80 pack",
    "WOW Price": 2.4,
    "WOW Size": "80 pack",
    "WOW ppu": "$0.03 / 1EA"
  },
  {
    "Brand_Product_Size": "Hoyt's Turmeric 25g",
    "WOW Price": 1.5,
    "WOW Size": "25g",
    "WOW ppu": "$0.60 / 10G"
  },
  {
    "Brand_Product_Size": "Woolworths Mixed Nuts Roasted & Salted 750g pack",
    "WOW Price": 15,
    "WOW Size": "750g pack",
    "WOW ppu": "$20.00 / 1KG"
  },
  {
    "Brand_Product_Size": "Korbond Creature Masks 25g",
    "WOW Price": 5,
    "WOW Size": "25g",
    "WOW ppu": "$5.00 / 1EA"
  },
  {
    "Brand_Product_Size": "Comfort Exotic Oriental Fabric Conditioner 750mL",
    "WOW Price": 7,
    "WOW Size": "750mL",
    "WOW ppu": "$9.33 / 1L"
  },
  {
    "Brand_Product_Size": "Peckish Rice Crackers Tangy Bbq 100g",
    "WOW Price": 2.2,
    "WOW Size": "100g",
    "WOW ppu": "$2.20 / 100G"
  },
  {
    "Brand_Product_Size": "Canon Photo Paper 6x4 260gsm 20 sheets",
    "WOW Price": 10,
    "WOW Size": "20 sheets",
    "WOW ppu": ""
  },
  {
    "Brand_Product_Size": "Carman's Crackers Ancient Grain Cracked Pepper 80g",
    "WOW Price": 3.8,
    "WOW Size": "80g",
    "WOW ppu": "$4.75 / 100G"
  },
  {
    "Brand_Product_Size": "Bic Easyglide Pens Black 10 pack",
    "WOW Price": 4,
    "WOW Size": "10 pack",
    "WOW ppu": ""
  },
  {
    "Brand_Product_Size": "India Gate Basmati Exotic 5kg",
    "WOW Price": 20,
    "WOW Size": "5kg",
    "WOW ppu": "$0.40 / 100G"
  },
  {
    "Brand_Product_Size": "Freedom Foods Xo Crunch Berry Flavour 245g",
    "WOW Price": 4,
    "WOW Size": "245g",
    "WOW ppu": "$1.63 / 100G"
  },
  {
    "Brand_Product_Size": "Mcguigan Alcohol Free Sauvignon Blanc 750mL",
    "WOW Price": 11.5,
    "WOW Size": "750mL",
    "WOW ppu": ""
  },
  {
    "Brand_Product_Size": "Mccormicks Organic Paprika Ground 16g",
    "WOW Price": 2,
    "WOW Size": "16g",
    "WOW ppu": "$1.25 / 10G"
  },
  {
    "Brand_Product_Size": "John Frieda Violet Crush Purple Shampoo 250mL",
    "WOW Price": 18,
    "WOW Size": "250mL",
    "WOW ppu": "$7.20 / 100ML"
  },
  {
    "Brand_Product_Size": "Biozet Attack Plus Odour Eliminator Liquid 1L",
    "WOW Price": 12,
    "WOW Size": "1L",
    "WOW ppu": "$12.00 / 1L"
  },
  {
    "Brand_Product_Size": "Applaws Cat Food Cuisine Selection 8x70g",
    "WOW Price": 14,
    "WOW Size": "8x70g",
    "WOW ppu": "$2.50 / 100G"
  },
  {
    "Brand_Product_Size": "Arnott's Tim Tam Classic Dark 200g",
    "WOW Price": 4,
    "WOW Size": "200g",
    "WOW ppu": "$2.00 / 100G"
  },
  {
    "Brand_Product_Size": "Tuckers Fruit & Seeded Crackers Mixed Berry, Poppy & Pepita 100g",
    "WOW Price": 4,
    "WOW Size": "100g",
    "WOW ppu": "$4.00 / 100G"
  },
  {
    "Brand_Product_Size": "Korbond Orb Foil Balloons Assorted 3 pack",
    "WOW Price": 8,
    "WOW Size": "3 pack",
    "WOW ppu": "$2.67 / 1EA"
  },
  {
    "Brand_Product_Size": "Katoomba Ginger 1kg",
    "WOW Price": 4.5,
    "WOW Size": "1kg",
    "WOW ppu": "$0.05 / 10G"
  },
  {
    "Brand_Product_Size": "Woolworths Apricot Halves In Juice Apricot 410g",
    "WOW Price": 2,
    "WOW Size": "410g",
    "WOW ppu": "$4.88 / 1KG"
  },
  {
    "Brand_Product_Size": "Continental Value Pack Pasta & Sauce Macaroni Cheese 170g",
    "WOW Price": 3,
    "WOW Size": "170g",
    "WOW ppu": "$1.76 / 100G"
  },
  {
    "Brand_Product_Size": "Ayam Hawker Mee Goreng 205g",
    "WOW Price": 3.5,
    "WOW Size": "205g",
    "WOW ppu": "$1.71 / 100G"
  },
  {
    "Brand_Product_Size": "Mckenzie's Dried Veg Yellow Split Peas 500g",
    "WOW Price": 1.45,
    "WOW Size": "500g",
    "WOW ppu": "$2.90 / 1KG"
  },
  {
    "Brand_Product_Size": "Dove Shampoo Dermacare Anti Dandruff Coconut & Hydration 300mL",
    "WOW Price": 5.5,
    "WOW Size": "300mL",
    "WOW ppu": "$1.83 / 100ML"
  },
  {
    "Brand_Product_Size": "L'oreal Excellence Creme Hair Colour 5.6 Rich Auburn each",
    "WOW Price": 16,
    "WOW Size": "each",
    "WOW ppu": ""
  },
  {
    "Brand_Product_Size": "Oral-b Pro Health Fluoride Toothpaste Advanced Deep Clean Mint 110g",
    "WOW Price": 3.49,
    "WOW Size": "110g",
    "WOW ppu": "$3.17 / 100G"
  },
  {
    "Brand_Product_Size": "Vicks Vapo Drops + Immune Support Orange 16 pack",
    "WOW Price": 6.4,
    "WOW Size": "16 pack",
    "WOW ppu": "$0.40 / 1EA"
  },
  {
    "Brand_Product_Size": "Coco Earth Ghee Butter 250mL",
    "WOW Price": 4,
    "WOW Size": "250mL",
    "WOW ppu": "$1.60 / 100ML"
  },
  {
    "Brand_Product_Size": "Woolworths Auto Open Solid Umbrella Black each",
    "WOW Price": 12.95,
    "WOW Size": "each",
    "WOW ppu": ""
  },
  {
    "Brand_Product_Size": "Uncle Tobys Le Snak Cheddar Cheese Dip & Crackers 6 pack",
    "WOW Price": 4.7,
    "WOW Size": "6 pack",
    "WOW ppu": "$3.56 / 100G"
  },
  {
    "Brand_Product_Size": "Uncle Tobys Le Snak Cheddar Cheese Dip & Crackers 6 pack",
    "WOW Price": 4.7,
    "WOW Size": "6 pack",
    "WOW ppu": "$3.56 / 100G"
  },
  {
    "Brand_Product_Size": "Uncle Tobys Le Snak Cheddar Cheese Dip & Crackers 6 pack",
    "WOW Price": 4.7,
    "WOW Size": "6 pack",
    "WOW ppu": "$3.56 / 100G"
  },
  {
    "Brand_Product_Size": "V Energy Drink 6x275mL",
    "WOW Price": 12.8,
    "WOW Size": "6x275mL",
    "WOW ppu": "$7.76 / 1L"
  },
  {
    "Brand_Product_Size": "Carefree Flexia Regular Tampons 32 pack",
    "WOW Price": 7,
    "WOW Size": "32 pack",
    "WOW ppu": "$0.22 / 1EA"
  },
  {
    "Brand_Product_Size": "Tiao Hu Oyster Sauce 320mL",
    "WOW Price": 2.3,
    "WOW Size": "320mL",
    "WOW ppu": "$0.72 / 100ML"
  },
  {
    "Brand_Product_Size": "Woolworths Onions Cocktail 500g",
    "WOW Price": 2.5,
    "WOW Size": "500g",
    "WOW ppu": "$5.00 / 1KG"
  },
  {
    "Brand_Product_Size": "Golden Circle Orange Fruit Drink 1L",
    "WOW Price": 2.25,
    "WOW Size": "1L",
    "WOW ppu": "$2.25 / 1L"
  },
  {
    "Brand_Product_Size": "Bundaberg Diet Ginger Beer 4x375mL",
    "WOW Price": 6.35,
    "WOW Size": "4x375mL",
    "WOW ppu": "$4.23 / 1L"
  },
  {
    "Brand_Product_Size": "Korbond Fashion Tape Stripes & Shapes each",
    "WOW Price": 10,
    "WOW Size": "each",
    "WOW ppu": ""
  },
  {
    "Brand_Product_Size": "Korbond Dressmaker Pins 350 pack",
    "WOW Price": 4,
    "WOW Size": "350 pack",
    "WOW ppu": ""
  },
  {
    "Brand_Product_Size": "Korbond Silicone Nipple Covers each",
    "WOW Price": 10,
    "WOW Size": "each",
    "WOW ppu": ""
  },
  {
    "Brand_Product_Size": "Seatease Toilet Seat Cover Disposable 10 pack",
    "WOW Price": 3,
    "WOW Size": "10 pack",
    "WOW ppu": "$0.30 / 1EA"
  },
  {
    "Brand_Product_Size": "Maggi Beef Goulash Recipe Base 33g",
    "WOW Price": 1.75,
    "WOW Size": "33g",
    "WOW ppu": "$5.30 / 100G"
  },
  {
    "Brand_Product_Size": "Mud Soft Touch Matte Finish Foundation 01 Ivory 25mL",
    "WOW Price": 8,
    "WOW Size": "25mL",
    "WOW ppu": "$3.20 / 10ML"
  },
  {
    "Brand_Product_Size": "L'oreal Paris True Match Concealer 3w Golden Beige 6.8mL",
    "WOW Price": 10,
    "WOW Size": "6.8mL",
    "WOW ppu": "$14.71 / 10ML"
  },
  {
    "Brand_Product_Size": "Schick Razor Blades Ultra Plus 5 pack",
    "WOW Price": 7.4,
    "WOW Size": "5 pack",
    "WOW ppu": "$1.48 / 1EA"
  },
  {
    "Brand_Product_Size": "Woolworths Tomato Paste Pizza Squeeze Bottle 415g",
    "WOW Price": 2,
    "WOW Size": "415g",
    "WOW ppu": "$0.48 / 100G"
  },
  {
    "Brand_Product_Size": "Biostime Sn-2 Bio Plus Premium Organic Infant Formula Stage 1 800g",
    "WOW Price": 37,
    "WOW Size": "800g",
    "WOW ppu": "$4.63 / 100G"
  },
  {
    "Brand_Product_Size": "Calidad Epson 220 Xl Bcmy 4 pack",
    "WOW Price": 59,
    "WOW Size": "4 pack",
    "WOW ppu": ""
  },
  {
    "Brand_Product_Size": "Global Organics Chickpeas Chickpeas 400g",
    "WOW Price": 2,
    "WOW Size": "400g",
    "WOW ppu": "$5.00 / 1KG"
  },
  {
    "Brand_Product_Size": "Sanitarium Up&go Liquid Breakfast Choc Ice 12 pack",
    "WOW Price": 14,
    "WOW Size": "12 pack",
    "WOW ppu": "$4.67 / 1L"
  },
  {
    "Brand_Product_Size": "Sanitarium Up&go Liquid Breakfast Choc Ice 12 pack",
    "WOW Price": 14,
    "WOW Size": "12 pack",
    "WOW ppu": "$4.67 / 1L"
  },
  {
    "Brand_Product_Size": "Global Organics Mixed Bean Salad 400g",
    "WOW Price": 2,
    "WOW Size": "400g",
    "WOW ppu": "$5.00 / 1KG"
  },
  {
    "Brand_Product_Size": "Marion's Kitchen Coconut Sriracha 360mL",
    "WOW Price": 5,
    "WOW Size": "360mL",
    "WOW ppu": "$1.39 / 100ML"
  },
  {
    "Brand_Product_Size": "Continental Soup Sensations Harvest Pumpkin & Sour Cream 70g",
    "WOW Price": 2.5,
    "WOW Size": "70g",
    "WOW ppu": "$3.57 / 100G"
  },
  {
    "Brand_Product_Size": "Bondi Sands Spf50+ Fragrance Free Sunscreen Lotion 500mL",
    "WOW Price": 25,
    "WOW Size": "500mL",
    "WOW ppu": "$5.00 / 100ML"
  },
  {
    "Brand_Product_Size": "Underworks Underwear Womens Classic Full Brief Size 16 2 pack",
    "WOW Price": 10,
    "WOW Size": "2 pack",
    "WOW ppu": ""
  },
  {
    "Brand_Product_Size": "Oral-b Prohealth Refreshing Clean Toothpaste 200g",
    "WOW Price": 8,
    "WOW Size": "200g",
    "WOW ppu": "$4.00 / 100G"
  },
  {
    "Brand_Product_Size": "Ayam Hawker Pad See Ew 205g",
    "WOW Price": 3.5,
    "WOW Size": "205g",
    "WOW ppu": "$1.71 / 100G"
  },
  {
    "Brand_Product_Size": "Essentials Packet Soup Mix French Onion 40g",
    "WOW Price": 0.45,
    "WOW Size": "40g",
    "WOW ppu": "$1.13 / 100G"
  },
  {
    "Brand_Product_Size": "Maggi So Crispy Classic Chicken Recipe Base 85g",
    "WOW Price": 2,
    "WOW Size": "85g",
    "WOW ppu": "$2.35 / 100G"
  },
  {
    "Brand_Product_Size": "Bonds Low Cut Heel Grip Footlets Nude each",
    "WOW Price": 6,
    "WOW Size": "each",
    "WOW ppu": ""
  },
  {
    "Brand_Product_Size": "Just Caught Garlic Prawns 500g",
    "WOW Price": 14.5,
    "WOW Size": "500g",
    "WOW ppu": "$29.00 / 1KG"
  },
  {
    "Brand_Product_Size": "Rufus & Coco Jungle Buddies Dog Toy each",
    "WOW Price": 15,
    "WOW Size": "each",
    "WOW ppu": "$15.00 / 1EA"
  },
  {
    "Brand_Product_Size": "My Eco Bag Compostable Bin Bags Large 36l 25 pack",
    "WOW Price": 8.7,
    "WOW Size": "25 pack",
    "WOW ppu": "$0.35 / 1EA"
  },
  {
    "Brand_Product_Size": "Heng Shun Rice Vinegar 9 Degree 500mL",
    "WOW Price": 2.7,
    "WOW Size": "500mL",
    "WOW ppu": "$0.54 / 100ML"
  },
  {
    "Brand_Product_Size": "Thankyou. Jumbo Nappies Crawler 6-11kg 90ea",
    "WOW Price": 28,
    "WOW Size": "90ea",
    "WOW ppu": "$0.31 / 1EA"
  },
  {
    "Brand_Product_Size": "Valcom Paste Tom Yum 210g",
    "WOW Price": 3.2,
    "WOW Size": "210g",
    "WOW ppu": "$1.52 / 100G"
  },
  {
    "Brand_Product_Size": "Betadine Concentrated Sore Throat Gargle 15mL",
    "WOW Price": 12,
    "WOW Size": "15mL",
    "WOW ppu": "$80.00 / 100ML"
  },
  {
    "Brand_Product_Size": "Allen's Xxx Mints 45g",
    "WOW Price": 1.5,
    "WOW Size": "45g",
    "WOW ppu": "$3.33 / 100G"
  },
  {
    "Brand_Product_Size": "Club Orange Soft Drink 330mL",
    "WOW Price": 2.4,
    "WOW Size": "330mL",
    "WOW ppu": "$0.73 / 100ML"
  },
  {
    "Brand_Product_Size": "Initial Brewing Craft Xpa Cans 4x6x375mL",
    "WOW Price": 63,
    "WOW Size": "4x6x375mL",
    "WOW ppu": ""
  },
  {
    "Brand_Product_Size": "Initial Brewing Craft Xpa Cans 375mL x6 pack",
    "WOW Price": 19,
    "WOW Size": "375mL x6 pack",
    "WOW ppu": ""
  },
  {
    "Brand_Product_Size": "Savu Bamboo Pulp Plates 10 pack",
    "WOW Price": 2.5,
    "WOW Size": "10 pack",
    "WOW ppu": ""
  },
  {
    "Brand_Product_Size": "Armada Pattern Paper Plates 10 pack",
    "WOW Price": 3,
    "WOW Size": "10 pack",
    "WOW ppu": ""
  },
  {
    "Brand_Product_Size": "Armada Metallic Paper Plates Assorted 10 pack",
    "WOW Price": 4,
    "WOW Size": "10 pack",
    "WOW ppu": "$0.40 / 1EA"
  },
  {
    "Brand_Product_Size": "Armada Paper Straws 20 pack",
    "WOW Price": 2,
    "WOW Size": "20 pack",
    "WOW ppu": ""
  },
  {
    "Brand_Product_Size": "Armada Unicorn Paper Straws 20 pack",
    "WOW Price": 2,
    "WOW Size": "20 pack",
    "WOW ppu": ""
  },
  {
    "Brand_Product_Size": "Colgate Total Advanced Clean Fluoride Antibacterial Toothpaste 115g",
    "WOW Price": 4,
    "WOW Size": "115g",
    "WOW ppu": "$3.48 / 100G"
  },
  {
    "Brand_Product_Size": "Celco Wooden Ruler Metric Drilled 30cm each",
    "WOW Price": 1.1,
    "WOW Size": "30cm each",
    "WOW ppu": ""
  },
  {
    "Brand_Product_Size": "King Island Surprise Bay Cheddar Cheese per kg",
    "WOW Price": 42,
    "WOW Size": "per kg",
    "WOW ppu": "$42.00 / 1KG"
  },
  {
    "Brand_Product_Size": "King Island Surprise Bay Cheddar Cheese per kg",
    "WOW Price": 42,
    "WOW Size": "per kg",
    "WOW ppu": "$42.00 / 1KG"
  },
  {
    "Brand_Product_Size": "Eta Dressings Potato Salad 365g",
    "WOW Price": 3.6,
    "WOW Size": "365g",
    "WOW ppu": "$0.99 / 100G"
  },
  {
    "Brand_Product_Size": "Twinings Extra Strong English Breakfast Tea Bags 80 pack",
    "WOW Price": 11.2,
    "WOW Size": "80 pack",
    "WOW ppu": "$0.14 / 1EA"
  },
  {
    "Brand_Product_Size": "Twinings Extra Strong English Breakfast Tea Bags 80 pack",
    "WOW Price": 11.2,
    "WOW Size": "80 pack",
    "WOW ppu": "$0.14 / 1EA"
  },
  {
    "Brand_Product_Size": "Maggi 2 Minute Instant Value Pack Noodles Beef 12 pack",
    "WOW Price": 8,
    "WOW Size": "12 pack",
    "WOW ppu": "$0.90 / 100G"
  },
  {
    "Brand_Product_Size": "Maggi Stir Fry Creations Honey, Soy & Garlic Chicken 150g",
    "WOW Price": 3,
    "WOW Size": "150g",
    "WOW ppu": "$2.00 / 100G"
  },
  {
    "Brand_Product_Size": "All Smiles Herbal Toothpaste 110g",
    "WOW Price": 2.1,
    "WOW Size": "110g",
    "WOW ppu": "$1.91 / 100G"
  },
  {
    "Brand_Product_Size": "D'lish Ready To Eat Chicken Biryani 275g",
    "WOW Price": 5.5,
    "WOW Size": "275g",
    "WOW ppu": "$2.00 / 100G"
  },
  {
    "Brand_Product_Size": "Nivea Mattifying Day Cream Combination To Oily Skin 50mL",
    "WOW Price": 11,
    "WOW Size": "50mL",
    "WOW ppu": "$22.00 / 100ML"
  },
  {
    "Brand_Product_Size": "Chevron Lithium Cr2016 Batteries 6 pack",
    "WOW Price": 8,
    "WOW Size": "6 pack",
    "WOW ppu": "$1.33 / 1EA"
  },
  {
    "Brand_Product_Size": "Colourhide Disney Mickey Mouse A5 120 Page Notebook each",
    "WOW Price": 5,
    "WOW Size": "each",
    "WOW ppu": ""
  },
  {
    "Brand_Product_Size": "Oral-b Pro-health Advanced Gum Protect Toothpaste 110g",
    "WOW Price": 3.5,
    "WOW Size": "110g",
    "WOW ppu": "$3.18 / 100G"
  },
  {
    "Brand_Product_Size": "Maggi Beef Stroganoff Recipe Base 47g",
    "WOW Price": 1.75,
    "WOW Size": "47g",
    "WOW ppu": "$4.27 / 100G"
  },
  {
    "Brand_Product_Size": "Oral-b Pro Gumcare And Whitening Toothpaste 110g",
    "WOW Price": 7,
    "WOW Size": "110g",
    "WOW ppu": "$6.36 / 100G"
  },
  {
    "Brand_Product_Size": "Biopak Biocutlery Bamboo Chopsticks 16cm 20 pack",
    "WOW Price": 1.5,
    "WOW Size": "20 pack",
    "WOW ppu": ""
  },
  {
    "Brand_Product_Size": "Aeroplane Jelly Lite Strawberry 2x9g",
    "WOW Price": 1.8,
    "WOW Size": "2x9g",
    "WOW ppu": "$10.00 / 100G"
  },
  {
    "Brand_Product_Size": "Mint Stoneware Ramekin each",
    "WOW Price": 2.4,
    "WOW Size": "each",
    "WOW ppu": ""
  },
  {
    "Brand_Product_Size": "Twinings English Breakfast Tea Bags 10 pack",
    "WOW Price": 2.9,
    "WOW Size": "10 pack",
    "WOW ppu": "$0.29 / 1EA"
  },
  {
    "Brand_Product_Size": "Twinings English Breakfast Tea Bags 10 pack",
    "WOW Price": 2.9,
    "WOW Size": "10 pack",
    "WOW ppu": "$0.29 / 1EA"
  },
  {
    "Brand_Product_Size": "John West Salmon Red 415g",
    "WOW Price": 13,
    "WOW Size": "415g",
    "WOW ppu": "$31.33 / 1KG"
  },
  {
    "Brand_Product_Size": "The Diva Cup Model 1 each",
    "WOW Price": 45,
    "WOW Size": "each",
    "WOW ppu": "$45.00 / 1EA"
  },
  {
    "Brand_Product_Size": "Oral-b Cross Action Charcoal Manual Toothbrush 3 pack",
    "WOW Price": 12,
    "WOW Size": "3 pack",
    "WOW ppu": "$4.00 / 1EA"
  },
  {
    "Brand_Product_Size": "Edgell Peas Green 420g",
    "WOW Price": 1.45,
    "WOW Size": "420g",
    "WOW ppu": "$3.45 / 1KG"
  },
  {
    "Brand_Product_Size": "Red Seal Whitening Toothpaste 100g",
    "WOW Price": 6,
    "WOW Size": "100g",
    "WOW ppu": "$6.00 / 100G"
  },
  {
    "Brand_Product_Size": "Devondale Vital Kids Vitamin Milk Berry Tuff 3 pack",
    "WOW Price": 3,
    "WOW Size": "3 pack",
    "WOW ppu": "$5.00 / 1L"
  },
  {
    "Brand_Product_Size": "Glade Hang It Fresh Cool Fresh 8g",
    "WOW Price": 2.5,
    "WOW Size": "8g",
    "WOW ppu": "$3.13 / 10G"
  },
  {
    "Brand_Product_Size": "Masterfoods Lamb Casserole Slow Cook Recipe Base 175g",
    "WOW Price": 2.2,
    "WOW Size": "175g",
    "WOW ppu": "$1.26 / 100G"
  },
  {
    "Brand_Product_Size": "Deep Cove Red Salmon 105g",
    "WOW Price": 3.7,
    "WOW Size": "105g",
    "WOW ppu": "$35.24 / 1KG"
  },
  {
    "Brand_Product_Size": "Britannia Bourbon Chocolate Biscuits 390g",
    "WOW Price": 3,
    "WOW Size": "390g",
    "WOW ppu": "$0.77 / 100G"
  },
  {
    "Brand_Product_Size": "Skittles Fruits Lollies Large Bag 200g",
    "WOW Price": 2.25,
    "WOW Size": "200g",
    "WOW ppu": "$1.13 / 100G"
  },
  {
    "Brand_Product_Size": "Schwarzkopf Root Retoucher Dark Blonde 70g",
    "WOW Price": 18,
    "WOW Size": "70g",
    "WOW ppu": "$25.71 / 100G"
  },
  {
    "Brand_Product_Size": "Paperclick School Glue 500mL",
    "WOW Price": 6,
    "WOW Size": "500mL",
    "WOW ppu": ""
  },
  {
    "Brand_Product_Size": "Deeko Entertainer Serving Plastic Steak Plate Oval 8 pack",
    "WOW Price": 4,
    "WOW Size": "8 pack",
    "WOW ppu": "$0.50 / 1EA"
  },
  {
    "Brand_Product_Size": "Chris' Spicy Jalapeno Dip & Spread 200g",
    "WOW Price": 3.5,
    "WOW Size": "200g",
    "WOW ppu": "$1.75 / 100G"
  },
  {
    "Brand_Product_Size": "Meander Valley Creme Fraiche Traditional Style 200mL",
    "WOW Price": 4.15,
    "WOW Size": "200mL",
    "WOW ppu": "$2.08 / 100ML"
  },
  {
    "Brand_Product_Size": "Nudie Nothing But Apple, Mango, Passionfruit & Pineapple Juice 2L",
    "WOW Price": 6.5,
    "WOW Size": "2L",
    "WOW ppu": "$3.25 / 1L"
  },
  {
    "Brand_Product_Size": "Slasher Organic Weed Killer Concentrate 500mL",
    "WOW Price": 20,
    "WOW Size": "500mL",
    "WOW ppu": "$4,000.00 / 100L"
  },
  {
    "Brand_Product_Size": "Mccormicks Keens Curried Sausages 40g",
    "WOW Price": 1.5,
    "WOW Size": "40g",
    "WOW ppu": "$3.75 / 100G"
  },
  {
    "Brand_Product_Size": "Patak's Cashew Masala Curry Simmer Sauce 450g",
    "WOW Price": 3.5,
    "WOW Size": "450g",
    "WOW ppu": "$0.78 / 100G"
  },
  {
    "Brand_Product_Size": "Heinz Soup Big Chunky Hearty Irish Stew 535g",
    "WOW Price": 2,
    "WOW Size": "535g",
    "WOW ppu": "$0.37 / 100G"
  },
  {
    "Brand_Product_Size": "Swisse Ultiboost High Strength Vitamin C Effervescent 60 tabLets",
    "WOW Price": 33,
    "WOW Size": "60 tabLets",
    "WOW ppu": "$55.00 / 100EA"
  },
  {
    "Brand_Product_Size": "Olay Anti Wrinkle Provital Night Cream For Mature Skin 50g",
    "WOW Price": 12.25,
    "WOW Size": "50g",
    "WOW ppu": "$24.50 / 100G"
  },
  {
    "Brand_Product_Size": "Thawed Imp Perch Nile Fillets Teriyaki Ginger per kg",
    "WOW Price": 14,
    "WOW Size": "per kg",
    "WOW ppu": "$14.00 / 1KG"
  },
  {
    "Brand_Product_Size": "Cottee's Cordial Apple & Rasp No Added Sugar 1L",
    "WOW Price": 4.2,
    "WOW Size": "1L",
    "WOW ppu": "$4.20 / 1L"
  },
  {
    "Brand_Product_Size": "Safcol Responsibly Fished Tuna In Spring Water 425g",
    "WOW Price": 4,
    "WOW Size": "425g",
    "WOW ppu": "$9.41 / 1KG"
  },
  {
    "Brand_Product_Size": "Fancy Feast Adult Medleys Turkey Tuscany Savory Sauce Wet Cat Food 85g",
    "WOW Price": 1.75,
    "WOW Size": "85g",
    "WOW ppu": "$2.06 / 100G"
  },
  {
    "Brand_Product_Size": "Paperclick Fake Leather Hard Cover Notebook each",
    "WOW Price": 6,
    "WOW Size": "each",
    "WOW ppu": ""
  },
  {
    "Brand_Product_Size": "Jackson Outbound Travel Adaptor India each",
    "WOW Price": 8.5,
    "WOW Size": "each",
    "WOW ppu": ""
  },
  {
    "Brand_Product_Size": "Passage To Asia Green Thai Sauce 200g",
    "WOW Price": 3,
    "WOW Size": "200g",
    "WOW ppu": "$1.50 / 100G"
  },
  {
    "Brand_Product_Size": "Nature Nate's 100% Pure Organic Australian Raw & Unfiltered Honey 400g",
    "WOW Price": 9.8,
    "WOW Size": "400g",
    "WOW ppu": "$2.45 / 100G"
  },
  {
    "Brand_Product_Size": "Freshwater Basa Fillets Teriyaki Ginger per kg",
    "WOW Price": 10,
    "WOW Size": "per kg",
    "WOW ppu": "$10.00 / 1KG"
  },
  {
    "Brand_Product_Size": "Essentials Sheer Knee High Stocking Black One Size 4 pack",
    "WOW Price": 4,
    "WOW Size": "4 pack",
    "WOW ppu": ""
  },
  {
    "Brand_Product_Size": "Macro Organic Spaghetti In Tomato Sauce 420g",
    "WOW Price": 1,
    "WOW Size": "420g",
    "WOW ppu": "$0.24 / 100G"
  },
  {
    "Brand_Product_Size": "Csr White Sugar Sticks 50 pack 150g",
    "WOW Price": 2.75,
    "WOW Size": "50 pack 150g",
    "WOW ppu": "$1.83 / 100G"
  },
  {
    "Brand_Product_Size": "Hot Kids Ball Cake Honey Flavour 210g",
    "WOW Price": 3.5,
    "WOW Size": "210g",
    "WOW ppu": "$1.67 / 100G"
  },
  {
    "Brand_Product_Size": "Hot Kids Ball Cake Honey Flavour 210g",
    "WOW Price": 3.5,
    "WOW Size": "210g",
    "WOW ppu": "$1.67 / 100G"
  },
  {
    "Brand_Product_Size": "Optimum Adult With Chicken Vegetables & Rice Dry Dog Food 7kg",
    "WOW Price": 24.5,
    "WOW Size": "7kg",
    "WOW ppu": "$0.35 / 100G"
  },
  {
    "Brand_Product_Size": "Kan Tong Thai Green Curry Meal Base Pouch 175g",
    "WOW Price": 2.9,
    "WOW Size": "175g",
    "WOW ppu": "$1.66 / 100G"
  },
  {
    "Brand_Product_Size": "Gravox Gravy Traditional 29g",
    "WOW Price": 1.1,
    "WOW Size": "29g",
    "WOW ppu": "$0.38 / 10G"
  },
  {
    "Brand_Product_Size": "Just Foods Crushed Garlic Organic 185g",
    "WOW Price": 2.99,
    "WOW Size": "185g",
    "WOW ppu": "$0.16 / 10G"
  },
  {
    "Brand_Product_Size": "Fry's Chocolate Cream 49g",
    "WOW Price": 2.6,
    "WOW Size": "49g",
    "WOW ppu": "$5.31 / 100G"
  },
  {
    "Brand_Product_Size": "San Remo Gluten Free Fettucine 350g",
    "WOW Price": 4.2,
    "WOW Size": "350g",
    "WOW ppu": "$1.20 / 100G"
  },
  {
    "Brand_Product_Size": "Disney Minnie Mouse Cat Toy each",
    "WOW Price": 15,
    "WOW Size": "each",
    "WOW ppu": "$15.00 / 1EA"
  },
  {
    "Brand_Product_Size": "Aeroplane Jelly Naturals Blackcurrant 85g",
    "WOW Price": 1.25,
    "WOW Size": "85g",
    "WOW ppu": "$1.47 / 100G"
  },
  {
    "Brand_Product_Size": "Macro Dried Mixed Fruit 400g",
    "WOW Price": 5,
    "WOW Size": "400g",
    "WOW ppu": "$12.50 / 1KG"
  },
  {
    "Brand_Product_Size": "Prima Singapore Laksa La Mian 178g",
    "WOW Price": 4.5,
    "WOW Size": "178g",
    "WOW ppu": "$2.53 / 100G"
  },
  {
    "Brand_Product_Size": "Yates Insect Killer For Lawns 800g",
    "WOW Price": 10,
    "WOW Size": "800g",
    "WOW ppu": "$1.25 / 100G"
  },
  {
    "Brand_Product_Size": "Mint Stainless Steel Knifes 4 pack",
    "WOW Price": 6,
    "WOW Size": "4 pack",
    "WOW ppu": ""
  },
  {
    "Brand_Product_Size": "Chicken Tonight Pub Favourites Chicken Bbq Wings Cooking Sauce 500g",
    "WOW Price": 2.5,
    "WOW Size": "500g",
    "WOW ppu": "$0.50 / 100G"
  },
  {
    "Brand_Product_Size": "Glad To Be Green 50% Plant Based Cling Wrap 50m each",
    "WOW Price": 4,
    "WOW Size": "each",
    "WOW ppu": "$0.08 / 1M"
  },
  {
    "Brand_Product_Size": "Miller Chill Lager Bottles 6x330mL pack",
    "WOW Price": 21.3,
    "WOW Size": "6x330mL pack",
    "WOW ppu": ""
  },
  {
    "Brand_Product_Size": "Protea Foods Biltong Peri Peri South African Mini Sticks 30g",
    "WOW Price": 3.9,
    "WOW Size": "30g",
    "WOW ppu": "$13.00 / 100G"
  },
  {
    "Brand_Product_Size": "Maltesers Pouch 280g",
    "WOW Price": 6,
    "WOW Size": "280g",
    "WOW ppu": "$2.14 / 100G"
  },
  {
    "Brand_Product_Size": "Naturopathica Fat Blaster Raspberry Shake 430g",
    "WOW Price": 20,
    "WOW Size": "430g",
    "WOW ppu": "$4.65 / 100G"
  },
  {
    "Brand_Product_Size": "Aunt Betty's Golden Syrup Steamy Puds 2x95g",
    "WOW Price": 4,
    "WOW Size": "2x95g",
    "WOW ppu": "$2.11 / 100G"
  },
  {
    "Brand_Product_Size": "Campbell's Canned Soup Cream Of Celery 410g",
    "WOW Price": 1.7,
    "WOW Size": "410g",
    "WOW ppu": "$0.41 / 100G"
  },
  {
    "Brand_Product_Size": "Ecostore Whitening Toothpaste 100g",
    "WOW Price": 7,
    "WOW Size": "100g",
    "WOW ppu": "$7.00 / 100G"
  },
  {
    "Brand_Product_Size": "Mccormicks Organic Tumericground 17g",
    "WOW Price": 2,
    "WOW Size": "17g",
    "WOW ppu": "$1.18 / 10G"
  },
  {
    "Brand_Product_Size": "Inspire Basket Large Assorted Colours each",
    "WOW Price": 12,
    "WOW Size": "each",
    "WOW ppu": ""
  },
  {
    "Brand_Product_Size": "Tetley Cold Infusions 4 Flavour Multipack 4 pack",
    "WOW Price": 2,
    "WOW Size": "4 pack",
    "WOW ppu": "$0.50 / 1EA"
  },
  {
    "Brand_Product_Size": "Ogx Shampoo Renewing Argan Oil Of Morocco 385mL",
    "WOW Price": 20,
    "WOW Size": "385mL",
    "WOW ppu": "$5.19 / 100ML"
  },
  {
    "Brand_Product_Size": "Olsent Led Gls Es 6w 500lm Cw 2 pack",
    "WOW Price": 10,
    "WOW Size": "2 pack",
    "WOW ppu": "$5.00 / 1EA"
  },
  {
    "Brand_Product_Size": "Yumi's Ocean Trout Fillet W Lemon & Black Pepper 100g",
    "WOW Price": 7.5,
    "WOW Size": "100g",
    "WOW ppu": "$75.00 / 1KG"
  },
  {
    "Brand_Product_Size": "Crave Dry Dog Food Salmon & Ocean Fish 2.8kg",
    "WOW Price": 25,
    "WOW Size": "2.8kg",
    "WOW ppu": "$0.89 / 100G"
  },
  {
    "Brand_Product_Size": "Woolworths Crushed Chilli 230g",
    "WOW Price": 2.8,
    "WOW Size": "230g",
    "WOW ppu": "$0.12 / 10G"
  },
  {
    "Brand_Product_Size": "Heinz Baked Beans Tomato Sauce 300g",
    "WOW Price": 2,
    "WOW Size": "300g",
    "WOW ppu": "$0.67 / 100G"
  },
  {
    "Brand_Product_Size": "Yumi's Roasted Pumpkin Hommus 200g",
    "WOW Price": 4,
    "WOW Size": "200g",
    "WOW ppu": "$2.00 / 100G"
  },
  {
    "Brand_Product_Size": "Hime Dried Green Tea Noodle 640g",
    "WOW Price": 5.5,
    "WOW Size": "640g",
    "WOW ppu": "$0.86 / 100G"
  },
  {
    "Brand_Product_Size": "Glow Lab Volumising Conditioner 300mL",
    "WOW Price": 18,
    "WOW Size": "300mL",
    "WOW ppu": "$6.00 / 100ML"
  },
  {
    "Brand_Product_Size": "Taj Classic Basmati Rice 5kg",
    "WOW Price": 15,
    "WOW Size": "5kg",
    "WOW ppu": "$0.30 / 100G"
  },
  {
    "Brand_Product_Size": "Olsent Led Downlight 8w 800lm Dimmable Cw With Flex & Plug 90mL",
    "WOW Price": 13,
    "WOW Size": "90mL",
    "WOW ppu": "$13.00 / 1EA"
  },
  {
    "Brand_Product_Size": "Cenovis Cold Sore Complex Tablets 30 pack",
    "WOW Price": 14,
    "WOW Size": "30 pack",
    "WOW ppu": "$46.67 / 100EA"
  },
  {
    "Brand_Product_Size": "Mersey Valley Original Cheddar Cheese 235g",
    "WOW Price": 5.5,
    "WOW Size": "235g",
    "WOW ppu": "$23.40 / 1KG"
  },
  {
    "Brand_Product_Size": "Mersey Valley Original Cheddar Cheese 235g",
    "WOW Price": 5.5,
    "WOW Size": "235g",
    "WOW ppu": "$23.40 / 1KG"
  },
  {
    "Brand_Product_Size": "Banana Boat Spf 50+ Sunscreen Sensitive 200g",
    "WOW Price": 16.5,
    "WOW Size": "200g",
    "WOW ppu": "$8.25 / 100G"
  },
  {
    "Brand_Product_Size": "Mud Soft Touch Matte Finish Foundation 04 Golden Natural 25mL",
    "WOW Price": 8,
    "WOW Size": "25mL",
    "WOW ppu": "$3.20 / 10ML"
  },
  {
    "Brand_Product_Size": "Prime Pantry Nibbles Salmon Cat Treats 40g",
    "WOW Price": 3,
    "WOW Size": "40g",
    "WOW ppu": "$7.50 / 100G"
  },
  {
    "Brand_Product_Size": "Wiltshire Tart Quiche Pan 25cm each",
    "WOW Price": 12,
    "WOW Size": "each",
    "WOW ppu": ""
  },
  {
    "Brand_Product_Size": "Vetta Smart Protein Self Raising Flour 1kg",
    "WOW Price": 3.6,
    "WOW Size": "1kg",
    "WOW ppu": "$3.60 / 1KG"
  },
  {
    "Brand_Product_Size": "Lucky Oven Roasted Almonds & Yoghurt Sultanas 6 pack",
    "WOW Price": 6.4,
    "WOW Size": "6 pack",
    "WOW ppu": "$35.56 / 1KG"
  },
  {
    "Brand_Product_Size": "Dolmio Extra Bolognese Tomato Pasta Sauce 500g",
    "WOW Price": 2.9,
    "WOW Size": "500g",
    "WOW ppu": "$0.58 / 100G"
  },
  {
    "Brand_Product_Size": "Cuddly Extra Care Fabric Conditioner Sunshine Boost 850mL",
    "WOW Price": 10,
    "WOW Size": "850mL",
    "WOW ppu": "$1.18 / 100ML"
  },
  {
    "Brand_Product_Size": "Bekaa Labneh Lebanese Yoghurt 1kg",
    "WOW Price": 9.6,
    "WOW Size": "1kg",
    "WOW ppu": "$0.96 / 100G"
  },
  {
    "Brand_Product_Size": "Woolworths Cream Cheese Block 225g",
    "WOW Price": 3,
    "WOW Size": "225g",
    "WOW ppu": "$13.33 / 1KG"
  },
  {
    "Brand_Product_Size": "Bertocchi Premium Boneless Leg Ham Shaved From The Deli per kg",
    "WOW Price": 27,
    "WOW Size": "per kg",
    "WOW ppu": "$27.00 / 1KG"
  },
  {
    "Brand_Product_Size": "Harvest Sausages Vegetables 425g",
    "WOW Price": 4,
    "WOW Size": "425g",
    "WOW ppu": "$9.41 / 1KG"
  },
  {
    "Brand_Product_Size": "Jacob's Creek Sparkling Chardonnay Pinot Noir 24x200mL",
    "WOW Price": 95,
    "WOW Size": "24x200mL",
    "WOW ppu": ""
  },
  {
    "Brand_Product_Size": "Woolworths Chicken Casserole With Mash & Veggies 350g",
    "WOW Price": 8.5,
    "WOW Size": "350g",
    "WOW ppu": "$2.43 / 100G"
  },
  {
    "Brand_Product_Size": "Pantene Waterless Sweet Mess Texturizing Sugar Hair Spray 110mL",
    "WOW Price": 12,
    "WOW Size": "110mL",
    "WOW ppu": "$10.91 / 100ML"
  },
  {
    "Brand_Product_Size": "Pedigree Homestyle With Lamb Pasta & Veggies Wet Dog Food Can 1.2kg",
    "WOW Price": 3,
    "WOW Size": "1.2kg",
    "WOW ppu": "$0.25 / 100G"
  },
  {
    "Brand_Product_Size": "Ultimates Indulge Chicken Mince And Tuna 400g",
    "WOW Price": 2.5,
    "WOW Size": "400g",
    "WOW ppu": "$0.63 / 100G"
  },
  {
    "Brand_Product_Size": "D'orsogna Deli Fresh Ham Double Smoked 100g",
    "WOW Price": 3.7,
    "WOW Size": "100g",
    "WOW ppu": "$37.00 / 1KG"
  },
  {
    "Brand_Product_Size": "D'orsogna Deli Fresh Ham Double Smoked 100g",
    "WOW Price": 3.7,
    "WOW Size": "100g",
    "WOW ppu": "$37.00 / 1KG"
  },
  {
    "Brand_Product_Size": "Nexba Pineapple Sugar-free Sparkling Soda 1L",
    "WOW Price": 1.9,
    "WOW Size": "1L",
    "WOW ppu": "$1.90 / 1L"
  },
  {
    "Brand_Product_Size": "Danone Yopro Plant Based Banana 165g",
    "WOW Price": 2.5,
    "WOW Size": "165g",
    "WOW ppu": "$1.52 / 100G"
  },
  {
    "Brand_Product_Size": "San Remo Gluten Free Spaghetti 350g",
    "WOW Price": 4.2,
    "WOW Size": "350g",
    "WOW ppu": "$1.20 / 100G"
  },
  {
    "Brand_Product_Size": "Nature's Way Beauty Collagen Gummies 40 pack",
    "WOW Price": 10,
    "WOW Size": "40 pack",
    "WOW ppu": "$25.00 / 100EA"
  },
  {
    "Brand_Product_Size": "Inspire Memory Foam Bath Mat each",
    "WOW Price": 15,
    "WOW Size": "each",
    "WOW ppu": ""
  },
  {
    "Brand_Product_Size": "Staedtler Lumocolor Whiteboard Markers 4 pack",
    "WOW Price": 8.75,
    "WOW Size": "4 pack",
    "WOW ppu": ""
  },
  {
    "Brand_Product_Size": "Passage To Sri Lanka Simmer Sauce Chicken Curry 375g",
    "WOW Price": 4.7,
    "WOW Size": "375g",
    "WOW ppu": "$1.25 / 100G"
  },
  {
    "Brand_Product_Size": "Thomas Dux Aged Cheddar 24 Months 200g",
    "WOW Price": 4.6,
    "WOW Size": "200g",
    "WOW ppu": "$23.00 / 1KG"
  },
  {
    "Brand_Product_Size": "Thomas Dux Aged Cheddar 24 Months 200g",
    "WOW Price": 4.6,
    "WOW Size": "200g",
    "WOW ppu": "$23.00 / 1KG"
  },
  {
    "Brand_Product_Size": "Red Eye Energy Drink Platinum 330mL",
    "WOW Price": 2.75,
    "WOW Size": "330mL",
    "WOW ppu": "$8.33 / 1L"
  },
  {
    "Brand_Product_Size": "Woolworths Cook Stir Fry Rainbow Vegetables 375g",
    "WOW Price": 3,
    "WOW Size": "375g",
    "WOW ppu": "$8.00 / 1KG"
  },
  {
    "Brand_Product_Size": "Oral-b Essential Waxed Dental Floss Mint 50m",
    "WOW Price": 4,
    "WOW Size": "50m",
    "WOW ppu": "$0.08 / 1M"
  },
  {
    "Brand_Product_Size": "Danone Activia Yoghurt Vanilla 4x125g",
    "WOW Price": 4.5,
    "WOW Size": "4x125g",
    "WOW ppu": "$0.90 / 100G"
  },
  {
    "Brand_Product_Size": "Just Gloves Multi Purpose Latex Free Disposable Gloves Large 100 pack",
    "WOW Price": 16.5,
    "WOW Size": "100 pack",
    "WOW ppu": "$16.50 / 100EA"
  },
  {
    "Brand_Product_Size": "Dodoni Cypriot Halloumi 225g",
    "WOW Price": 7,
    "WOW Size": "225g",
    "WOW ppu": "$31.11 / 1KG"
  },
  {
    "Brand_Product_Size": "Dodoni Cypriot Halloumi 225g",
    "WOW Price": 7,
    "WOW Size": "225g",
    "WOW ppu": "$31.11 / 1KG"
  },
  {
    "Brand_Product_Size": "Jack Hammer Picture Hanging Kit 88 Piece each",
    "WOW Price": 7.5,
    "WOW Size": "each",
    "WOW ppu": ""
  },
  {
    "Brand_Product_Size": "Continental Cup A Soup Creamy Chicken & Corn 35g",
    "WOW Price": 2,
    "WOW Size": "35g",
    "WOW ppu": "$5.71 / 100G"
  },
  {
    "Brand_Product_Size": "Hans Devon Sliced per kg",
    "WOW Price": 8.6,
    "WOW Size": "per kg",
    "WOW ppu": "$8.60 / 1KG"
  },
  {
    "Brand_Product_Size": "Uncle Tobys Rolled Oats Quick Sachets Hi-fibre 8 pack",
    "WOW Price": 5,
    "WOW Size": "8 pack",
    "WOW ppu": "$1.56 / 100G"
  },
  {
    "Brand_Product_Size": "Bertolli Extra Virgin Olive Oil Originale 750mL",
    "WOW Price": 9,
    "WOW Size": "750mL",
    "WOW ppu": "$1.20 / 100ML"
  },
  {
    "Brand_Product_Size": "Red Rock Deli Potato Chips Multipack Sweet Chilli & Sour Cream 5 pack",
    "WOW Price": 4.65,
    "WOW Size": "5 pack",
    "WOW ppu": "$3.32 / 100G"
  },
  {
    "Brand_Product_Size": "Glad 95% Recycled Kitchen Tidy Bags Large 22 pack",
    "WOW Price": 4.5,
    "WOW Size": "22 pack",
    "WOW ppu": "$0.20 / 1EA"
  },
  {
    "Brand_Product_Size": "Massel Ultra Ultracubes Vegetable 105g",
    "WOW Price": 3.4,
    "WOW Size": "105g",
    "WOW ppu": "$0.32 / 10G"
  },
  {
    "Brand_Product_Size": "Select Lettuce Baby Cos each",
    "WOW Price": 2,
    "WOW Size": "each",
    "WOW ppu": "$2.00 / 1EA"
  },
  {
    "Brand_Product_Size": "White Wings Banana Muffin 455g",
    "WOW Price": 3,
    "WOW Size": "455g",
    "WOW ppu": "$0.66 / 100G"
  },
  {
    "Brand_Product_Size": "Macro Australian Raisins 400g",
    "WOW Price": 5,
    "WOW Size": "400g",
    "WOW ppu": "$12.50 / 1KG"
  },
  {
    "Brand_Product_Size": "Elastoplast Aqua Protect Plasters Waterproof 40 pack",
    "WOW Price": 5,
    "WOW Size": "40 pack",
    "WOW ppu": "$0.13 / 1EA"
  },
  {
    "Brand_Product_Size": "Compeed Cold Sore Patch Total Care Invisible 15 pack",
    "WOW Price": 16,
    "WOW Size": "15 pack",
    "WOW ppu": "$1.07 / 1EA"
  },
  {
    "Brand_Product_Size": "D3 Light Eab Spandex Bandage 7.5m each",
    "WOW Price": 10,
    "WOW Size": "each",
    "WOW ppu": "$10.00 / 1EA"
  },
  {
    "Brand_Product_Size": "Schick Extreme 3 Womens Sensitive Disposable Razor 4 pack",
    "WOW Price": 4,
    "WOW Size": "4 pack",
    "WOW ppu": "$1.00 / 1EA"
  },
  {
    "Brand_Product_Size": "Wokka Noodles Thin Egg Style Stir Fry 440g",
    "WOW Price": 2.7,
    "WOW Size": "440g",
    "WOW ppu": "$0.61 / 100G"
  },
  {
    "Brand_Product_Size": "Bonds Short Sleeve Zippy Wondersuit Boy 00-2 each",
    "WOW Price": 13.2,
    "WOW Size": "each",
    "WOW ppu": ""
  },
  {
    "Brand_Product_Size": "Weis Raspberry Pomegranate & Davidson Plum Ice Cream Bars 4 pack",
    "WOW Price": 5.5,
    "WOW Size": "4 pack",
    "WOW ppu": "$1.96 / 100ML"
  },
  {
    "Brand_Product_Size": "Natural Pink Himalayan Rock Salt Grinder 370g",
    "WOW Price": 4.5,
    "WOW Size": "370g",
    "WOW ppu": "$0.12 / 10G"
  },
  {
    "Brand_Product_Size": "Garnier Micellar Cleansing Wipes For All Skin Types 25 pack",
    "WOW Price": 4.15,
    "WOW Size": "25 pack",
    "WOW ppu": "$0.17 / 1EA"
  },
  {
    "Brand_Product_Size": "Woolworths Diced Pumpkin 800g",
    "WOW Price": 7,
    "WOW Size": "800g",
    "WOW ppu": "$8.75 / 1KG"
  },
  {
    "Brand_Product_Size": "Woolworths Fruit Salad In Juice 4x125g",
    "WOW Price": 2,
    "WOW Size": "4x125g",
    "WOW ppu": "$4.00 / 1KG"
  },
  {
    "Brand_Product_Size": "Woolworths Fruit Salad In Juice 4x125g",
    "WOW Price": 2,
    "WOW Size": "4x125g",
    "WOW ppu": "$4.00 / 1KG"
  },
  {
    "Brand_Product_Size": "Lipton Light Peach Ice Tea 500mL",
    "WOW Price": 1.9,
    "WOW Size": "500mL",
    "WOW ppu": "$3.80 / 1L"
  },
  {
    "Brand_Product_Size": "Energizer Lithium 1620 Coin Battery each",
    "WOW Price": 6,
    "WOW Size": "each",
    "WOW ppu": "$6.00 / 1EA"
  },
  {
    "Brand_Product_Size": "Sudafed Pe Nasal Decongestant 20 pack",
    "WOW Price": 14,
    "WOW Size": "20 pack",
    "WOW ppu": "$0.70 / 1EA"
  },
  {
    "Brand_Product_Size": "Mccormicks Caribbean Style Street Food Seasoning 25g",
    "WOW Price": 2,
    "WOW Size": "25g",
    "WOW ppu": "$0.80 / 10G"
  },
  {
    "Brand_Product_Size": "Nuk Soother Chain Mickey each",
    "WOW Price": 6,
    "WOW Size": "each",
    "WOW ppu": "$6.00 / 1EA"
  },
  {
    "Brand_Product_Size": "Aussie Bodies Collagen Chocolate Delight Bar 45g",
    "WOW Price": 3,
    "WOW Size": "45g",
    "WOW ppu": "$6.67 / 100G"
  },
  {
    "Brand_Product_Size": "Spirax Notebook A5 200pg each",
    "WOW Price": 4.5,
    "WOW Size": "200pg each",
    "WOW ppu": ""
  },
  {
    "Brand_Product_Size": "L'oreal Paris Infallible 2 Step Lipstick Incessant Russet 5.6mL",
    "WOW Price": 15,
    "WOW Size": "5.6mL",
    "WOW ppu": "$26.79 / 10ML"
  },
  {
    "Brand_Product_Size": "Vileda Microfibre Duster each",
    "WOW Price": 14,
    "WOW Size": "each",
    "WOW ppu": "$14.00 / 1EA"
  },
  {
    "Brand_Product_Size": "Mother's Day Dog With Baby each",
    "WOW Price": 15,
    "WOW Size": "each",
    "WOW ppu": ""
  },
  {
    "Brand_Product_Size": "Air Wick Pure Beach Escapes Bondi Breeze Air Freshener Refill 157g",
    "WOW Price": 8,
    "WOW Size": "157g",
    "WOW ppu": "$5.10 / 100G"
  },
  {
    "Brand_Product_Size": "Dove Go Fresh Body Wash Fresh Touch 1L",
    "WOW Price": 6.85,
    "WOW Size": "1L",
    "WOW ppu": "$0.69 / 100ML"
  },
  {
    "Brand_Product_Size": "Goulburn Valley Apricot 700g",
    "WOW Price": 3.7,
    "WOW Size": "700g",
    "WOW ppu": "$5.29 / 1KG"
  },
  {
    "Brand_Product_Size": "Nando's Perinaise Sauce Hot 265g",
    "WOW Price": 3.9,
    "WOW Size": "265g",
    "WOW ppu": "$1.47 / 100G"
  },
  {
    "Brand_Product_Size": "Green's Pudding Traditional Sticky Date 260g",
    "WOW Price": 2.8,
    "WOW Size": "260g",
    "WOW ppu": "$1.08 / 100G"
  },
  {
    "Brand_Product_Size": "The Natural Confectionery Co. Sour Squirms Lollies 240g",
    "WOW Price": 3,
    "WOW Size": "240g",
    "WOW ppu": "$1.25 / 100G"
  },
  {
    "Brand_Product_Size": "Hydralyte Sports Effervescent Tablets Lemon Lime 20 pack",
    "WOW Price": 13,
    "WOW Size": "20 pack",
    "WOW ppu": "$0.65 / 1EA"
  },
  {
    "Brand_Product_Size": "Confidere Incontinence Extra Plus Pads 10 pack",
    "WOW Price": 3.5,
    "WOW Size": "10 pack",
    "WOW ppu": "$0.35 / 1EA"
  },
  {
    "Brand_Product_Size": "Macro Organic Avocado each",
    "WOW Price": 5.7,
    "WOW Size": "each",
    "WOW ppu": "$5.70 / 1EA"
  },
  {
    "Brand_Product_Size": "Street Foodie Corn Fritters 300g",
    "WOW Price": 7.5,
    "WOW Size": "300g",
    "WOW ppu": "$2.50 / 100G"
  },
  {
    "Brand_Product_Size": "Capilano Honey Manuka Mgo 300+ Jar 250g",
    "WOW Price": 14,
    "WOW Size": "250g",
    "WOW ppu": "$5.60 / 100G"
  },
  {
    "Brand_Product_Size": "Australian Organic Food Co Fruit Puree Apple Plum Apricot & Peach 120g",
    "WOW Price": 2,
    "WOW Size": "120g",
    "WOW ppu": "$16.67 / 1KG"
  },
  {
    "Brand_Product_Size": "Edco Chunky Sponge 2 pack",
    "WOW Price": 4,
    "WOW Size": "2 pack",
    "WOW ppu": "$2.00 / 1EA"
  },
  {
    "Brand_Product_Size": "Essentials Cloth Sponge 3 pack",
    "WOW Price": 0.99,
    "WOW Size": "3 pack",
    "WOW ppu": "$0.33 / 1EA"
  },
  {
    "Brand_Product_Size": "Bolands Fig Rolls 200g",
    "WOW Price": 2.8,
    "WOW Size": "200g",
    "WOW ppu": "$1.40 / 100G"
  },
  {
    "Brand_Product_Size": "Huggies Drynites Girls Convenience 4-7 Years 10 pack",
    "WOW Price": 12,
    "WOW Size": "10 pack",
    "WOW ppu": "$1.20 / 1EA"
  },
  {
    "Brand_Product_Size": "Vitapet Chewz Chicken Wrapped Rawhide Twist 7 pack",
    "WOW Price": 8.3,
    "WOW Size": "7 pack",
    "WOW ppu": "$1.19 / 1EA"
  },
  {
    "Brand_Product_Size": "Fancy Feast Adult Classic Beef Feast In Gravy Grilled Wet Cat Food 85g",
    "WOW Price": 1.45,
    "WOW Size": "85g",
    "WOW ppu": "$1.71 / 100G"
  },
  {
    "Brand_Product_Size": "Woolworths Snakes 150g",
    "WOW Price": 1,
    "WOW Size": "150g",
    "WOW ppu": "$0.67 / 100G"
  },
  {
    "Brand_Product_Size": "Campbell's Country Ladle Canned Soup Minestrone 495g",
    "WOW Price": 1.75,
    "WOW Size": "495g",
    "WOW ppu": "$0.35 / 100G"
  },
  {
    "Brand_Product_Size": "Cocobella Straight Up Coconut Water 250mL",
    "WOW Price": 2.15,
    "WOW Size": "250mL",
    "WOW ppu": "$8.60 / 1L"
  },
  {
    "Brand_Product_Size": "Cocobella Straight Up Coconut Water 250mL",
    "WOW Price": 2.15,
    "WOW Size": "250mL",
    "WOW ppu": "$8.60 / 1L"
  },
  {
    "Brand_Product_Size": "No Issues Facial Tissues Pocket Pack 6 pack",
    "WOW Price": 1.9,
    "WOW Size": "6 pack",
    "WOW ppu": "$3.17 / 100SS"
  },
  {
    "Brand_Product_Size": "No Issues Facial Tissues Pocket Pack 6 pack",
    "WOW Price": 1.9,
    "WOW Size": "6 pack",
    "WOW ppu": "$3.17 / 100SS"
  },
  {
    "Brand_Product_Size": "Armada Paper Table Cover each",
    "WOW Price": 5,
    "WOW Size": "each",
    "WOW ppu": "$5.00 / 1EA"
  },
  {
    "Brand_Product_Size": "Nuk Mickey Soother 6-18m 2 pack",
    "WOW Price": 13,
    "WOW Size": "2 pack",
    "WOW ppu": "$6.50 / 1EA"
  },
  {
    "Brand_Product_Size": "Hakka Fried Fish Ball Combo 200g",
    "WOW Price": 3.65,
    "WOW Size": "200g",
    "WOW ppu": "$18.25 / 1KG"
  },
  {
    "Brand_Product_Size": "Mission Wraps Spinach & Herb 8 pack",
    "WOW Price": 4,
    "WOW Size": "8 pack",
    "WOW ppu": "$0.71 / 100G"
  },
  {
    "Brand_Product_Size": "Calidad Epson 200 Bcmy 4 pack",
    "WOW Price": 39,
    "WOW Size": "4 pack",
    "WOW ppu": ""
  },
  {
    "Brand_Product_Size": "Dentalife Adult Salmon Cat Dental Treats 51g",
    "WOW Price": 4.5,
    "WOW Size": "51g",
    "WOW ppu": "$8.82 / 100G"
  },
  {
    "Brand_Product_Size": "Sunbeam Sultanas 6x40g",
    "WOW Price": 2.4,
    "WOW Size": "6x40g",
    "WOW ppu": "$10.00 / 1KG"
  },
  {
    "Brand_Product_Size": "Sunbeam Sultanas 6x40g",
    "WOW Price": 2.4,
    "WOW Size": "6x40g",
    "WOW ppu": "$10.00 / 1KG"
  },
  {
    "Brand_Product_Size": "Disney Mickey Mouse Dog Treat Ball each",
    "WOW Price": 15,
    "WOW Size": "each",
    "WOW ppu": "$15.00 / 1EA"
  },
  {
    "Brand_Product_Size": "Carefree Panty Liners Regular 30 pack",
    "WOW Price": 3.5,
    "WOW Size": "30 pack",
    "WOW ppu": "$0.12 / 1EA"
  },
  {
    "Brand_Product_Size": "Nestle Bakers' Choice Dark Choc Melts 290g",
    "WOW Price": 3.85,
    "WOW Size": "290g",
    "WOW ppu": "$1.33 / 100G"
  },
  {
    "Brand_Product_Size": "Woolworths Salsa Chunky Medium 375g",
    "WOW Price": 3.29,
    "WOW Size": "375g",
    "WOW ppu": "$0.88 / 100G"
  },
  {
    "Brand_Product_Size": "Vevelle Toilet Tissue 3ply 190 Sheet 8 pack",
    "WOW Price": 3.7,
    "WOW Size": "8 pack",
    "WOW ppu": "$0.24 / 100SS"
  },
  {
    "Brand_Product_Size": "Topps Push Pop Candy 15g",
    "WOW Price": 1.5,
    "WOW Size": "15g",
    "WOW ppu": "$10.00 / 100G"
  },
  {
    "Brand_Product_Size": "Woolworths Frozen Pitted Cherries 500g",
    "WOW Price": 4,
    "WOW Size": "500g",
    "WOW ppu": "$8.00 / 1KG"
  },
  {
    "Brand_Product_Size": "Vitasoy So Milky Soy Milk 1L",
    "WOW Price": 2.6,
    "WOW Size": "1L",
    "WOW ppu": "$2.60 / 1L"
  },
  {
    "Brand_Product_Size": "Rspca Approved Chicken Maryland Supreme 680g - 900g",
    "WOW Price": 6.66,
    "WOW Size": "680g - 900g",
    "WOW ppu": "$7.40 / 1KG"
  },
  {
    "Brand_Product_Size": "Jalna Greek Yoghurt 2kg",
    "WOW Price": 11.95,
    "WOW Size": "2kg",
    "WOW ppu": "$0.60 / 100G"
  },
  {
    "Brand_Product_Size": "Palmolive Naturals Liquid Hand Wash Soap Pump Milk & Honey 250mL",
    "WOW Price": 2.79,
    "WOW Size": "250mL",
    "WOW ppu": "$1.12 / 100ML"
  },
  {
    "Brand_Product_Size": "The British Sausage Co Raw Unsmoked Rindless Back Bacon 200g",
    "WOW Price": 6,
    "WOW Size": "200g",
    "WOW ppu": "$30.00 / 1KG"
  },
  {
    "Brand_Product_Size": "Mcobeauty Hydroglow Oil Free Foundation Natural Beige 30mL",
    "WOW Price": 12,
    "WOW Size": "30mL",
    "WOW ppu": "$4.00 / 10ML"
  },
  {
    "Brand_Product_Size": "Nescafe Dolce Gusto Cappuccino Capsules 16 pack",
    "WOW Price": 6,
    "WOW Size": "16 pack",
    "WOW ppu": "$0.38 / 1EA"
  },
  {
    "Brand_Product_Size": "Nescafe Dolce Gusto Cappuccino Capsules 16 pack",
    "WOW Price": 6,
    "WOW Size": "16 pack",
    "WOW ppu": "$0.38 / 1EA"
  },
  {
    "Brand_Product_Size": "Beef T Bone Steak Large 600g - 1.2kg",
    "WOW Price": 28.8,
    "WOW Size": "600g - 1.2kg",
    "WOW ppu": "$24.00 / 1KG"
  },
  {
    "Brand_Product_Size": "Wiltshire Deep Roaster 35cm X 25cm each",
    "WOW Price": 17,
    "WOW Size": "each",
    "WOW ppu": ""
  },
  {
    "Brand_Product_Size": "Mentholatum Low Odour Deep Heat Relief 100g",
    "WOW Price": 5.3,
    "WOW Size": "100g",
    "WOW ppu": "$5.30 / 100G"
  },
  {
    "Brand_Product_Size": "Baxter's Dental Sticks Medium & Large Dog 28 pack",
    "WOW Price": 10,
    "WOW Size": "28 pack",
    "WOW ppu": "$0.36 / 1EA"
  },
  {
    "Brand_Product_Size": "Bfit Dragon Fruit Hydration 473mL",
    "WOW Price": 3.95,
    "WOW Size": "473mL",
    "WOW ppu": "$8.35 / 1L"
  },
  {
    "Brand_Product_Size": "Tempo Shredded Cheddar Cheese 250g",
    "WOW Price": 6.4,
    "WOW Size": "250g",
    "WOW ppu": "$25.60 / 1KG"
  },
  {
    "Brand_Product_Size": "Woolworths Cook Pork Medallions Garlic & Herb Stuffing 300g",
    "WOW Price": 9,
    "WOW Size": "300g",
    "WOW ppu": "$30.00 / 1KG"
  },
  {
    "Brand_Product_Size": "Sanitarium Weet-bix Blends Multi-grain+ Breakfast Cereal 575g",
    "WOW Price": 5.3,
    "WOW Size": "575g",
    "WOW ppu": "$0.92 / 100G"
  },
  {
    "Brand_Product_Size": "Nature's Cuppa Organic Premium Tea Bags 120 pack",
    "WOW Price": 11,
    "WOW Size": "120 pack",
    "WOW ppu": "$0.09 / 1EA"
  },
  {
    "Brand_Product_Size": "Nature's Cuppa Organic Premium Tea Bags 120 pack",
    "WOW Price": 11,
    "WOW Size": "120 pack",
    "WOW ppu": "$0.09 / 1EA"
  },
  {
    "Brand_Product_Size": "Tommee Tippee Decorated Cherry Latex Soothers 6 To 18 Months 2 pack",
    "WOW Price": 5,
    "WOW Size": "2 pack",
    "WOW ppu": "$5.00 / 1EA"
  },
  {
    "Brand_Product_Size": "L'oreal True Match Concealer 3n Creamy Beige 6.8mL",
    "WOW Price": 10,
    "WOW Size": "6.8mL",
    "WOW ppu": "$14.71 / 10ML"
  },
  {
    "Brand_Product_Size": "Nestle Coffee Mate Instant Coffee & Milk 385g",
    "WOW Price": 4.1,
    "WOW Size": "385g",
    "WOW ppu": "$1.06 / 100G"
  },
  {
    "Brand_Product_Size": "Nestle Coffee Mate Instant Coffee & Milk 385g",
    "WOW Price": 4.1,
    "WOW Size": "385g",
    "WOW ppu": "$1.06 / 100G"
  },
  {
    "Brand_Product_Size": "Old El Paso Burrito Dinner Kit 485g",
    "WOW Price": 6.5,
    "WOW Size": "485g",
    "WOW ppu": "$1.34 / 100G"
  },
  {
    "Brand_Product_Size": "Maggi Fusian Noodle Japanese Teriyaki 5pack 350g",
    "WOW Price": 3.95,
    "WOW Size": "350g",
    "WOW ppu": "$1.13 / 100G"
  },
  {
    "Brand_Product_Size": "Driscoll's Fresh Raspberry 125g",
    "WOW Price": 4.5,
    "WOW Size": "125g",
    "WOW ppu": "$36.00 / 1KG"
  },
  {
    "Brand_Product_Size": "Driscoll's Fresh Raspberry 125g",
    "WOW Price": 4.5,
    "WOW Size": "125g",
    "WOW ppu": "$36.00 / 1KG"
  },
  {
    "Brand_Product_Size": "Woolworths Pickled Pork Roast 950g - 1.55kg",
    "WOW Price": 23.25,
    "WOW Size": "950g - 1.55kg",
    "WOW ppu": "$15.00 / 1KG"
  },
  {
    "Brand_Product_Size": "Naturopathica Fat Blaster Platinum Metabolism 30 pack",
    "WOW Price": 35,
    "WOW Size": "30 pack",
    "WOW ppu": "$1.17 / 1EA"
  },
  {
    "Brand_Product_Size": "Neutrogena Hydro Boost Cleanser Facial Wipes 25 pack",
    "WOW Price": 8.5,
    "WOW Size": "25 pack",
    "WOW ppu": "$0.34 / 1EA"
  },
  {
    "Brand_Product_Size": "Napro Palette 10.1 Light Ash Blonde each",
    "WOW Price": 7.95,
    "WOW Size": "each",
    "WOW ppu": ""
  },
  {
    "Brand_Product_Size": "Voltaren Muscle And Back Pain Relief Emulgel 50g",
    "WOW Price": 14.5,
    "WOW Size": "50g",
    "WOW ppu": "$29.00 / 100G"
  },
  {
    "Brand_Product_Size": "Sanitarium Up&go Liquid Breakfast Vanilla Ice 12 pack",
    "WOW Price": 14,
    "WOW Size": "12 pack",
    "WOW ppu": "$4.67 / 1L"
  },
  {
    "Brand_Product_Size": "Sanitarium Up&go Liquid Breakfast Vanilla Ice 12 pack",
    "WOW Price": 14,
    "WOW Size": "12 pack",
    "WOW ppu": "$4.67 / 1L"
  },
  {
    "Brand_Product_Size": "Gaia Natural Baby Wipes 80 pack",
    "WOW Price": 4,
    "WOW Size": "80 pack",
    "WOW ppu": "$5.00 / 100EA"
  },
  {
    "Brand_Product_Size": "Turbie Twist Super Absorbent Hair Towel each",
    "WOW Price": 12,
    "WOW Size": "each",
    "WOW ppu": ""
  },
  {
    "Brand_Product_Size": "Macro Organic Dijon Mustard 200g",
    "WOW Price": 3,
    "WOW Size": "200g",
    "WOW ppu": "$1.50 / 100G"
  },
  {
    "Brand_Product_Size": "Patak's Rogan Josh Curry Paste Paste 283g",
    "WOW Price": 4,
    "WOW Size": "283g",
    "WOW ppu": "$1.41 / 100G"
  },
  {
    "Brand_Product_Size": "Kitkat Dark With Tasmanian Mint Block 170g",
    "WOW Price": 3,
    "WOW Size": "170g",
    "WOW ppu": "$1.76 / 100G"
  },
  {
    "Brand_Product_Size": "Woolworths Grass Fed Beef Burger 500g",
    "WOW Price": 8,
    "WOW Size": "500g",
    "WOW ppu": "$16.00 / 1KG"
  },
  {
    "Brand_Product_Size": "Woolworths Creamy Pasta Salad 250g",
    "WOW Price": 3,
    "WOW Size": "250g",
    "WOW ppu": "$1.20 / 100G"
  },
  {
    "Brand_Product_Size": "Woolworths Creamy Pasta Salad 250g",
    "WOW Price": 3,
    "WOW Size": "250g",
    "WOW ppu": "$1.20 / 100G"
  },
  {
    "Brand_Product_Size": "Arnott's Country Cheese 250g",
    "WOW Price": 3,
    "WOW Size": "250g",
    "WOW ppu": "$1.20 / 100G"
  },
  {
    "Brand_Product_Size": "Chobani Greek Yoghurt Tropical 140g",
    "WOW Price": 1.5,
    "WOW Size": "140g",
    "WOW ppu": "$1.07 / 100G"
  },
  {
    "Brand_Product_Size": "Strike 2 In 1 Flat Mop each",
    "WOW Price": 15,
    "WOW Size": "each",
    "WOW ppu": "$15.00 / 1EA"
  },
  {
    "Brand_Product_Size": "Colgate Kids Anticavity Fluoride Toothpaste 0-3 Yrs Mild Fruit 80g",
    "WOW Price": 4,
    "WOW Size": "80g",
    "WOW ppu": "$5.00 / 100G"
  },
  {
    "Brand_Product_Size": "Olsent Cfl Spiral Es 23w 1600lm Lamp 23w Warm White 2 pack",
    "WOW Price": 10,
    "WOW Size": "2 pack",
    "WOW ppu": "$5.00 / 1EA"
  },
  {
    "Brand_Product_Size": "Mr Chen's Prawn Hargow 300g",
    "WOW Price": 7.5,
    "WOW Size": "300g",
    "WOW ppu": "$2.50 / 100G"
  },
  {
    "Brand_Product_Size": "Golden Circle Peas Green 410g",
    "WOW Price": 1.85,
    "WOW Size": "410g",
    "WOW ppu": "$4.51 / 1KG"
  },
  {
    "Brand_Product_Size": "Nescafe Gold Short Black Espresso Instant Coffee 100g",
    "WOW Price": 11,
    "WOW Size": "100g",
    "WOW ppu": "$11.00 / 100G"
  },
  {
    "Brand_Product_Size": "Nescafe Gold Short Black Espresso Instant Coffee 100g",
    "WOW Price": 11,
    "WOW Size": "100g",
    "WOW ppu": "$11.00 / 100G"
  },
  {
    "Brand_Product_Size": "De Costi Raw Prawn Meat 260g",
    "WOW Price": 12,
    "WOW Size": "260g",
    "WOW ppu": "$46.15 / 1KG"
  },
  {
    "Brand_Product_Size": "Thomas Dux Danish Blue Cheese 100g",
    "WOW Price": 3.8,
    "WOW Size": "100g",
    "WOW ppu": "$38.00 / 1KG"
  },
  {
    "Brand_Product_Size": "Thomas Dux Danish Blue Cheese 100g",
    "WOW Price": 3.8,
    "WOW Size": "100g",
    "WOW ppu": "$38.00 / 1KG"
  },
  {
    "Brand_Product_Size": "Disney Mother's Day Socks Black & White each",
    "WOW Price": 5,
    "WOW Size": "each",
    "WOW ppu": ""
  },
  {
    "Brand_Product_Size": "The Gozleme Brothers Feta & Spinach Gozleme 300g",
    "WOW Price": 6,
    "WOW Size": "300g",
    "WOW ppu": "$2.00 / 100G"
  },
  {
    "Brand_Product_Size": "B-green Organic Slow Release Fert 800g",
    "WOW Price": 7.3,
    "WOW Size": "800g",
    "WOW ppu": "$0.91 / 100G"
  },
  {
    "Brand_Product_Size": "Finish Dishwashing Rinse Aid Liquid Regular 500mL",
    "WOW Price": 9,
    "WOW Size": "500mL",
    "WOW ppu": "$1.80 / 100ML"
  },
  {
    "Brand_Product_Size": "Woolworths Free From Gluten Chocolate Mini Smiles 8 pack",
    "WOW Price": 4,
    "WOW Size": "8 pack",
    "WOW ppu": "$2.17 / 100G"
  },
  {
    "Brand_Product_Size": "Woolworths Free From Gluten Chocolate Mini Smiles 8 pack",
    "WOW Price": 4,
    "WOW Size": "8 pack",
    "WOW ppu": "$2.17 / 100G"
  },
  {
    "Brand_Product_Size": "Bic 4 Colours Medium Pen each",
    "WOW Price": 2.8,
    "WOW Size": "each",
    "WOW ppu": ""
  },
  {
    "Brand_Product_Size": "Hart & Soul Moroccan Couscous 150g",
    "WOW Price": 3.8,
    "WOW Size": "150g",
    "WOW ppu": "$2.53 / 100G"
  },
  {
    "Brand_Product_Size": "Uncle Ben's Microwave Brown & Wild Rice 250g",
    "WOW Price": 2.4,
    "WOW Size": "250g",
    "WOW ppu": "$0.96 / 100G"
  },
  {
    "Brand_Product_Size": "Pandaroo Vermicelli Brown Rice 200g",
    "WOW Price": 2,
    "WOW Size": "200g",
    "WOW ppu": "$10.00 / 1KG"
  },
  {
    "Brand_Product_Size": "Woolworths White Wrap 8 pack",
    "WOW Price": 2,
    "WOW Size": "8 pack",
    "WOW ppu": "$0.56 / 100G"
  },
  {
    "Brand_Product_Size": "Dove Shea Butter 6 Pack 600g",
    "WOW Price": 8,
    "WOW Size": "600g",
    "WOW ppu": "$1.33 / 100G"
  },
  {
    "Brand_Product_Size": "Combat Roach Killing Bait Strips 20g",
    "WOW Price": 12,
    "WOW Size": "20g",
    "WOW ppu": "$60.00 / 100G"
  },
  {
    "Brand_Product_Size": "Table Of Plenty Dried Spices Dukkah Pistachio 45g",
    "WOW Price": 3.6,
    "WOW Size": "45g",
    "WOW ppu": "$0.80 / 10G"
  },
  {
    "Brand_Product_Size": "Method Gel Hand Wash Pump Waterfall 354mL",
    "WOW Price": 5,
    "WOW Size": "354mL",
    "WOW ppu": "$1.41 / 100ML"
  },
  {
    "Brand_Product_Size": "Katoomba Kidney Beans Dark Red 1kg",
    "WOW Price": 5.2,
    "WOW Size": "1kg",
    "WOW ppu": "$0.52 / 100G"
  },
  {
    "Brand_Product_Size": "L'oreal Paris Magic Retouch Hair Colour 3 Brown each",
    "WOW Price": 12.75,
    "WOW Size": "each",
    "WOW ppu": "$17.00 / 100ML"
  },
  {
    "Brand_Product_Size": "Bare Essentials Borax 500g",
    "WOW Price": 4.1,
    "WOW Size": "500g",
    "WOW ppu": "$0.82 / 100G"
  },
  {
    "Brand_Product_Size": "Woolworths Tangy & Crunchy Coleslaw Kit 400g",
    "WOW Price": 5,
    "WOW Size": "400g",
    "WOW ppu": "$12.50 / 1KG"
  },
  {
    "Brand_Product_Size": "Woolworths Tangy & Crunchy Coleslaw Kit 400g",
    "WOW Price": 5,
    "WOW Size": "400g",
    "WOW ppu": "$12.50 / 1KG"
  },
  {
    "Brand_Product_Size": "Heinz Creationz Fiery Mexican Style Beanz 420g",
    "WOW Price": 1.25,
    "WOW Size": "420g",
    "WOW ppu": "$0.30 / 100G"
  },
  {
    "Brand_Product_Size": "Head & Shoulders Ultra Men Shampoo Old Spice 200mL",
    "WOW Price": 8,
    "WOW Size": "200mL",
    "WOW ppu": "$4.00 / 100ML"
  },
  {
    "Brand_Product_Size": "Ingham's Turkey Drumsticks 1.3kg - 1.9kg",
    "WOW Price": 15.2,
    "WOW Size": "1.3kg - 1.9kg",
    "WOW ppu": "$8.00 / 1KG"
  },
  {
    "Brand_Product_Size": "Woolworths Cook Boneless Butterflied Spiced Mango Glaze Chicken 850g - 1.25kg",
    "WOW Price": 17.5,
    "WOW Size": "850g - 1.25kg",
    "WOW ppu": "$14.00 / 1KG"
  },
  {
    "Brand_Product_Size": "Essentials Bacon Middle Rashers 1kg",
    "WOW Price": 10,
    "WOW Size": "1kg",
    "WOW ppu": "$10.00 / 1KG"
  },
  {
    "Brand_Product_Size": "Woolworths Beef Bolar Blade Roast 1.1kg - 2.7kg",
    "WOW Price": 39.15,
    "WOW Size": "1.1kg - 2.7kg",
    "WOW ppu": "$14.50 / 1KG"
  },
  {
    "Brand_Product_Size": "Essentials Mug Plain White each",
    "WOW Price": 2,
    "WOW Size": "each",
    "WOW ppu": ""
  },
  {
    "Brand_Product_Size": "Baby Bellies Veggie Bowl Peas & Carrot 110g",
    "WOW Price": 2.25,
    "WOW Size": "110g",
    "WOW ppu": "$2.05 / 100G"
  },
  {
    "Brand_Product_Size": "Dollar Sweets Edible Silver Leaf 2 sheets",
    "WOW Price": 5,
    "WOW Size": "2 sheets",
    "WOW ppu": ""
  },
  {
    "Brand_Product_Size": "Woolworths Wasabi Peas 175g",
    "WOW Price": 2.5,
    "WOW Size": "175g",
    "WOW ppu": "$14.29 / 1KG"
  },
  {
    "Brand_Product_Size": "Spc Pear Juice 850mL",
    "WOW Price": 3.15,
    "WOW Size": "850mL",
    "WOW ppu": "$3.71 / 1L"
  },
  {
    "Brand_Product_Size": "Glade Clean Linen Touch & Fresh Refill 2x9g",
    "WOW Price": 6,
    "WOW Size": "2x9g",
    "WOW ppu": "$3.33 / 10G"
  },
  {
    "Brand_Product_Size": "Woolworths Frozen Raspberries 1kg",
    "WOW Price": 7.5,
    "WOW Size": "1kg",
    "WOW ppu": "$7.50 / 1KG"
  },
  {
    "Brand_Product_Size": "Cetaphil Uva/uvb Defence Spf 50+ Face & Body Moisturiser 50mL",
    "WOW Price": 23,
    "WOW Size": "50mL",
    "WOW ppu": "$46.00 / 100ML"
  },
  {
    "Brand_Product_Size": "Woolworths Sunflower Oil 4L",
    "WOW Price": 9.75,
    "WOW Size": "4L",
    "WOW ppu": "$0.24 / 100ML"
  },
  {
    "Brand_Product_Size": "Fromager D'affinois Cheese Campagnier per kg",
    "WOW Price": 87,
    "WOW Size": "per kg",
    "WOW ppu": "$87.00 / 1KG"
  },
  {
    "Brand_Product_Size": "Fromager D'affinois Cheese Campagnier per kg",
    "WOW Price": 87,
    "WOW Size": "per kg",
    "WOW ppu": "$87.00 / 1KG"
  },
  {
    "Brand_Product_Size": "Woolworths Aussie Natural Almonds 6x30g",
    "WOW Price": 4,
    "WOW Size": "6x30g",
    "WOW ppu": "$22.22 / 1KG"
  },
  {
    "Brand_Product_Size": "Spam Turkey Oven Roasted 340g",
    "WOW Price": 5.5,
    "WOW Size": "340g",
    "WOW ppu": "$16.18 / 1KG"
  },
  {
    "Brand_Product_Size": "Colgate Zig Zag Deep Interdental Clean Toothbrush Soft 3 pack",
    "WOW Price": 5,
    "WOW Size": "3 pack",
    "WOW ppu": "$1.67 / 1EA"
  },
  {
    "Brand_Product_Size": "Colgate Advanced Whitening Fluoride Whiter Teeth Toothpaste 190g",
    "WOW Price": 3.5,
    "WOW Size": "190g",
    "WOW ppu": "$1.84 / 100G"
  },
  {
    "Brand_Product_Size": "L'oreal Paris Preference Hair Colour 6.21 Opera each",
    "WOW Price": 11.4,
    "WOW Size": "each",
    "WOW ppu": ""
  },
  {
    "Brand_Product_Size": "Fussy Cat Grain Free Chicken Cat Mince 90g x5 pack",
    "WOW Price": 5.8,
    "WOW Size": "90g x5 pack",
    "WOW ppu": "$1.29 / 100G"
  },
  {
    "Brand_Product_Size": "Naty Nappies Bulk Size 5 40 pack",
    "WOW Price": 18,
    "WOW Size": "40 pack",
    "WOW ppu": "$0.45 / 1EA"
  },
  {
    "Brand_Product_Size": "Woolworths Bbq Haloumi Kebabs With Pork & Beef Meatballs 240g",
    "WOW Price": 8,
    "WOW Size": "240g",
    "WOW ppu": "$33.33 / 1KG"
  },
  {
    "Brand_Product_Size": "Bounty Chocolate Bar 56g",
    "WOW Price": 2,
    "WOW Size": "56g",
    "WOW ppu": "$3.57 / 100G"
  },
  {
    "Brand_Product_Size": "Bonds Comfy Tops Very Opaque Tights Black Sml-med each",
    "WOW Price": 13,
    "WOW Size": "each",
    "WOW ppu": ""
  },
  {
    "Brand_Product_Size": "Little Learner My First Robot each",
    "WOW Price": 10,
    "WOW Size": "each",
    "WOW ppu": ""
  },
  {
    "Brand_Product_Size": "Little Learner My First Robot each",
    "WOW Price": 10,
    "WOW Size": "each",
    "WOW ppu": ""
  },
  {
    "Brand_Product_Size": "Cadbury Picnic 46g bar",
    "WOW Price": 1.5,
    "WOW Size": "46g bar",
    "WOW ppu": "$3.26 / 100G"
  },
  {
    "Brand_Product_Size": "Pandaroo Coconut Milk 165mL",
    "WOW Price": 1.3,
    "WOW Size": "165mL",
    "WOW ppu": "$0.79 / 100ML"
  },
  {
    "Brand_Product_Size": "Dairy Farmers Thick & Creamy Mango & Passionfruit Yoghurt 600g",
    "WOW Price": 4.5,
    "WOW Size": "600g",
    "WOW ppu": "$0.75 / 100G"
  },
  {
    "Brand_Product_Size": "Woolworths Oregano Leaves 10g",
    "WOW Price": 1.8,
    "WOW Size": "10g",
    "WOW ppu": "$1.80 / 10G"
  },
  {
    "Brand_Product_Size": "Pantene Pro-v Colour Protection Conditioner 375mL",
    "WOW Price": 4,
    "WOW Size": "375mL",
    "WOW ppu": "$1.07 / 100ML"
  },
  {
    "Brand_Product_Size": "Olay Total Effects Face Cream Moisturiser Gentle Spf 15 50g",
    "WOW Price": 24.5,
    "WOW Size": "50g",
    "WOW ppu": "$49.00 / 100G"
  },
  {
    "Brand_Product_Size": "Primo Rindless Middle Bacon 500g",
    "WOW Price": 11,
    "WOW Size": "500g",
    "WOW ppu": "$22.00 / 1KG"
  },
  {
    "Brand_Product_Size": "Pauls Milky Max Chocolate Flavoured Milk 250mL",
    "WOW Price": 2,
    "WOW Size": "250mL",
    "WOW ppu": "$8.00 / 1L"
  },
  {
    "Brand_Product_Size": "Pauls Milky Max Chocolate Flavoured Milk 250mL",
    "WOW Price": 2,
    "WOW Size": "250mL",
    "WOW ppu": "$8.00 / 1L"
  },
  {
    "Brand_Product_Size": "Dine Saucy Morsels With Tuna Mornay & Cheese Wet Cat Food Tray 7 pack",
    "WOW Price": 5.2,
    "WOW Size": "7 pack",
    "WOW ppu": "$0.87 / 100G"
  },
  {
    "Brand_Product_Size": "Bosisto's Antibacterial Solution Eucalyptus & Lemon Myrtle 250mL",
    "WOW Price": 6,
    "WOW Size": "250mL",
    "WOW ppu": "$2.40 / 100ML"
  },
  {
    "Brand_Product_Size": "Freedom Foods Prebiotic Maple Almond Clusters 360g",
    "WOW Price": 5,
    "WOW Size": "360g",
    "WOW ppu": "$1.39 / 100G"
  },
  {
    "Brand_Product_Size": "Woolworths Organic Salad Coleslaw 200g",
    "WOW Price": 3.5,
    "WOW Size": "200g",
    "WOW ppu": "$17.50 / 1KG"
  },
  {
    "Brand_Product_Size": "Primo Speck Portion min. 380g",
    "WOW Price": 10.64,
    "WOW Size": "min. 380g",
    "WOW ppu": "$28.00 / 1KG"
  },
  {
    "Brand_Product_Size": "Woolworths Creamy Potato Salad 400g",
    "WOW Price": 4.5,
    "WOW Size": "400g",
    "WOW ppu": "$1.13 / 100G"
  },
  {
    "Brand_Product_Size": "Woolworths Creamy Potato Salad 400g",
    "WOW Price": 4.5,
    "WOW Size": "400g",
    "WOW ppu": "$1.13 / 100G"
  },
  {
    "Brand_Product_Size": "Bic Mega Lighter each",
    "WOW Price": 5.6,
    "WOW Size": "each",
    "WOW ppu": "$5.60 / 1EA"
  },
  {
    "Brand_Product_Size": "Swisse Beauty Collagen Glow Powder 120g",
    "WOW Price": 33,
    "WOW Size": "120g",
    "WOW ppu": "$27.50 / 100G"
  },
  {
    "Brand_Product_Size": "Latina Fresh Ready Meal Ricotta Feta & Spinach Cannelloni 350g",
    "WOW Price": 8,
    "WOW Size": "350g",
    "WOW ppu": "$2.29 / 100G"
  },
  {
    "Brand_Product_Size": "Essentials Bbq Accessory Fire Lighters 24 pack",
    "WOW Price": 2.99,
    "WOW Size": "24 pack",
    "WOW ppu": "$0.12 / 1EA"
  },
  {
    "Brand_Product_Size": "Dettol Antibacterial Laundry Sanitiser 1.5L",
    "WOW Price": 12,
    "WOW Size": "1.5L",
    "WOW ppu": "$8.00 / 1L"
  },
  {
    "Brand_Product_Size": "Cracker Barrel Infused Cracked Pepper 130g",
    "WOW Price": 5.15,
    "WOW Size": "130g",
    "WOW ppu": "$39.62 / 1KG"
  },
  {
    "Brand_Product_Size": "Cracker Barrel Infused Cracked Pepper 130g",
    "WOW Price": 5.15,
    "WOW Size": "130g",
    "WOW ppu": "$39.62 / 1KG"
  },
  {
    "Brand_Product_Size": "Woolworths Cook Butterflied Chicken Sweet Garlic & Herb Marinade 900g - 1.4kg",
    "WOW Price": 14,
    "WOW Size": "900g - 1.4kg",
    "WOW ppu": "$10.00 / 1KG"
  },
  {
    "Brand_Product_Size": "Macro Butter Chicken With Cauliflower, Kale & Quinoa 400g",
    "WOW Price": 8,
    "WOW Size": "400g",
    "WOW ppu": "$2.00 / 100G"
  },
  {
    "Brand_Product_Size": "Sacred Grounds Breezy Blend Coffee Beans 200g",
    "WOW Price": 10,
    "WOW Size": "200g",
    "WOW ppu": "$5.00 / 100G"
  },
  {
    "Brand_Product_Size": "Sacred Grounds Breezy Blend Coffee Beans 200g",
    "WOW Price": 10,
    "WOW Size": "200g",
    "WOW ppu": "$5.00 / 100G"
  },
  {
    "Brand_Product_Size": "Huon Tasmanian Smoked Salmon Cold Smoked 100g",
    "WOW Price": 8.5,
    "WOW Size": "100g",
    "WOW ppu": "$85.00 / 1KG"
  },
  {
    "Brand_Product_Size": "Liddells Lactose Free Shredded Cheese 250g",
    "WOW Price": 6,
    "WOW Size": "250g",
    "WOW ppu": "$24.00 / 1KG"
  },
  {
    "Brand_Product_Size": "Chobani Vanilla Yoghurt Pouch 140g",
    "WOW Price": 1.5,
    "WOW Size": "140g",
    "WOW ppu": "$1.07 / 100G"
  },
  {
    "Brand_Product_Size": "Chobani Vanilla Yoghurt Pouch 140g",
    "WOW Price": 1.5,
    "WOW Size": "140g",
    "WOW ppu": "$1.07 / 100G"
  },
  {
    "Brand_Product_Size": "Bundaberg Tropical Mango 375mL",
    "WOW Price": 2.9,
    "WOW Size": "375mL",
    "WOW ppu": "$7.73 / 1L"
  },
  {
    "Brand_Product_Size": "Orgran Crispbread Gluten Free Buckwheat 125g",
    "WOW Price": 2.85,
    "WOW Size": "125g",
    "WOW ppu": "$2.28 / 100G"
  },
  {
    "Brand_Product_Size": "Lime Fresh each",
    "WOW Price": 0.71,
    "WOW Size": "each",
    "WOW ppu": "$0.71 / 1EA"
  },
  {
    "Brand_Product_Size": "Woolworths Chicken Tikka Bites 200g",
    "WOW Price": 6,
    "WOW Size": "200g",
    "WOW ppu": "$3.00 / 100G"
  },
  {
    "Brand_Product_Size": "Spud Lite Prepack Potato 1.5kg",
    "WOW Price": 5,
    "WOW Size": "1.5kg",
    "WOW ppu": "$3.33 / 1KG"
  },
  {
    "Brand_Product_Size": "Jamie Oliver Garlic Crusher each",
    "WOW Price": 12,
    "WOW Size": "each",
    "WOW ppu": ""
  },
  {
    "Brand_Product_Size": "Nescafe Latte 10 pack",
    "WOW Price": 3.15,
    "WOW Size": "10 pack",
    "WOW ppu": "$0.32 / 1EA"
  },
  {
    "Brand_Product_Size": "Nescafe Latte 10 pack",
    "WOW Price": 3.15,
    "WOW Size": "10 pack",
    "WOW ppu": "$0.32 / 1EA"
  },
  {
    "Brand_Product_Size": "Essentials Cup Paper 25 pack",
    "WOW Price": 3,
    "WOW Size": "25 pack",
    "WOW ppu": "$0.12 / 1EA"
  },
  {
    "Brand_Product_Size": "I Pastai Mushroom Truffle Sauce 240g",
    "WOW Price": 7.5,
    "WOW Size": "240g",
    "WOW ppu": "$3.13 / 100G"
  },
  {
    "Brand_Product_Size": "D'orsogna Plain Streaky Bacon From The Deli per kg",
    "WOW Price": 17,
    "WOW Size": "per kg",
    "WOW ppu": "$17.00 / 1KG"
  },
  {
    "Brand_Product_Size": "Woolworths Cook Lamb Strips Souvlaki 500g",
    "WOW Price": 13,
    "WOW Size": "500g",
    "WOW ppu": "$26.00 / 1KG"
  },
  {
    "Brand_Product_Size": "Birds Eye Country Harvest Carrot Cauliflower & Broccoli 1kg",
    "WOW Price": 5,
    "WOW Size": "1kg",
    "WOW ppu": "$5.00 / 1KG"
  },
  {
    "Brand_Product_Size": "Thomas Dux Double Cream Camembert 200g",
    "WOW Price": 5,
    "WOW Size": "200g",
    "WOW ppu": "$25.00 / 1KG"
  },
  {
    "Brand_Product_Size": "Thomas Dux Double Cream Camembert 200g",
    "WOW Price": 5,
    "WOW Size": "200g",
    "WOW ppu": "$25.00 / 1KG"
  },
  {
    "Brand_Product_Size": "Macro Lentil Bites Beetroot 6 pack",
    "WOW Price": 4.5,
    "WOW Size": "6 pack",
    "WOW ppu": "$4.17 / 100G"
  },
  {
    "Brand_Product_Size": "Macro Lentil Bites Beetroot 6 pack",
    "WOW Price": 4.5,
    "WOW Size": "6 pack",
    "WOW ppu": "$4.17 / 100G"
  },
  {
    "Brand_Product_Size": "Sally Hansen Miracle Gel Mauve-olous each",
    "WOW Price": 8.5,
    "WOW Size": "each",
    "WOW ppu": "$5.78 / 10ML"
  },
  {
    "Brand_Product_Size": "Gluten Free Bakehouse Party Pack 12 pack",
    "WOW Price": 8,
    "WOW Size": "12 pack",
    "WOW ppu": "$1.67 / 100G"
  },
  {
    "Brand_Product_Size": "Woolworths Drought Relief Full Cream Milk 3L",
    "WOW Price": 3.59,
    "WOW Size": "3L",
    "WOW ppu": "$1.20 / 1L"
  },
  {
    "Brand_Product_Size": "Woolworths Sweet Chilli Sauce 700mL",
    "WOW Price": 2,
    "WOW Size": "700mL",
    "WOW ppu": "$0.29 / 100ML"
  },
  {
    "Brand_Product_Size": "Woolworths Choc Coated Vanilla Ice Cream Sticks 10 pack",
    "WOW Price": 3,
    "WOW Size": "10 pack",
    "WOW ppu": "$0.35 / 100ML"
  },
  {
    "Brand_Product_Size": "Woolworths White Rice Long Grain 1kg",
    "WOW Price": 1.4,
    "WOW Size": "1kg",
    "WOW ppu": "$0.14 / 100G"
  },
  {
    "Brand_Product_Size": "Aussie Sprouts Alfalfa Sprouts 125g punnet",
    "WOW Price": 2.4,
    "WOW Size": "125g punnet",
    "WOW ppu": "$19.20 / 1KG"
  },
  {
    "Brand_Product_Size": "Woolworths Mild Salsa 300g",
    "WOW Price": 1.5,
    "WOW Size": "300g",
    "WOW ppu": "$0.50 / 100G"
  },
  {
    "Brand_Product_Size": "Crayola Side Walk Chalk 16 pack",
    "WOW Price": 3.5,
    "WOW Size": "16 pack",
    "WOW ppu": ""
  },
  {
    "Brand_Product_Size": "Cocobella Dairy Free Coconut Yoghurt Pouch Strawberry 110g",
    "WOW Price": 2,
    "WOW Size": "110g",
    "WOW ppu": "$1.82 / 100G"
  },
  {
    "Brand_Product_Size": "Glen 20 Disinfectant Spray Lavender 300g",
    "WOW Price": 4,
    "WOW Size": "300g",
    "WOW ppu": "$1.33 / 100G"
  },
  {
    "Brand_Product_Size": "Little Trees Fiber Can Air Freshener Caribbean Colada 30g",
    "WOW Price": 6,
    "WOW Size": "30g",
    "WOW ppu": "$20.00 / 100G"
  },
  {
    "Brand_Product_Size": "Bellamy's Organic Apple Snacks Apple 20g",
    "WOW Price": 3.5,
    "WOW Size": "20g",
    "WOW ppu": "$17.50 / 100G"
  },
  {
    "Brand_Product_Size": "Dollar Sweets Happy Birthday Edible Icing Sheet each",
    "WOW Price": 5,
    "WOW Size": "each",
    "WOW ppu": "$5.00 / 1EA"
  },
  {
    "Brand_Product_Size": "Healtheries Potato Stix Fun Mix Multipack 12 pack",
    "WOW Price": 7.5,
    "WOW Size": "12 pack",
    "WOW ppu": "$3.13 / 100G"
  },
  {
    "Brand_Product_Size": "L'or Espresso Onyx Intensity 12 Coffee Capsules 40 pack",
    "WOW Price": 18,
    "WOW Size": "40 pack",
    "WOW ppu": "$0.45 / 1EA"
  },
  {
    "Brand_Product_Size": "L'or Espresso Onyx Intensity 12 Coffee Capsules 40 pack",
    "WOW Price": 18,
    "WOW Size": "40 pack",
    "WOW ppu": "$0.45 / 1EA"
  },
  {
    "Brand_Product_Size": "Woolworths Sliced Mild Salami With Tasty Cheese, Garlic Stuffed Olives 60g",
    "WOW Price": 3,
    "WOW Size": "60g",
    "WOW ppu": "$50.00 / 1KG"
  },
  {
    "Brand_Product_Size": "Radiant Whites Or Colours Laundry Liquid 2L",
    "WOW Price": 18,
    "WOW Size": "2L",
    "WOW ppu": "$9.00 / 1L"
  },
  {
    "Brand_Product_Size": "Danone Yopro Pouch Strawberry Yoghurt 150g",
    "WOW Price": 2.4,
    "WOW Size": "150g",
    "WOW ppu": "$1.60 / 100G"
  },
  {
    "Brand_Product_Size": "Quilton Tuffy Paper Towel Triple Length White 360 Sheets 2 pack",
    "WOW Price": 6,
    "WOW Size": "2 pack",
    "WOW ppu": "$1.67 / 100SS"
  },
  {
    "Brand_Product_Size": "Sun Valley True Fruit Bars 100% Tropical Fruit Nas 6 pack",
    "WOW Price": 4.5,
    "WOW Size": "6 pack",
    "WOW ppu": "$3.75 / 100G"
  },
  {
    "Brand_Product_Size": "Sun Valley True Fruit Bars 100% Tropical Fruit Nas 6 pack",
    "WOW Price": 4.5,
    "WOW Size": "6 pack",
    "WOW ppu": "$3.75 / 100G"
  },
  {
    "Brand_Product_Size": "Nescafe Blend 43 Instant Coffee Jar 150g",
    "WOW Price": 9.4,
    "WOW Size": "150g",
    "WOW ppu": "$6.27 / 100G"
  },
  {
    "Brand_Product_Size": "Nescafe Blend 43 Instant Coffee Jar 150g",
    "WOW Price": 9.4,
    "WOW Size": "150g",
    "WOW ppu": "$6.27 / 100G"
  },
  {
    "Brand_Product_Size": "Just Juice Apple Juice 6x200mL",
    "WOW Price": 3.5,
    "WOW Size": "6x200mL",
    "WOW ppu": "$2.92 / 1L"
  },
  {
    "Brand_Product_Size": "Just Juice Apple Juice 6x200mL",
    "WOW Price": 3.5,
    "WOW Size": "6x200mL",
    "WOW ppu": "$2.92 / 1L"
  },
  {
    "Brand_Product_Size": "Sonic B Suave Wireless Bluetooth Earphones each",
    "WOW Price": 30,
    "WOW Size": "each",
    "WOW ppu": ""
  },
  {
    "Brand_Product_Size": "Woolworths Beef Soup Bones 1kg - 1.3kg",
    "WOW Price": 9.1,
    "WOW Size": "1kg - 1.3kg",
    "WOW ppu": "$7.00 / 1KG"
  },
  {
    "Brand_Product_Size": "Pauls Custard Chocolate 140g",
    "WOW Price": 2,
    "WOW Size": "140g",
    "WOW ppu": "$1.43 / 100G"
  },
  {
    "Brand_Product_Size": "Mint Non-stick Coating Large Roaster Pan each",
    "WOW Price": 9.6,
    "WOW Size": "each",
    "WOW ppu": ""
  },
  {
    "Brand_Product_Size": "Strength Meals Co Braised Beef Ragu 350g",
    "WOW Price": 9,
    "WOW Size": "350g",
    "WOW ppu": "$2.57 / 100G"
  },
  {
    "Brand_Product_Size": "Woolworths Kaffir Lime Leaf Fresh Herb 10g punnet",
    "WOW Price": 3,
    "WOW Size": "10g punnet",
    "WOW ppu": "$3.00 / 10G"
  },
  {
    "Brand_Product_Size": "Woolworths Kaffir Lime Leaf Fresh Herb 10g punnet",
    "WOW Price": 3,
    "WOW Size": "10g punnet",
    "WOW ppu": "$3.00 / 10G"
  },
  {
    "Brand_Product_Size": "Cobs Popcorn Sea Salt Multipack Gluten Free 5 pack",
    "WOW Price": 3.15,
    "WOW Size": "5 pack",
    "WOW ppu": "$4.85 / 100G"
  },
  {
    "Brand_Product_Size": "Della Rosa Family Favourites Bbq Meat Feast Pizza 470g",
    "WOW Price": 3.5,
    "WOW Size": "470g",
    "WOW ppu": "$0.74 / 100G"
  },
  {
    "Brand_Product_Size": "Della Rosa Family Favourites Bbq Meat Feast Pizza 470g",
    "WOW Price": 3.5,
    "WOW Size": "470g",
    "WOW ppu": "$0.74 / 100G"
  },
  {
    "Brand_Product_Size": "White King Mould & Scum Remover Lemon 500mL",
    "WOW Price": 4.5,
    "WOW Size": "500mL",
    "WOW ppu": "$0.90 / 100ML"
  },
  {
    "Brand_Product_Size": "Macro Organic Round Beans 200g",
    "WOW Price": 3.5,
    "WOW Size": "200g",
    "WOW ppu": "$17.50 / 1KG"
  },
  {
    "Brand_Product_Size": "Philips Led 1055lm Warm Bc 2 pack",
    "WOW Price": 6.5,
    "WOW Size": "2 pack",
    "WOW ppu": "$3.25 / 1EA"
  },
  {
    "Brand_Product_Size": "Macro Certified Organic Baby Spinach 100g",
    "WOW Price": 4,
    "WOW Size": "100g",
    "WOW ppu": "$40.00 / 1KG"
  },
  {
    "Brand_Product_Size": "Swisse Ultiboost Super Strength Wild Fish Oil Capsules 200 pack",
    "WOW Price": 35,
    "WOW Size": "200 pack",
    "WOW ppu": "$17.50 / 100EA"
  },
  {
    "Brand_Product_Size": "Cold Power Advanced Clean Front & Top Loader Laundry Liquid 4L",
    "WOW Price": 30,
    "WOW Size": "4L",
    "WOW ppu": "$7.50 / 1L"
  },
  {
    "Brand_Product_Size": "Mushrooms Cups Loose per kg",
    "WOW Price": 11,
    "WOW Size": "per kg",
    "WOW ppu": "$11.00 / 1KG"
  },
  {
    "Brand_Product_Size": "Mushrooms Cups Loose per kg",
    "WOW Price": 11,
    "WOW Size": "per kg",
    "WOW ppu": "$11.00 / 1KG"
  },
  {
    "Brand_Product_Size": "Moccona Dark & Intense Dried Coffee 200g",
    "WOW Price": 11,
    "WOW Size": "200g",
    "WOW ppu": "$5.50 / 100G"
  },
  {
    "Brand_Product_Size": "Moccona Dark & Intense Dried Coffee 200g",
    "WOW Price": 11,
    "WOW Size": "200g",
    "WOW ppu": "$5.50 / 100G"
  },
  {
    "Brand_Product_Size": "Jack Hammer Paint Kit each",
    "WOW Price": 8,
    "WOW Size": "each",
    "WOW ppu": "$8.00 / 1EA"
  },
  {
    "Brand_Product_Size": "Cover Girl & Olay Simply Ageless Foundation 225 Buff Beige 12g",
    "WOW Price": 12.75,
    "WOW Size": "12g",
    "WOW ppu": "$10.63 / 10G"
  },
  {
    "Brand_Product_Size": "Made With Plants Meat Free Thai Green Curry With Rice 400g",
    "WOW Price": 9,
    "WOW Size": "400g",
    "WOW ppu": "$2.25 / 100G"
  },
  {
    "Brand_Product_Size": "Tasti Nut Bar Dark Choc & Cranberry 420g",
    "WOW Price": 5,
    "WOW Size": "420g",
    "WOW ppu": "$1.19 / 100G"
  },
  {
    "Brand_Product_Size": "Ingham's Crumbed Chicken Breast Munchies 400g",
    "WOW Price": 5,
    "WOW Size": "400g",
    "WOW ppu": "$12.50 / 1KG"
  },
  {
    "Brand_Product_Size": "Ingham's Quick Cook Crumbed Southern Style Tenders 440g",
    "WOW Price": 9,
    "WOW Size": "440g",
    "WOW ppu": "$20.45 / 1KG"
  },
  {
    "Brand_Product_Size": "Armada Bbq Foil Trays Small 10 pack",
    "WOW Price": 4,
    "WOW Size": "10 pack",
    "WOW ppu": "$0.40 / 1EA"
  },
  {
    "Brand_Product_Size": "Sanitarium Up&go Vanilla Ice 500mL",
    "WOW Price": 3.6,
    "WOW Size": "500mL",
    "WOW ppu": "$7.20 / 1L"
  },
  {
    "Brand_Product_Size": "Woolworths Sweet & Juicy Mandarins 750g prepack",
    "WOW Price": 3.9,
    "WOW Size": "750g prepack",
    "WOW ppu": "$5.20 / 1KG"
  },
  {
    "Brand_Product_Size": "Woolworths Sweet & Juicy Mandarins 750g prepack",
    "WOW Price": 3.9,
    "WOW Size": "750g prepack",
    "WOW ppu": "$5.20 / 1KG"
  },
  {
    "Brand_Product_Size": "Kiwi Fruit Gold 500g punnet",
    "WOW Price": 5.9,
    "WOW Size": "500g punnet",
    "WOW ppu": "$11.80 / 1KG"
  },
  {
    "Brand_Product_Size": "Leggos Fresh Ricotta & Vegetable Tortellini 630g",
    "WOW Price": 8,
    "WOW Size": "630g",
    "WOW ppu": "$1.27 / 100G"
  },
  {
    "Brand_Product_Size": "Woolworths Caramel Iced Donuts 4 pack",
    "WOW Price": 5,
    "WOW Size": "4 pack",
    "WOW ppu": "$1.25 / 1EA"
  },
  {
    "Brand_Product_Size": "Gourmet Garden Parsley Lightly Dried 8g sachet",
    "WOW Price": 3.5,
    "WOW Size": "8g sachet",
    "WOW ppu": "$4.38 / 10G"
  },
  {
    "Brand_Product_Size": "Gourmet Garden Parsley Lightly Dried 8g sachet",
    "WOW Price": 3.5,
    "WOW Size": "8g sachet",
    "WOW ppu": "$4.38 / 10G"
  },
  {
    "Brand_Product_Size": "Moccona Freeze Dried Instant Coffee Classic Dark Roast 100g",
    "WOW Price": 6,
    "WOW Size": "100g",
    "WOW ppu": "$6.00 / 100G"
  },
  {
    "Brand_Product_Size": "Moccona Freeze Dried Instant Coffee Classic Dark Roast 100g",
    "WOW Price": 6,
    "WOW Size": "100g",
    "WOW ppu": "$6.00 / 100G"
  },
  {
    "Brand_Product_Size": "Streets Cornetto Golden Gaytime 4 pack",
    "WOW Price": 5,
    "WOW Size": "4 pack",
    "WOW ppu": "$1.14 / 100ML"
  },
  {
    "Brand_Product_Size": "Friskies Adult Indoor Delights Dry Cat Food 1kg",
    "WOW Price": 4.9,
    "WOW Size": "1kg",
    "WOW ppu": "$0.49 / 100G"
  },
  {
    "Brand_Product_Size": "Bar None Conditioner Normal Hair 400mL",
    "WOW Price": 20,
    "WOW Size": "400mL",
    "WOW ppu": "$5.00 / 100ML"
  },
  {
    "Brand_Product_Size": "Energizer Micro-usb Cable Black 1.2 Metre each",
    "WOW Price": 10,
    "WOW Size": "each",
    "WOW ppu": ""
  },
  {
    "Brand_Product_Size": "Orgran Corn Crispbread Crackers 125g",
    "WOW Price": 3,
    "WOW Size": "125g",
    "WOW ppu": "$2.40 / 100G"
  },
  {
    "Brand_Product_Size": "Rimmel Oh My Gloss Crystal Clear 6.5mL",
    "WOW Price": 7,
    "WOW Size": "6.5mL",
    "WOW ppu": "$10.77 / 10ML"
  },
  {
    "Brand_Product_Size": "Heinz Creamy Ranch Mayonnaise 295mL",
    "WOW Price": 4.5,
    "WOW Size": "295mL",
    "WOW ppu": "$1.53 / 100ML"
  },
  {
    "Brand_Product_Size": "Mcobeauty Pro Foundation & Buffing Brush each",
    "WOW Price": 7.5,
    "WOW Size": "each",
    "WOW ppu": "$7.50 / 1EA"
  },
  {
    "Brand_Product_Size": "Ecostore Rose & Almond Soap Bar 150g",
    "WOW Price": 3.5,
    "WOW Size": "150g",
    "WOW ppu": "$2.33 / 100G"
  },
  {
    "Brand_Product_Size": "Essentials Mini Dark Choc Chips 250g",
    "WOW Price": 1.5,
    "WOW Size": "250g",
    "WOW ppu": "$0.60 / 100G"
  },
  {
    "Brand_Product_Size": "Oxo Chicken Stock Cubes 71g",
    "WOW Price": 2,
    "WOW Size": "71g",
    "WOW ppu": "$0.28 / 10G"
  },
  {
    "Brand_Product_Size": "Macro Organic Coconut Water 330mL",
    "WOW Price": 2,
    "WOW Size": "330mL",
    "WOW ppu": "$6.06 / 1L"
  },
  {
    "Brand_Product_Size": "Bhuja Nut Mix 140g",
    "WOW Price": 4,
    "WOW Size": "140g",
    "WOW ppu": "$28.57 / 1KG"
  },
  {
    "Brand_Product_Size": "Mud Liquid Foundation 003 Cream Beige 30mL",
    "WOW Price": 5.5,
    "WOW Size": "30mL",
    "WOW ppu": "$1.83 / 10ML"
  },
  {
    "Brand_Product_Size": "Jalna Natural Greek Yoghurt 170g",
    "WOW Price": 1.95,
    "WOW Size": "170g",
    "WOW ppu": "$1.15 / 100G"
  },
  {
    "Brand_Product_Size": "Olina's Seriously Seedy Snackers Barbeque 140g",
    "WOW Price": 4,
    "WOW Size": "140g",
    "WOW ppu": "$2.86 / 100G"
  },
  {
    "Brand_Product_Size": "Chris' Dips Corn Relish 200g",
    "WOW Price": 3.5,
    "WOW Size": "200g",
    "WOW ppu": "$1.75 / 100G"
  },
  {
    "Brand_Product_Size": "Lifestyles Condoms Regular 10 pack",
    "WOW Price": 5.8,
    "WOW Size": "10 pack",
    "WOW ppu": "$0.58 / 1EA"
  },
  {
    "Brand_Product_Size": "Fancy Feast Adult Classic Tuna Feast In Gravy Grilled Wet Cat Food 85g",
    "WOW Price": 1.45,
    "WOW Size": "85g",
    "WOW ppu": "$1.71 / 100G"
  },
  {
    "Brand_Product_Size": "Kellogg's Lcms Caramel Popcorn Snack Bars 6 pack",
    "WOW Price": 2,
    "WOW Size": "6 pack",
    "WOW ppu": "$1.85 / 100G"
  },
  {
    "Brand_Product_Size": "Kellogg's Lcms Caramel Popcorn Snack Bars 6 pack",
    "WOW Price": 2,
    "WOW Size": "6 pack",
    "WOW ppu": "$1.85 / 100G"
  },
  {
    "Brand_Product_Size": "Sanitarium Up&go Yoghurt Milk Chocolate 120g",
    "WOW Price": 1.1,
    "WOW Size": "120g",
    "WOW ppu": "$0.92 / 100G"
  },
  {
    "Brand_Product_Size": "Woolworths Crumbed Prawn Cutlets 500g",
    "WOW Price": 8.5,
    "WOW Size": "500g",
    "WOW ppu": "$17.00 / 1KG"
  },
  {
    "Brand_Product_Size": "Woolworths Crumbed Prawn Cutlets 500g",
    "WOW Price": 8.5,
    "WOW Size": "500g",
    "WOW ppu": "$17.00 / 1KG"
  },
  {
    "Brand_Product_Size": "Burger Rings Burger Snacks Party Size Bag 220g",
    "WOW Price": 3,
    "WOW Size": "220g",
    "WOW ppu": "$1.36 / 100G"
  },
  {
    "Brand_Product_Size": "Oral-b 3d White Glamorous White Toothpaste 95g",
    "WOW Price": 9,
    "WOW Size": "95g",
    "WOW ppu": "$9.47 / 100G"
  },
  {
    "Brand_Product_Size": "Sanitarium So Good Barista Edition Oat Milk 1L",
    "WOW Price": 4,
    "WOW Size": "1L",
    "WOW ppu": "$4.00 / 1L"
  },
  {
    "Brand_Product_Size": "Sanitarium So Good Barista Edition Oat Milk 1L",
    "WOW Price": 4,
    "WOW Size": "1L",
    "WOW ppu": "$4.00 / 1L"
  },
  {
    "Brand_Product_Size": "Woolworths Vanilla Flavoured Custard Pouch 85g",
    "WOW Price": 0.95,
    "WOW Size": "85g",
    "WOW ppu": "$11.18 / 1KG"
  },
  {
    "Brand_Product_Size": "Musashi Protein Wafer Vanilla 40g",
    "WOW Price": 2.8,
    "WOW Size": "40g",
    "WOW ppu": "$7.00 / 100G"
  },
  {
    "Brand_Product_Size": "Dr. Oetker Ready To Roll Icing White 1kg",
    "WOW Price": 8,
    "WOW Size": "1kg",
    "WOW ppu": "$0.80 / 100G"
  },
  {
    "Brand_Product_Size": "Herbal Essences Shampoo Moroccan My Shine 300mL",
    "WOW Price": 3.25,
    "WOW Size": "300mL",
    "WOW ppu": "$1.08 / 100ML"
  },
  {
    "Brand_Product_Size": "Della Rosa Stuffed Crust Pepperoni Pizza 500g",
    "WOW Price": 8,
    "WOW Size": "500g",
    "WOW ppu": "$1.60 / 100G"
  },
  {
    "Brand_Product_Size": "Old El Paso Hard N Soft Taco Kit 350g",
    "WOW Price": 7,
    "WOW Size": "350g",
    "WOW ppu": "$2.00 / 100G"
  },
  {
    "Brand_Product_Size": "Pedigree Adult With Chicken Dry Dog Food 8kg",
    "WOW Price": 20,
    "WOW Size": "8kg",
    "WOW ppu": "$0.25 / 100G"
  },
  {
    "Brand_Product_Size": "Revlon Super Lustrous Lipstick Soft Silver Rose each",
    "WOW Price": 12.5,
    "WOW Size": "each",
    "WOW ppu": "$29.76 / 10G"
  },
  {
    "Brand_Product_Size": "The Juice Brothers Orange Pulp Free 1.5L",
    "WOW Price": 7,
    "WOW Size": "1.5L",
    "WOW ppu": "$4.67 / 1L"
  },
  {
    "Brand_Product_Size": "Underworks Womens All Day Cushion Foot Socks Black Size 9-11 2 pack",
    "WOW Price": 15,
    "WOW Size": "2 pack",
    "WOW ppu": "$7.50 / 1EA"
  },
  {
    "Brand_Product_Size": "Easyliner Supergrip Mat Door Easyliner 50x200cm each",
    "WOW Price": 10,
    "WOW Size": "each",
    "WOW ppu": ""
  },
  {
    "Brand_Product_Size": "Heinz No Added Sugar Tropical Custard 120g",
    "WOW Price": 1.5,
    "WOW Size": "120g",
    "WOW ppu": "$1.25 / 100G"
  },
  {
    "Brand_Product_Size": "Aerogard Fabric Insect Repellent Odourless 150g",
    "WOW Price": 11.5,
    "WOW Size": "150g",
    "WOW ppu": "$7.67 / 100G"
  },
  {
    "Brand_Product_Size": "Super Nature Slow Cooked Lamb Hot Pot 300g",
    "WOW Price": 4,
    "WOW Size": "300g",
    "WOW ppu": "$1.33 / 100G"
  },
  {
    "Brand_Product_Size": "Baxter's Lamb Bone Hickory Smoked each",
    "WOW Price": 3,
    "WOW Size": "each",
    "WOW ppu": "$3.00 / 1EA"
  },
  {
    "Brand_Product_Size": "Jackson 4 Outlet Usb Charger With Mains Outlet each",
    "WOW Price": 25,
    "WOW Size": "each",
    "WOW ppu": ""
  },
  {
    "Brand_Product_Size": "Rimmel Wonder Luxe Mascara Black Carded 11mL",
    "WOW Price": 10.5,
    "WOW Size": "11mL",
    "WOW ppu": "$9.55 / 10ML"
  },
  {
    "Brand_Product_Size": "Thursday Plantation Peppermint Oil 25mL",
    "WOW Price": 13,
    "WOW Size": "25mL",
    "WOW ppu": "$52.00 / 100ML"
  },
  {
    "Brand_Product_Size": "Oh So Comfy Soft Knitted Elastics 10 pack",
    "WOW Price": 5,
    "WOW Size": "10 pack",
    "WOW ppu": ""
  },
  {
    "Brand_Product_Size": "Red Rock Deli Cheddar & Parmesan Deli Style Crackers 135g",
    "WOW Price": 2.8,
    "WOW Size": "135g",
    "WOW ppu": "$2.07 / 100G"
  },
  {
    "Brand_Product_Size": "White King Bathroom Power Gel Lemon 750mL",
    "WOW Price": 3.5,
    "WOW Size": "750mL",
    "WOW ppu": "$0.47 / 100ML"
  },
  {
    "Brand_Product_Size": "Magnum Tub Ice Cream Almond 440mL",
    "WOW Price": 9,
    "WOW Size": "440mL",
    "WOW ppu": "$2.05 / 100ML"
  },
  {
    "Brand_Product_Size": "Carlton Zero Alcohol 330mL x6 pack",
    "WOW Price": 11.55,
    "WOW Size": "330mL x6 pack",
    "WOW ppu": "$5.83 / 1L"
  },
  {
    "Brand_Product_Size": "Maybelline Superstay Matte Ink Liquid Lipstick - Lover 15 5mL",
    "WOW Price": 11,
    "WOW Size": "5mL",
    "WOW ppu": "$22.00 / 10ML"
  },
  {
    "Brand_Product_Size": "Marion's Kitchen Thai Yellow Curry Cooking Kit 404g",
    "WOW Price": 7.45,
    "WOW Size": "404g",
    "WOW ppu": "$1.84 / 100G"
  },
  {
    "Brand_Product_Size": "Rimmel Wonder Luxe Mascara 11mL",
    "WOW Price": 10.5,
    "WOW Size": "11mL",
    "WOW ppu": "$9.55 / 10ML"
  },
  {
    "Brand_Product_Size": "Inside Out Barista Almond Uht Milk 1L",
    "WOW Price": 5,
    "WOW Size": "1L",
    "WOW ppu": "$5.00 / 1L"
  },
  {
    "Brand_Product_Size": "Inside Out Barista Almond Uht Milk 1L",
    "WOW Price": 5,
    "WOW Size": "1L",
    "WOW ppu": "$5.00 / 1L"
  },
  {
    "Brand_Product_Size": "Lipton Ice Green Tea Citrus 1.5L",
    "WOW Price": 3.95,
    "WOW Size": "1.5L",
    "WOW ppu": "$2.63 / 1L"
  },
  {
    "Brand_Product_Size": "Selleys Oven Cleaner Wipes 12 pack",
    "WOW Price": 5,
    "WOW Size": "12 pack",
    "WOW ppu": "$0.42 / 1EA"
  },
  {
    "Brand_Product_Size": "Lavazza Qualita Rossa Beans 1kg",
    "WOW Price": 15.4,
    "WOW Size": "1kg",
    "WOW ppu": "$1.54 / 100G"
  },
  {
    "Brand_Product_Size": "Lavazza Qualita Rossa Beans 1kg",
    "WOW Price": 15.4,
    "WOW Size": "1kg",
    "WOW ppu": "$1.54 / 100G"
  },
  {
    "Brand_Product_Size": "Swisse Ultiboost Magnesium 120 tabLets",
    "WOW Price": 35.5,
    "WOW Size": "120 tabLets",
    "WOW ppu": "$29.58 / 100EA"
  },
  {
    "Brand_Product_Size": "Energizer Battery Advanced C 2 pack",
    "WOW Price": 7,
    "WOW Size": "2 pack",
    "WOW ppu": "$3.50 / 1EA"
  },
  {
    "Brand_Product_Size": "Nivea Black & White Clear Aerosol Antiperspirant Deodorant 250mL",
    "WOW Price": 6.5,
    "WOW Size": "250mL",
    "WOW ppu": "$2.60 / 100ML"
  },
  {
    "Brand_Product_Size": "Ceres Organics Chilli Gherkins 670g",
    "WOW Price": 6.5,
    "WOW Size": "670g",
    "WOW ppu": "$0.97 / 100G"
  },
  {
    "Brand_Product_Size": "Purina Totalcare Brush & Shine 2in1 For Dogs each",
    "WOW Price": 14,
    "WOW Size": "each",
    "WOW ppu": "$14.00 / 1EA"
  },
  {
    "Brand_Product_Size": "Sanitarium So Good Long Life Regular Soy Milk 250mL x3 pack",
    "WOW Price": 2.7,
    "WOW Size": "250mL x3 pack",
    "WOW ppu": "$3.60 / 1L"
  },
  {
    "Brand_Product_Size": "Sanitarium So Good Long Life Regular Soy Milk 250mL x3 pack",
    "WOW Price": 2.7,
    "WOW Size": "250mL x3 pack",
    "WOW ppu": "$3.60 / 1L"
  },
  {
    "Brand_Product_Size": "Essentials Plain Flour 1kg",
    "WOW Price": 1,
    "WOW Size": "1kg",
    "WOW ppu": "$1.00 / 1KG"
  },
  {
    "Brand_Product_Size": "Macro Flavoured Textured Vegetable Protein Italian 100g",
    "WOW Price": 4,
    "WOW Size": "100g",
    "WOW ppu": "$4.00 / 100G"
  },
  {
    "Brand_Product_Size": "Aptamil Gold+ Lactose Intolerance Baby Formula From 0-12 Months 900g",
    "WOW Price": 25,
    "WOW Size": "900g",
    "WOW ppu": "$2.78 / 100G"
  },
  {
    "Brand_Product_Size": "Lotus Biscoff Spread 400g",
    "WOW Price": 5.5,
    "WOW Size": "400g",
    "WOW ppu": "$1.38 / 100G"
  },
  {
    "Brand_Product_Size": "Ogx Cherry Blossom Conditioner 385mL",
    "WOW Price": 20,
    "WOW Size": "385mL",
    "WOW ppu": "$5.19 / 100ML"
  },
  {
    "Brand_Product_Size": "Pine O Cleen Surface Wipes 120 pack",
    "WOW Price": 10,
    "WOW Size": "120 pack",
    "WOW ppu": "$0.08 / 1EA"
  },
  {
    "Brand_Product_Size": "Woolworths Orange Juice Pulp Free 2L",
    "WOW Price": 5,
    "WOW Size": "2L",
    "WOW ppu": "$2.50 / 1L"
  },
  {
    "Brand_Product_Size": "Simply Wize Gluten Free Gnocchi 500g",
    "WOW Price": 5.5,
    "WOW Size": "500g",
    "WOW ppu": "$1.10 / 100G"
  },
  {
    "Brand_Product_Size": "Schweppes Bitter Lemon 4 x300mL",
    "WOW Price": 5.9,
    "WOW Size": "4 x300mL",
    "WOW ppu": "$4.92 / 1L"
  },
  {
    "Brand_Product_Size": "Energizer Max Type C Batteries 4 pack",
    "WOW Price": 12,
    "WOW Size": "4 pack",
    "WOW ppu": "$3.00 / 1EA"
  },
  {
    "Brand_Product_Size": "Bonds Mens Cushioned Crew Socks Size 6-10 3 pack",
    "WOW Price": 15,
    "WOW Size": "3 pack",
    "WOW ppu": ""
  },
  {
    "Brand_Product_Size": "Nurofen Zavance Fast Pain Relief Caplets 256mg Ibuprofen 24 pack",
    "WOW Price": 7,
    "WOW Size": "24 pack",
    "WOW ppu": "$0.29 / 1EA"
  },
  {
    "Brand_Product_Size": "Voost Effervescent Vitamin B+ Performance 40 pack",
    "WOW Price": 13,
    "WOW Size": "40 pack",
    "WOW ppu": "$32.50 / 100EA"
  },
  {
    "Brand_Product_Size": "Lee Kum Kee Sauce Mongolian Lamb Ready 120g",
    "WOW Price": 1.7,
    "WOW Size": "120g",
    "WOW ppu": "$1.42 / 100G"
  },
  {
    "Brand_Product_Size": "Poppin Microwave Popcorn Butter Flavour Mini Packs 25g x5 pack",
    "WOW Price": 3.8,
    "WOW Size": "25g x5 pack",
    "WOW ppu": "$3.04 / 100G"
  },
  {
    "Brand_Product_Size": "Bee Vital Organic Apple Cider Vinegar 500mL",
    "WOW Price": 5.5,
    "WOW Size": "500mL",
    "WOW ppu": "$1.10 / 100ML"
  },
  {
    "Brand_Product_Size": "Herbal Essences Hair Oil Blend Coconut & Aloe Hydrate 100mL",
    "WOW Price": 10,
    "WOW Size": "100mL",
    "WOW ppu": "$10.00 / 100ML"
  },
  {
    "Brand_Product_Size": "Go Natural Bars Yoghurt Coated Almond & Apricot 40g",
    "WOW Price": 1.5,
    "WOW Size": "40g",
    "WOW ppu": "$3.75 / 100G"
  },
  {
    "Brand_Product_Size": "Clive Of India Curry Powder 100g",
    "WOW Price": 3.5,
    "WOW Size": "100g",
    "WOW ppu": "$0.35 / 10G"
  },
  {
    "Brand_Product_Size": "Yeo's Ingredients Sesame Oil 150mL",
    "WOW Price": 3.15,
    "WOW Size": "150mL",
    "WOW ppu": "$2.10 / 100ML"
  },
  {
    "Brand_Product_Size": "Green's Temptations Jumbo Apple Crumble Muffin Mix 450g",
    "WOW Price": 4,
    "WOW Size": "450g",
    "WOW ppu": "$0.89 / 100G"
  },
  {
    "Brand_Product_Size": "Vileda Sponge Non Scratch Scouring 2 pack",
    "WOW Price": 4.5,
    "WOW Size": "2 pack",
    "WOW ppu": "$2.25 / 1EA"
  },
  {
    "Brand_Product_Size": "Birch & Waite Salad Dressing Greek Yoghurt Feta & Dill 250mL",
    "WOW Price": 5,
    "WOW Size": "250mL",
    "WOW ppu": "$2.00 / 100ML"
  },
  {
    "Brand_Product_Size": "Mccormicks Katsu Crumb Style Street Food Seasoning 25g",
    "WOW Price": 2,
    "WOW Size": "25g",
    "WOW ppu": "$0.80 / 10G"
  },
  {
    "Brand_Product_Size": "Allendale Pantyhose Statique Spray 150mL",
    "WOW Price": 7,
    "WOW Size": "150mL",
    "WOW ppu": ""
  },
  {
    "Brand_Product_Size": "Haribo Sweet & Sour Bears 140g",
    "WOW Price": 2.4,
    "WOW Size": "140g",
    "WOW ppu": "$1.71 / 100G"
  },
  {
    "Brand_Product_Size": "Rimmel Stay Matte Liquid Lip Colour #700 Be My Baby 5.5ml each",
    "WOW Price": 7.5,
    "WOW Size": "each",
    "WOW ppu": "$13.64 / 10ML"
  },
  {
    "Brand_Product_Size": "Freshwater Farm Australia Rosewater + Pink Clay Cleansing Castile Hand Wash 500mL",
    "WOW Price": 10,
    "WOW Size": "500mL",
    "WOW ppu": "$2.00 / 100ML"
  },
  {
    "Brand_Product_Size": "Ease A Cold Day Cough Cold & Flu Capsules 20 pack",
    "WOW Price": 18,
    "WOW Size": "20 pack",
    "WOW ppu": "$0.90 / 1EA"
  },
  {
    "Brand_Product_Size": "Spc Peaches Reduced Sugar 4 pack",
    "WOW Price": 4,
    "WOW Size": "4 pack",
    "WOW ppu": "$8.33 / 1KG"
  },
  {
    "Brand_Product_Size": "Heinz Plant Proteinz Mexican Style Corn & Black Bean Soup 330g",
    "WOW Price": 3.6,
    "WOW Size": "330g",
    "WOW ppu": "$1.09 / 100G"
  },
  {
    "Brand_Product_Size": "Pureau Pure Water 2L",
    "WOW Price": 2.75,
    "WOW Size": "2L",
    "WOW ppu": "$1.38 / 1L"
  },
  {
    "Brand_Product_Size": "Nice & Natural Fruit Dino Snacks 16 pack",
    "WOW Price": 6,
    "WOW Size": "16 pack",
    "WOW ppu": "$2.14 / 100G"
  },
  {
    "Brand_Product_Size": "Paperclick Assorted Pens With Lid 50 pack",
    "WOW Price": 5,
    "WOW Size": "50 pack",
    "WOW ppu": ""
  },
  {
    "Brand_Product_Size": "Staminade Lemon & Lime Powder 585g",
    "WOW Price": 10,
    "WOW Size": "585g",
    "WOW ppu": "$1.71 / 100G"
  },
  {
    "Brand_Product_Size": "Sanitarium Up&go Yoghurt Creamy Vanilla 120g",
    "WOW Price": 1.1,
    "WOW Size": "120g",
    "WOW ppu": "$0.92 / 100G"
  },
  {
    "Brand_Product_Size": "Lilt Grapefruit & Pineapple Can 330mL",
    "WOW Price": 2.35,
    "WOW Size": "330mL",
    "WOW ppu": "$0.71 / 100ML"
  },
  {
    "Brand_Product_Size": "Inspire Premium Hand Towel Petrol each",
    "WOW Price": 12,
    "WOW Size": "each",
    "WOW ppu": ""
  },
  {
    "Brand_Product_Size": "Garnier Nutrisse Hair Colour 7n Dark Blonde each",
    "WOW Price": 7.46,
    "WOW Size": "each",
    "WOW ppu": ""
  },
  {
    "Brand_Product_Size": "Twinings Assam Bold 40 pack",
    "WOW Price": 5,
    "WOW Size": "40 pack",
    "WOW ppu": "$0.13 / 1EA"
  },
  {
    "Brand_Product_Size": "Twinings Assam Bold 40 pack",
    "WOW Price": 5,
    "WOW Size": "40 pack",
    "WOW ppu": "$0.13 / 1EA"
  },
  {
    "Brand_Product_Size": "Woolworths Thawed Medium Cooked Tiger Prawns per kg",
    "WOW Price": 22,
    "WOW Size": "per kg",
    "WOW ppu": "$22.00 / 1KG"
  },
  {
    "Brand_Product_Size": "Pine O Cleen Washing Machine Cleaner Lemon Lime 250mL",
    "WOW Price": 6,
    "WOW Size": "250mL",
    "WOW ppu": "$24.00 / 1L"
  },
  {
    "Brand_Product_Size": "Remedy Kombucha Mango Passion 330mL",
    "WOW Price": 4,
    "WOW Size": "330mL",
    "WOW ppu": "$12.12 / 1L"
  },
  {
    "Brand_Product_Size": "Imodium Diarrhoea Treatment 2mg Capsules 8 pack",
    "WOW Price": 11,
    "WOW Size": "8 pack",
    "WOW ppu": "$1.38 / 1EA"
  },
  {
    "Brand_Product_Size": "Mint Microwave Omelette Maker each",
    "WOW Price": 3.2,
    "WOW Size": "each",
    "WOW ppu": ""
  },
  {
    "Brand_Product_Size": "Cobs Popcorn Sea Salted Caramel Gluten Free 100g",
    "WOW Price": 2.85,
    "WOW Size": "100g",
    "WOW ppu": "$2.85 / 100G"
  },
  {
    "Brand_Product_Size": "Aussie Bodies Keto Berry Cream Wafer 35g",
    "WOW Price": 3,
    "WOW Size": "35g",
    "WOW ppu": "$8.57 / 100G"
  },
  {
    "Brand_Product_Size": "Allen's Kool Mints Chew Lollies Bag 150g",
    "WOW Price": 3,
    "WOW Size": "150g",
    "WOW ppu": "$2.00 / 100G"
  },
  {
    "Brand_Product_Size": "Finish Dishwasher Cleaner Tabs 3 pack",
    "WOW Price": 10,
    "WOW Size": "3 pack",
    "WOW ppu": "$3.33 / 1EA"
  },
  {
    "Brand_Product_Size": "Danone Yopro Pouch Passionfruit Yoghurt 150g",
    "WOW Price": 2.4,
    "WOW Size": "150g",
    "WOW ppu": "$1.60 / 100G"
  },
  {
    "Brand_Product_Size": "Macro Organic Broccoli Florets 450g",
    "WOW Price": 5,
    "WOW Size": "450g",
    "WOW ppu": "$11.11 / 1KG"
  },
  {
    "Brand_Product_Size": "L'or Espresso Lungo Estremo Intensity 10 Coffee Capsules 10 pack",
    "WOW Price": 6,
    "WOW Size": "10 pack",
    "WOW ppu": "$0.60 / 1EA"
  },
  {
    "Brand_Product_Size": "L'or Espresso Lungo Estremo Intensity 10 Coffee Capsules 10 pack",
    "WOW Price": 6,
    "WOW Size": "10 pack",
    "WOW ppu": "$0.60 / 1EA"
  },
  {
    "Brand_Product_Size": "Ice Break Bold Espresso 750mL",
    "WOW Price": 4.15,
    "WOW Size": "750mL",
    "WOW ppu": "$5.53 / 1L"
  },
  {
    "Brand_Product_Size": "Optimum Furball With Chicken 1+ Years Dry Cat Food 2kg",
    "WOW Price": 13.5,
    "WOW Size": "2kg",
    "WOW ppu": "$0.68 / 100G"
  },
  {
    "Brand_Product_Size": "Milne Feeds Rabbit & Guinea Pig Pellets 2kg",
    "WOW Price": 5,
    "WOW Size": "2kg",
    "WOW ppu": "$0.25 / 100G"
  },
  {
    "Brand_Product_Size": "Olay Total Effects Face Cream Moisturiser Normal 50g",
    "WOW Price": 24.5,
    "WOW Size": "50g",
    "WOW ppu": "$49.00 / 100G"
  },
  {
    "Brand_Product_Size": "Rimmel Oh My Gloss Love Bug 6.5mL",
    "WOW Price": 7,
    "WOW Size": "6.5mL",
    "WOW ppu": "$10.77 / 10ML"
  },
  {
    "Brand_Product_Size": "Energizer Lithium 3v Batteries Cr2016 2 pack",
    "WOW Price": 6,
    "WOW Size": "2 pack",
    "WOW ppu": "$3.00 / 1EA"
  },
  {
    "Brand_Product_Size": "Nature's Way True Odourless High Strength Fish Oil 1500mg 400 pack",
    "WOW Price": 35,
    "WOW Size": "400 pack",
    "WOW ppu": "$8.75 / 100EA"
  },
  {
    "Brand_Product_Size": "My Dog Beef And Liver Loaf Classics Wet Dog Food Trays 100g x6 pack",
    "WOW Price": 8.5,
    "WOW Size": "100g x6 pack",
    "WOW ppu": "$1.42 / 100G"
  },
  {
    "Brand_Product_Size": "Herbal Essences Conditioner Moroccan My Shine 300mL",
    "WOW Price": 3.25,
    "WOW Size": "300mL",
    "WOW ppu": "$1.08 / 100ML"
  },
  {
    "Brand_Product_Size": "Altimate Funtime Traditional Wafer Cups 21 pack",
    "WOW Price": 3,
    "WOW Size": "21 pack",
    "WOW ppu": "$4.00 / 100G"
  },
  {
    "Brand_Product_Size": "Dole Pineapple Slices In Syrup 836g",
    "WOW Price": 4.2,
    "WOW Size": "836g",
    "WOW ppu": "$5.02 / 1KG"
  },
  {
    "Brand_Product_Size": "Masterfoods Loaded Fries Topper Cheese & Bacon Flavoured 160g",
    "WOW Price": 2.7,
    "WOW Size": "160g",
    "WOW ppu": "$1.69 / 100G"
  },
  {
    "Brand_Product_Size": "Huggies Ultra Dry Nappies Walker 13-18kg Girl 32 pack buLk",
    "WOW Price": 16,
    "WOW Size": "32 pack buLk",
    "WOW ppu": "$0.50 / 1EA"
  },
  {
    "Brand_Product_Size": "Praise Aioli Mayonnaise Deli Style Classic 250mL",
    "WOW Price": 3,
    "WOW Size": "250mL",
    "WOW ppu": "$1.20 / 100ML"
  },
  {
    "Brand_Product_Size": "Uncle Tobys Cereal Plus Iron 410g",
    "WOW Price": 4.75,
    "WOW Size": "410g",
    "WOW ppu": "$1.16 / 100G"
  },
  {
    "Brand_Product_Size": "Eclipse Peppermint Mints Sugar Free Large Tin 40g",
    "WOW Price": 3,
    "WOW Size": "40g",
    "WOW ppu": "$7.50 / 100G"
  },
  {
    "Brand_Product_Size": "Robert Timms Mocha Kenya Style Coffee Bags 28 pack",
    "WOW Price": 9.65,
    "WOW Size": "28 pack",
    "WOW ppu": "$0.34 / 1EA"
  },
  {
    "Brand_Product_Size": "Robert Timms Mocha Kenya Style Coffee Bags 28 pack",
    "WOW Price": 9.65,
    "WOW Size": "28 pack",
    "WOW ppu": "$0.34 / 1EA"
  },
  {
    "Brand_Product_Size": "Laughing Cow Cheese 256g",
    "WOW Price": 6.5,
    "WOW Size": "256g",
    "WOW ppu": "$25.39 / 1KG"
  },
  {
    "Brand_Product_Size": "Twinings Infuse Passionfruit Mango & Orange 12 pack",
    "WOW Price": 5,
    "WOW Size": "12 pack",
    "WOW ppu": "$0.42 / 1EA"
  },
  {
    "Brand_Product_Size": "Twinings Infuse Passionfruit Mango & Orange 12 pack",
    "WOW Price": 5,
    "WOW Size": "12 pack",
    "WOW ppu": "$0.42 / 1EA"
  },
  {
    "Brand_Product_Size": "Energizer Usb-c Car Charger With 1.2 Metre Cable each",
    "WOW Price": 30,
    "WOW Size": "each",
    "WOW ppu": ""
  },
  {
    "Brand_Product_Size": "Korbond Happy Birthday Letter Banner each",
    "WOW Price": 3,
    "WOW Size": "each",
    "WOW ppu": "$3.00 / 1EA"
  },
  {
    "Brand_Product_Size": "Woolworths Mixed Rainbow Vegetables 800g",
    "WOW Price": 8,
    "WOW Size": "800g",
    "WOW ppu": "$10.00 / 1KG"
  },
  {
    "Brand_Product_Size": "Arnott's Cruskits 98% Fat Free 125g",
    "WOW Price": 3.5,
    "WOW Size": "125g",
    "WOW ppu": "$2.80 / 100G"
  },
  {
    "Brand_Product_Size": "Surf Liquid Tropical Lily 4L",
    "WOW Price": 15,
    "WOW Size": "4L",
    "WOW ppu": "$3.75 / 1L"
  },
  {
    "Brand_Product_Size": "Garlo's Spinach & Fetta Roll 180g",
    "WOW Price": 4,
    "WOW Size": "180g",
    "WOW ppu": "$2.22 / 100G"
  },
  {
    "Brand_Product_Size": "Birch & Waite Greek Lemon Dressing 250mL",
    "WOW Price": 5,
    "WOW Size": "250mL",
    "WOW ppu": "$2.00 / 100ML"
  },
  {
    "Brand_Product_Size": "Pandaroo Sushi Rice 1kg",
    "WOW Price": 4,
    "WOW Size": "1kg",
    "WOW ppu": "$0.40 / 100G"
  },
  {
    "Brand_Product_Size": "Macro Popcorn Air Popped Light 20g",
    "WOW Price": 1.6,
    "WOW Size": "20g",
    "WOW ppu": "$8.00 / 100G"
  },
  {
    "Brand_Product_Size": "Macro Popcorn Air Popped Light 20g",
    "WOW Price": 1.6,
    "WOW Size": "20g",
    "WOW ppu": "$8.00 / 100G"
  },
  {
    "Brand_Product_Size": "Super Nature Wellness Bowl Green Chickpea Curry With Quinoa & Brown Rice 350g",
    "WOW Price": 6.3,
    "WOW Size": "350g",
    "WOW ppu": "$1.80 / 100G"
  },
  {
    "Brand_Product_Size": "Mojo Kombucha Mango Lime 450mL",
    "WOW Price": 3.5,
    "WOW Size": "450mL",
    "WOW ppu": "$7.78 / 1L"
  },
  {
    "Brand_Product_Size": "Bow Wow Grain Free Supersnacks Chicken Sweet Potato Carrot & Pumpkin 5 pack",
    "WOW Price": 4,
    "WOW Size": "5 pack",
    "WOW ppu": "$0.80 / 1EA"
  },
  {
    "Brand_Product_Size": "Gem Of The West Plain Flour 5kg",
    "WOW Price": 6,
    "WOW Size": "5kg",
    "WOW ppu": "$1.20 / 1KG"
  },
  {
    "Brand_Product_Size": "Colgate Pro Clinical 250+ Rechargeable Electric Toothbrush Soft White each",
    "WOW Price": 25,
    "WOW Size": "each",
    "WOW ppu": "$25.00 / 1EA"
  },
  {
    "Brand_Product_Size": "Kellogg's Sultana Bran With Cholesterol Lowering Plant Sterols 390g",
    "WOW Price": 5.2,
    "WOW Size": "390g",
    "WOW ppu": "$1.33 / 100G"
  },
  {
    "Brand_Product_Size": "Korbond Happy Birthday Candle On Picks Coloured Assorted 13 pack",
    "WOW Price": 3,
    "WOW Size": "13 pack",
    "WOW ppu": "$0.23 / 1EA"
  },
  {
    "Brand_Product_Size": "Mckenzie's Acid Citric 75g",
    "WOW Price": 2.25,
    "WOW Size": "75g",
    "WOW ppu": "$3.00 / 100G"
  },
  {
    "Brand_Product_Size": "Elmer's Colour Changing Glue 147mL",
    "WOW Price": 10,
    "WOW Size": "147mL",
    "WOW ppu": ""
  },
  {
    "Brand_Product_Size": "Blue Banner Onions Pickled 525g",
    "WOW Price": 6,
    "WOW Size": "525g",
    "WOW ppu": "$11.43 / 1KG"
  },
  {
    "Brand_Product_Size": "Coco Earth Thai Green Chicken Curry With Jasmine Rice 400g",
    "WOW Price": 3.5,
    "WOW Size": "400g",
    "WOW ppu": "$0.88 / 100G"
  },
  {
    "Brand_Product_Size": "Colgate 6+ Years Kids Toothpaste 90g",
    "WOW Price": 3,
    "WOW Size": "90g",
    "WOW ppu": "$3.33 / 100G"
  },
  {
    "Brand_Product_Size": "Decor Glass Vent & Seal Leak Proof Round 1.5L",
    "WOW Price": 15,
    "WOW Size": "1.5L",
    "WOW ppu": ""
  },
  {
    "Brand_Product_Size": "Tayto Cheese & Onion Crisps 45g",
    "WOW Price": 2.25,
    "WOW Size": "45g",
    "WOW ppu": "$5.00 / 100G"
  },
  {
    "Brand_Product_Size": "Sparkle Daily Shower Cleaner Spring Fresh 750mL",
    "WOW Price": 5,
    "WOW Size": "750mL",
    "WOW ppu": "$0.67 / 100ML"
  },
  {
    "Brand_Product_Size": "Pepsi Max Sodastream Soda Mix 440mL",
    "WOW Price": 7,
    "WOW Size": "440mL",
    "WOW ppu": "$15.91 / 1L"
  },
  {
    "Brand_Product_Size": "Samyang Ramen Hot Chicken 2x Spicy 5 pack",
    "WOW Price": 8,
    "WOW Size": "5 pack",
    "WOW ppu": "$1.14 / 100G"
  },
  {
    "Brand_Product_Size": "Systane Ultra Eye Drops 10mL",
    "WOW Price": 10,
    "WOW Size": "10mL",
    "WOW ppu": "$100.00 / 100ML"
  },
  {
    "Brand_Product_Size": "Biopak Biocutlery Wooden Spoons 10 pack",
    "WOW Price": 1.2,
    "WOW Size": "10 pack",
    "WOW ppu": "$0.12 / 1EA"
  },
  {
    "Brand_Product_Size": "Oscar Orsen Thick Xlarge Hair Elastics Black 10 pack",
    "WOW Price": 5,
    "WOW Size": "10 pack",
    "WOW ppu": ""
  },
  {
    "Brand_Product_Size": "Mutti Finely Chopped Tomatoes 400g",
    "WOW Price": 1.7,
    "WOW Size": "400g",
    "WOW ppu": "$4.25 / 1KG"
  },
  {
    "Brand_Product_Size": "Happy Valley 100% Pure Honey 500g",
    "WOW Price": 8.6,
    "WOW Size": "500g",
    "WOW ppu": "$1.72 / 100G"
  },
  {
    "Brand_Product_Size": "Woolworths Lemon Madeira Cake 315g",
    "WOW Price": 2.5,
    "WOW Size": "315g",
    "WOW ppu": "$0.79 / 100G"
  },
  {
    "Brand_Product_Size": "Sudocrem Nappy Cream 400g",
    "WOW Price": 25.5,
    "WOW Size": "400g",
    "WOW ppu": "$6.38 / 100G"
  },
  {
    "Brand_Product_Size": "Air Wick Botanica Island Rose & African Geranium Room Spray 236mL",
    "WOW Price": 7.5,
    "WOW Size": "236mL",
    "WOW ppu": "$3.18 / 100ML"
  },
  {
    "Brand_Product_Size": "Devondale Dairy Soft Salt Reduced Butter Blend 500g",
    "WOW Price": 5.7,
    "WOW Size": "500g",
    "WOW ppu": "$1.14 / 100G"
  },
  {
    "Brand_Product_Size": "Devondale Dairy Soft Salt Reduced Butter Blend 500g",
    "WOW Price": 5.7,
    "WOW Size": "500g",
    "WOW ppu": "$1.14 / 100G"
  },
  {
    "Brand_Product_Size": "Devondale Dairy Soft Salt Reduced Butter Blend 500g",
    "WOW Price": 5.7,
    "WOW Size": "500g",
    "WOW ppu": "$1.14 / 100G"
  },
  {
    "Brand_Product_Size": "Sandhurst Olives Kalamata Pitted 500g",
    "WOW Price": 4.8,
    "WOW Size": "500g",
    "WOW ppu": "$9.60 / 1KG"
  },
  {
    "Brand_Product_Size": "Sistema Wave Bottle 600mL each",
    "WOW Price": 9,
    "WOW Size": "600mL each",
    "WOW ppu": ""
  },
  {
    "Brand_Product_Size": "Nestle Uncle Tobys Muesli Bars Yoghurt & Mango & Passionfruit 6 pack",
    "WOW Price": 4.3,
    "WOW Size": "6 pack",
    "WOW ppu": "$2.32 / 100G"
  },
  {
    "Brand_Product_Size": "Nestle Uncle Tobys Muesli Bars Yoghurt & Mango & Passionfruit 6 pack",
    "WOW Price": 4.3,
    "WOW Size": "6 pack",
    "WOW ppu": "$2.32 / 100G"
  },
  {
    "Brand_Product_Size": "Sorbent Kids Bubblegum Fragrance Facial Tissue 170 pack",
    "WOW Price": 1.65,
    "WOW Size": "170 pack",
    "WOW ppu": "$0.97 / 100SS"
  },
  {
    "Brand_Product_Size": "Sorbent Kids Bubblegum Fragrance Facial Tissue 170 pack",
    "WOW Price": 1.65,
    "WOW Size": "170 pack",
    "WOW ppu": "$0.97 / 100SS"
  },
  {
    "Brand_Product_Size": "Gippsland Twist Blueberry Yoghurt 160g",
    "WOW Price": 2,
    "WOW Size": "160g",
    "WOW ppu": "$1.25 / 100G"
  },
  {
    "Brand_Product_Size": "Gastro-stop Capsules 8 pack",
    "WOW Price": 9,
    "WOW Size": "8 pack",
    "WOW ppu": "$1.13 / 1EA"
  },
  {
    "Brand_Product_Size": "Nerada Organic Rooibos & Vanilla Tea Bags 50 pack",
    "WOW Price": 4.7,
    "WOW Size": "50 pack",
    "WOW ppu": "$0.09 / 1EA"
  },
  {
    "Brand_Product_Size": "Nerada Organic Rooibos & Vanilla Tea Bags 50 pack",
    "WOW Price": 4.7,
    "WOW Size": "50 pack",
    "WOW ppu": "$0.09 / 1EA"
  },
  {
    "Brand_Product_Size": "Farmers Market Chicken & Beef Liver With Farm Veg Dry Puppy Food 2.7kg",
    "WOW Price": 9.5,
    "WOW Size": "2.7kg",
    "WOW ppu": "$0.35 / 100G"
  },
  {
    "Brand_Product_Size": "Energizer Led Booklite each",
    "WOW Price": 22,
    "WOW Size": "each",
    "WOW ppu": ""
  },
  {
    "Brand_Product_Size": "First Response Pregnancy Test Dip Read 3 pack",
    "WOW Price": 11.5,
    "WOW Size": "3 pack",
    "WOW ppu": "$3.83 / 1EA"
  },
  {
    "Brand_Product_Size": "Korbond Party Candle Metallics Number 4 19g",
    "WOW Price": 1.5,
    "WOW Size": "19g",
    "WOW ppu": "$1.50 / 1EA"
  },
  {
    "Brand_Product_Size": "Pump Super Water Bottle 1.25L",
    "WOW Price": 2.95,
    "WOW Size": "1.25L",
    "WOW ppu": "$2.36 / 1L"
  },
  {
    "Brand_Product_Size": "Pump Super Water Bottle 1.25L",
    "WOW Price": 2.95,
    "WOW Size": "1.25L",
    "WOW ppu": "$2.36 / 1L"
  },
  {
    "Brand_Product_Size": "Optimum Grain Free Kangaroo & Vegetables Wet Dog Food Can 700g",
    "WOW Price": 2.6,
    "WOW Size": "700g",
    "WOW ppu": "$0.37 / 100G"
  },
  {
    "Brand_Product_Size": "Bic Velocity Mechanical Pencil 2 pack",
    "WOW Price": 3.5,
    "WOW Size": "2 pack",
    "WOW ppu": ""
  },
  {
    "Brand_Product_Size": "Nerada Organics Green Tea Cup Bags 150g",
    "WOW Price": 6.3,
    "WOW Size": "150g",
    "WOW ppu": "$0.06 / 1EA"
  },
  {
    "Brand_Product_Size": "Nerada Organics Green Tea Cup Bags 150g",
    "WOW Price": 6.3,
    "WOW Size": "150g",
    "WOW ppu": "$0.06 / 1EA"
  },
  {
    "Brand_Product_Size": "Vitapet Jerhigh Treat Milk Sticks 100g",
    "WOW Price": 4.9,
    "WOW Size": "100g",
    "WOW ppu": "$4.90 / 100G"
  },
  {
    "Brand_Product_Size": "Woolworths Frozen Sticky Date Puddings 2 pack",
    "WOW Price": 4,
    "WOW Size": "2 pack",
    "WOW ppu": "$1.82 / 100G"
  },
  {
    "Brand_Product_Size": "Macro Organic Quinoa Flakes 350g",
    "WOW Price": 6.5,
    "WOW Size": "350g",
    "WOW ppu": "$1.86 / 100G"
  },
  {
    "Brand_Product_Size": "Decor Microsafe Jewel Oblong 3x900mL",
    "WOW Price": 7,
    "WOW Size": "3x900mL",
    "WOW ppu": ""
  },
  {
    "Brand_Product_Size": "Armor All Wash & Wax Proglide 1L",
    "WOW Price": 11,
    "WOW Size": "1L",
    "WOW ppu": "$1.10 / 100ML"
  },
  {
    "Brand_Product_Size": "3m Command Large Canvas Hanger each",
    "WOW Price": 6.6,
    "WOW Size": "each",
    "WOW ppu": "$6.60 / 1EA"
  },
  {
    "Brand_Product_Size": "Schwarzkopf Extra Care Conditionner Supreme Length 400mL",
    "WOW Price": 4.8,
    "WOW Size": "400mL",
    "WOW ppu": "$1.20 / 100ML"
  },
  {
    "Brand_Product_Size": "Manning Valley 12 Extra Large Free Range Eggs 700g",
    "WOW Price": 6.4,
    "WOW Size": "700g",
    "WOW ppu": "$0.91 / 100G"
  },
  {
    "Brand_Product_Size": "Dairy Farmers Buttermilk 600mL",
    "WOW Price": 2.75,
    "WOW Size": "600mL",
    "WOW ppu": "$4.58 / 1L"
  },
  {
    "Brand_Product_Size": "Johnson's Face Care Daily Essentials Moisturising Dry Skin Wipes 25 pack",
    "WOW Price": 6,
    "WOW Size": "25 pack",
    "WOW ppu": "$0.24 / 1EA"
  },
  {
    "Brand_Product_Size": "Angas Park Figs Soft N Juicy 250g",
    "WOW Price": 4.5,
    "WOW Size": "250g",
    "WOW ppu": "$18.00 / 1KG"
  },
  {
    "Brand_Product_Size": "Body Science Whey Protein Chocolate 400g",
    "WOW Price": 23,
    "WOW Size": "400g",
    "WOW ppu": "$5.75 / 100G"
  },
  {
    "Brand_Product_Size": "Ozkleen Shower Power Squeeze Pack 750mL",
    "WOW Price": 6.8,
    "WOW Size": "750mL",
    "WOW ppu": "$0.91 / 100ML"
  },
  {
    "Brand_Product_Size": "Balnea Original Antibacterial Hand Wash Refill 1L",
    "WOW Price": 3,
    "WOW Size": "1L",
    "WOW ppu": "$0.30 / 100ML"
  },
  {
    "Brand_Product_Size": "Woolworths Jelly Beans 350g",
    "WOW Price": 2,
    "WOW Size": "350g",
    "WOW ppu": "$0.57 / 100G"
  },
  {
    "Brand_Product_Size": "Robert Timms Premium Espresso Granulated Coffee 200g",
    "WOW Price": 8,
    "WOW Size": "200g",
    "WOW ppu": "$4.00 / 100G"
  },
  {
    "Brand_Product_Size": "Robert Timms Premium Espresso Granulated Coffee 200g",
    "WOW Price": 8,
    "WOW Size": "200g",
    "WOW ppu": "$4.00 / 100G"
  },
  {
    "Brand_Product_Size": "Carman's Coconut & Golden Oat Slice 210g",
    "WOW Price": 6,
    "WOW Size": "210g",
    "WOW ppu": "$2.86 / 100G"
  },
  {
    "Brand_Product_Size": "Carman's Coconut & Golden Oat Slice 210g",
    "WOW Price": 6,
    "WOW Size": "210g",
    "WOW ppu": "$2.86 / 100G"
  },
  {
    "Brand_Product_Size": "Arnott's Scotch Finger 250g",
    "WOW Price": 2,
    "WOW Size": "250g",
    "WOW ppu": "$0.80 / 100G"
  },
  {
    "Brand_Product_Size": "South Cape Cracked Pepper Cream Cheese 200g",
    "WOW Price": 4.6,
    "WOW Size": "200g",
    "WOW ppu": "$23.00 / 1KG"
  },
  {
    "Brand_Product_Size": "South Cape Cracked Pepper Cream Cheese 200g",
    "WOW Price": 4.6,
    "WOW Size": "200g",
    "WOW ppu": "$23.00 / 1KG"
  },
  {
    "Brand_Product_Size": "Rosken Skin Repair Hand Cream For Dry Skin 75mL",
    "WOW Price": 3.99,
    "WOW Size": "75mL",
    "WOW ppu": "$5.32 / 100ML"
  },
  {
    "Brand_Product_Size": "Korbond Dipped Glitter Candles 12 pack",
    "WOW Price": 2,
    "WOW Size": "12 pack",
    "WOW ppu": "$0.17 / 1EA"
  },
  {
    "Brand_Product_Size": "Balnea Milk & Honey Body Wash Body Wash 500mL",
    "WOW Price": 2.2,
    "WOW Size": "500mL",
    "WOW ppu": "$0.44 / 100ML"
  },
  {
    "Brand_Product_Size": "Arnott's Tim Tam Original Family Pack 365g",
    "WOW Price": 4.5,
    "WOW Size": "365g",
    "WOW ppu": "$1.23 / 100G"
  },
  {
    "Brand_Product_Size": "Praise Dressings French Original 330mL",
    "WOW Price": 3,
    "WOW Size": "330mL",
    "WOW ppu": "$0.91 / 100ML"
  },
  {
    "Brand_Product_Size": "Passage To India Saag Curry 375g",
    "WOW Price": 4.7,
    "WOW Size": "375g",
    "WOW ppu": "$1.25 / 100G"
  },
  {
    "Brand_Product_Size": "Nicabate Quit Smoking Extra Fresh Mint Gum 2 Mg 30 pack",
    "WOW Price": 13,
    "WOW Size": "30 pack",
    "WOW ppu": "$0.43 / 1EA"
  },
  {
    "Brand_Product_Size": "Gullon Cookies Sugar Free Short Bread 330g",
    "WOW Price": 4.4,
    "WOW Size": "330g",
    "WOW ppu": "$1.33 / 100G"
  },
  {
    "Brand_Product_Size": "Canon Printer Ink Cli651x Magenta each",
    "WOW Price": 25.2,
    "WOW Size": "each",
    "WOW ppu": ""
  },
  {
    "Brand_Product_Size": "John West Tuna Pouch Protein Plus Fibre 220g",
    "WOW Price": 3,
    "WOW Size": "220g",
    "WOW ppu": "$13.64 / 1KG"
  },
  {
    "Brand_Product_Size": "Fitness Outcomes Cashew Chicken & Vegetable Stir Fry 350g",
    "WOW Price": 9,
    "WOW Size": "350g",
    "WOW ppu": "$2.57 / 100G"
  },
  {
    "Brand_Product_Size": "Heinz Plant Proteinz Creamy Coconut Pumpkin & Chickpea Soup 330g",
    "WOW Price": 3.6,
    "WOW Size": "330g",
    "WOW ppu": "$1.09 / 100G"
  },
  {
    "Brand_Product_Size": "Multix Trolley Liner Garbage Bags 140L 10 pack",
    "WOW Price": 5.6,
    "WOW Size": "140L 10 pack",
    "WOW ppu": "$0.56 / 1EA"
  },
  {
    "Brand_Product_Size": "Red Rock Deli Potato Chips Sea Salt & Balsamic Vinegar 165g",
    "WOW Price": 4.65,
    "WOW Size": "165g",
    "WOW ppu": "$2.82 / 100G"
  },
  {
    "Brand_Product_Size": "Woolworths Mud Cake Chocolate 600g",
    "WOW Price": 4.8,
    "WOW Size": "600g",
    "WOW ppu": "$0.80 / 100G"
  },
  {
    "Brand_Product_Size": "Nerada Organic Peppermint Tea Bags 40 pack 60g",
    "WOW Price": 5,
    "WOW Size": "40 pack 60g",
    "WOW ppu": "$0.13 / 1EA"
  },
  {
    "Brand_Product_Size": "Nerada Organic Peppermint Tea Bags 40 pack 60g",
    "WOW Price": 5,
    "WOW Size": "40 pack 60g",
    "WOW ppu": "$0.13 / 1EA"
  },
  {
    "Brand_Product_Size": "Masterfoods Curried Sausages Simmer Sauce 500g",
    "WOW Price": 3.7,
    "WOW Size": "500g",
    "WOW ppu": "$0.74 / 100G"
  },
  {
    "Brand_Product_Size": "Mr Kipling Lemon Slice 6 pack",
    "WOW Price": 4,
    "WOW Size": "6 pack",
    "WOW ppu": "$0.67 / 1EA"
  },
  {
    "Brand_Product_Size": "Shelby's Mint Dark Chocolate Almonds 40g",
    "WOW Price": 3,
    "WOW Size": "40g",
    "WOW ppu": "$7.50 / 100G"
  },
  {
    "Brand_Product_Size": "Essentials Pads Super 18 pack",
    "WOW Price": 1.5,
    "WOW Size": "18 pack",
    "WOW ppu": "$0.08 / 1EA"
  },
  {
    "Brand_Product_Size": "Safcol Salmon Smoked 95g",
    "WOW Price": 1.75,
    "WOW Size": "95g",
    "WOW ppu": "$18.42 / 1KG"
  },
  {
    "Brand_Product_Size": "Passage To Sri Lanka Simmer Sauce Coconut & Cashew Chicken 375g",
    "WOW Price": 4.7,
    "WOW Size": "375g",
    "WOW ppu": "$1.25 / 100G"
  },
  {
    "Brand_Product_Size": "Poise Incontinence Liners Light Absorbency 18 pack",
    "WOW Price": 3,
    "WOW Size": "18 pack",
    "WOW ppu": "$0.17 / 1EA"
  },
  {
    "Brand_Product_Size": "Schwarzkopf Live Salon Hair Colour 1.1 Blue Black each",
    "WOW Price": 14,
    "WOW Size": "each",
    "WOW ppu": ""
  },
  {
    "Brand_Product_Size": "Colgate Smile For Good Natural White Toothpaste 95g",
    "WOW Price": 8,
    "WOW Size": "95g",
    "WOW ppu": "$8.42 / 100G"
  },
  {
    "Brand_Product_Size": "Solo Zero Sugar 1.25L",
    "WOW Price": 2.35,
    "WOW Size": "1.25L",
    "WOW ppu": "$1.88 / 1L"
  },
  {
    "Brand_Product_Size": "Urbane Mess Beard Oil 30mL",
    "WOW Price": 9,
    "WOW Size": "30mL",
    "WOW ppu": "$30.00 / 100ML"
  },
  {
    "Brand_Product_Size": "Ob Finest 3 Seed Crisps 110g",
    "WOW Price": 6,
    "WOW Size": "110g",
    "WOW ppu": "$5.45 / 100G"
  },
  {
    "Brand_Product_Size": "Duck Toilet Fresh Disc Lavender 36mL",
    "WOW Price": 6,
    "WOW Size": "36mL",
    "WOW ppu": "$16.67 / 100ML"
  },
  {
    "Brand_Product_Size": "Woolworths Extra Tasty Cheese Block 500g",
    "WOW Price": 6,
    "WOW Size": "500g",
    "WOW ppu": "$12.00 / 1KG"
  },
  {
    "Brand_Product_Size": "Woolworths Extra Tasty Cheese Block 500g",
    "WOW Price": 6,
    "WOW Size": "500g",
    "WOW ppu": "$12.00 / 1KG"
  },
  {
    "Brand_Product_Size": "Little One's Nappy Pants Junior 15-25 Kg 21 pack",
    "WOW Price": 9,
    "WOW Size": "21 pack",
    "WOW ppu": "$0.43 / 1EA"
  },
  {
    "Brand_Product_Size": "Zenzone Air Freshener Spray Refill Apple & Cinnamon 180g",
    "WOW Price": 4,
    "WOW Size": "180g",
    "WOW ppu": ""
  },
  {
    "Brand_Product_Size": "Cadbury Twirl Bites 135g",
    "WOW Price": 2.5,
    "WOW Size": "135g",
    "WOW ppu": "$1.85 / 100G"
  },
  {
    "Brand_Product_Size": "Neutrogena Bright Boost Gel Cream 50mL",
    "WOW Price": 30,
    "WOW Size": "50mL",
    "WOW ppu": "$60.00 / 100ML"
  },
  {
    "Brand_Product_Size": "Air Wick Pure Beach Escapes Tropical Whitsundays Refill 157g",
    "WOW Price": 8,
    "WOW Size": "157g",
    "WOW ppu": "$5.10 / 100G"
  },
  {
    "Brand_Product_Size": "Chobani Greek Yoghurt Vanilla Pot 170g",
    "WOW Price": 1.8,
    "WOW Size": "170g",
    "WOW ppu": "$1.06 / 100G"
  },
  {
    "Brand_Product_Size": "Essentials Tuna Chunks In Spring Water 185g",
    "WOW Price": 1.3,
    "WOW Size": "185g",
    "WOW ppu": "$7.03 / 1KG"
  },
  {
    "Brand_Product_Size": "Essano Collagen Boost Facial Oil 20mL",
    "WOW Price": 14,
    "WOW Size": "20mL",
    "WOW ppu": "$70.00 / 100ML"
  },
  {
    "Brand_Product_Size": "Cenovis Once Daily Women's Multi Capsules 50 pack",
    "WOW Price": 16,
    "WOW Size": "50 pack",
    "WOW ppu": "$32.00 / 100EA"
  },
  {
    "Brand_Product_Size": "Carman's Gourmet Protein Bars Salted Caramel Bars 200g",
    "WOW Price": 6.3,
    "WOW Size": "200g",
    "WOW ppu": "$3.15 / 100G"
  },
  {
    "Brand_Product_Size": "Tonka Mega Tread Dog Feeder Ball each",
    "WOW Price": 15,
    "WOW Size": "each",
    "WOW ppu": ""
  },
  {
    "Brand_Product_Size": "Herbal Essences Naked Volume White Grapefruit & Mosa Mint Conditioner 400mL",
    "WOW Price": 6,
    "WOW Size": "400mL",
    "WOW ppu": "$1.50 / 100ML"
  },
  {
    "Brand_Product_Size": "Don Antonio Traditional Sauce 500mL",
    "WOW Price": 6,
    "WOW Size": "500mL",
    "WOW ppu": "$1.20 / 100G"
  },
  {
    "Brand_Product_Size": "Essentials Cleaning Cloth 2 pack",
    "WOW Price": 1.99,
    "WOW Size": "2 pack",
    "WOW ppu": "$1.00 / 1EA"
  },
  {
    "Brand_Product_Size": "Macro Textured Vegetable Protein 200g",
    "WOW Price": 3,
    "WOW Size": "200g",
    "WOW ppu": "$1.50 / 100G"
  },
  {
    "Brand_Product_Size": "Pauls Farmhouse Gold Organic Milk 1.5L",
    "WOW Price": 5.1,
    "WOW Size": "1.5L",
    "WOW ppu": "$3.40 / 1L"
  },
  {
    "Brand_Product_Size": "Nice & Natural Roasted Peanut & Cashew Bar With Milk Chocolate Drizzle 6 pack",
    "WOW Price": 2,
    "WOW Size": "6 pack",
    "WOW ppu": "$1.04 / 100G"
  },
  {
    "Brand_Product_Size": "Chobani No Fat Strawberry Yoghurt 170g",
    "WOW Price": 1.8,
    "WOW Size": "170g",
    "WOW ppu": "$1.06 / 100G"
  },
  {
    "Brand_Product_Size": "Chobani No Fat Strawberry Yoghurt 170g",
    "WOW Price": 1.8,
    "WOW Size": "170g",
    "WOW ppu": "$1.06 / 100G"
  },
  {
    "Brand_Product_Size": "Twix Chocolate Bar 50g",
    "WOW Price": 2,
    "WOW Size": "50g",
    "WOW ppu": "$4.00 / 100G"
  },
  {
    "Brand_Product_Size": "Peters Poultry Free Range Mix 5kg",
    "WOW Price": 10.99,
    "WOW Size": "5kg",
    "WOW ppu": "$0.22 / 100G"
  },
  {
    "Brand_Product_Size": "La Costena Refried Pinto Beans 400g",
    "WOW Price": 2.9,
    "WOW Size": "400g",
    "WOW ppu": "$0.73 / 100G"
  },
  {
    "Brand_Product_Size": "Simmone Logue Chicken & Leek Pie 2pk 400g",
    "WOW Price": 10.5,
    "WOW Size": "400g",
    "WOW ppu": "$2.39 / 100G"
  },
  {
    "Brand_Product_Size": "Simmone Logue Chicken & Leek Pie 2pk 400g",
    "WOW Price": 10.5,
    "WOW Size": "400g",
    "WOW ppu": "$2.39 / 100G"
  },
  {
    "Brand_Product_Size": "Woolworths Double Choc Muffin Bars 10 pack",
    "WOW Price": 5,
    "WOW Size": "10 pack",
    "WOW ppu": "$1.25 / 100G"
  },
  {
    "Brand_Product_Size": "Crayola Crayons 24 pack",
    "WOW Price": 2.5,
    "WOW Size": "24 pack",
    "WOW ppu": ""
  },
  {
    "Brand_Product_Size": "Natvia Gold Sweetener 250g",
    "WOW Price": 8.5,
    "WOW Size": "250g",
    "WOW ppu": "$3.40 / 100G"
  },
  {
    "Brand_Product_Size": "Omo Expert Anti-bacterial 1.8kg",
    "WOW Price": 22,
    "WOW Size": "1.8kg",
    "WOW ppu": "$12.22 / 1KG"
  },
  {
    "Brand_Product_Size": "Bonds Zip Wondersuit Disney Mickey Pink Size 0 each",
    "WOW Price": 30,
    "WOW Size": "each",
    "WOW ppu": ""
  },
  {
    "Brand_Product_Size": "Femfresh Silvercare Panty Liners Breathable 36 pack",
    "WOW Price": 3.6,
    "WOW Size": "36 pack",
    "WOW ppu": "$0.10 / 1EA"
  },
  {
    "Brand_Product_Size": "Queen Organic Vanilla Bean Paste 65g",
    "WOW Price": 11.8,
    "WOW Size": "65g",
    "WOW ppu": "$18.15 / 100G"
  },
  {
    "Brand_Product_Size": "Aptamil Gold+ 2 Baby Follow-on Formula Sachets From 6 To 12 Months 30.8g x4 pack",
    "WOW Price": 4,
    "WOW Size": "30.8g x4 pack",
    "WOW ppu": "$3.25 / 100G"
  },
  {
    "Brand_Product_Size": "Arnott's Mint Slice Family Pack 365g",
    "WOW Price": 4.5,
    "WOW Size": "365g",
    "WOW ppu": "$1.23 / 100G"
  },
  {
    "Brand_Product_Size": "Continental Rice Oriental 115g",
    "WOW Price": 1.6,
    "WOW Size": "115g",
    "WOW ppu": "$1.39 / 100G"
  },
  {
    "Brand_Product_Size": "Jurassic World Snap Squad Assorted each",
    "WOW Price": 10,
    "WOW Size": "each",
    "WOW ppu": ""
  },
  {
    "Brand_Product_Size": "Dairy Farmers Thick & Creamy Mango & Passionfruit Yoghurt 150g",
    "WOW Price": 1.5,
    "WOW Size": "150g",
    "WOW ppu": "$1.00 / 100G"
  },
  {
    "Brand_Product_Size": "Hygiene Plus Latex Gloves Disposable Powderfree One Size 100 pack",
    "WOW Price": 13.5,
    "WOW Size": "100 pack",
    "WOW ppu": "$0.14 / 1EA"
  },
  {
    "Brand_Product_Size": "Deeko Serviettes Lunch 2 Ply 50 pack",
    "WOW Price": 4.8,
    "WOW Size": "50 pack",
    "WOW ppu": "$0.10 / 1EA"
  },
  {
    "Brand_Product_Size": "Sensodyne Toothpaste Sensitive Teeth Pain Deep Clean 110g",
    "WOW Price": 5.5,
    "WOW Size": "110g",
    "WOW ppu": "$5.00 / 100G"
  },
  {
    "Brand_Product_Size": "Schwarzkopf Live Colour Ultra Brights Turquoise Temptation each",
    "WOW Price": 5.5,
    "WOW Size": "each",
    "WOW ppu": ""
  },
  {
    "Brand_Product_Size": "Healtheries Sugar Free Bars Caramel each",
    "WOW Price": 1.7,
    "WOW Size": "each",
    "WOW ppu": "$8.10 / 100G"
  },
  {
    "Brand_Product_Size": "Maybelline Colossal Smoky Volumizing Mascara - Black 11mL",
    "WOW Price": 10,
    "WOW Size": "11mL",
    "WOW ppu": "$9.35 / 10ML"
  },
  {
    "Brand_Product_Size": "Valley Produce Company Crackerthins Cracked Pepper 100g",
    "WOW Price": 3.5,
    "WOW Size": "100g",
    "WOW ppu": "$35.00 / 1KG"
  },
  {
    "Brand_Product_Size": "My Dog Tender Country Lamb & Liver Loaf Classics Wet Dog Food Can 400g",
    "WOW Price": 1.8,
    "WOW Size": "400g",
    "WOW ppu": "$0.45 / 100G"
  },
  {
    "Brand_Product_Size": "Gravox Gravy Chargrilled Beef & Merlot 160g",
    "WOW Price": 2.5,
    "WOW Size": "160g",
    "WOW ppu": "$0.16 / 10G"
  },
  {
    "Brand_Product_Size": "Fancy Plants Plant Based Caramel Silky Pot 95g x2 pack",
    "WOW Price": 4,
    "WOW Size": "95g x2 pack",
    "WOW ppu": "$2.11 / 100G"
  },
  {
    "Brand_Product_Size": "Energizer 10 Ez Turn & Lock 8 pack",
    "WOW Price": 10,
    "WOW Size": "8 pack",
    "WOW ppu": "$1.25 / 1EA"
  },
  {
    "Brand_Product_Size": "Bref Deluxe Delicate Magnolia 2 pack",
    "WOW Price": 6,
    "WOW Size": "2 pack",
    "WOW ppu": "$6.00 / 100G"
  },
  {
    "Brand_Product_Size": "Twinings Morning Tea 100 pack",
    "WOW Price": 11.2,
    "WOW Size": "100 pack",
    "WOW ppu": "$0.11 / 1EA"
  },
  {
    "Brand_Product_Size": "Twinings Morning Tea 100 pack",
    "WOW Price": 11.2,
    "WOW Size": "100 pack",
    "WOW ppu": "$0.11 / 1EA"
  },
  {
    "Brand_Product_Size": "Pana Organic Hazelnut & Chocolate Spread 200g",
    "WOW Price": 7,
    "WOW Size": "200g",
    "WOW ppu": "$3.50 / 100G"
  },
  {
    "Brand_Product_Size": "Cadbury Dairy Milk Caramello 180g",
    "WOW Price": 3.5,
    "WOW Size": "180g",
    "WOW ppu": "$1.94 / 100G"
  },
  {
    "Brand_Product_Size": "Maybelline Fit Me Matte & Poreless Pressed Powder - Classic Ivory each",
    "WOW Price": 7.5,
    "WOW Size": "each",
    "WOW ppu": "$8.33 / 10G"
  },
  {
    "Brand_Product_Size": "Sistema Klip It Plus Rectangle 2.2l 2 pack",
    "WOW Price": 6,
    "WOW Size": "2 pack",
    "WOW ppu": "$6.00 / 1EA"
  },
  {
    "Brand_Product_Size": "Cenovis Once Daily Women's Multi + Energy Boost Capsules 100 pack",
    "WOW Price": 30,
    "WOW Size": "100 pack",
    "WOW ppu": "$30.00 / 100EA"
  },
  {
    "Brand_Product_Size": "Nicorette Quit Smoking Regular Strength Icy Mint Gum 2mg 150 pack",
    "WOW Price": 48,
    "WOW Size": "150 pack",
    "WOW ppu": "$32.00 / 100EA"
  },
  {
    "Brand_Product_Size": "Masterfoods Chopped Chives 7g",
    "WOW Price": 4.8,
    "WOW Size": "7g",
    "WOW ppu": "$6.86 / 10G"
  },
  {
    "Brand_Product_Size": "Lolly Go Round Round Sharepack 500g",
    "WOW Price": 5,
    "WOW Size": "500g",
    "WOW ppu": "$1.00 / 100G"
  },
  {
    "Brand_Product_Size": "Grants Of Australia Toothpaste Mild Mint 110g",
    "WOW Price": 3,
    "WOW Size": "110g",
    "WOW ppu": "$2.73 / 100G"
  },
  {
    "Brand_Product_Size": "L'oreal Paris Preference 8 California Natural Blonde each",
    "WOW Price": 11.4,
    "WOW Size": "each",
    "WOW ppu": ""
  },
  {
    "Brand_Product_Size": "Woolworths Semi Dried Tomatoes In Mediterranean Herbs 135g",
    "WOW Price": 3.5,
    "WOW Size": "135g",
    "WOW ppu": "$2.59 / 100G"
  },
  {
    "Brand_Product_Size": "Nivea Men Moisturising Shaving Gel For Sensitive Skin 200mL",
    "WOW Price": 6,
    "WOW Size": "200mL",
    "WOW ppu": "$3.00 / 100ML"
  },
  {
    "Brand_Product_Size": "Korbond Party Candle Metallics Number 2 19g",
    "WOW Price": 1.5,
    "WOW Size": "19g",
    "WOW ppu": "$1.50 / 1EA"
  },
  {
    "Brand_Product_Size": "Chan's Yum Cha Shiitake Vegan Dumpling 300g",
    "WOW Price": 6.3,
    "WOW Size": "300g",
    "WOW ppu": "$2.10 / 100G"
  },
  {
    "Brand_Product_Size": "Mainland Otg Extra Tasty Artisan Cheese & Crackers 38g",
    "WOW Price": 2.5,
    "WOW Size": "38g",
    "WOW ppu": "$65.79 / 1KG"
  },
  {
    "Brand_Product_Size": "Just Veg. Carrot Sticks 300g bag",
    "WOW Price": 3,
    "WOW Size": "300g bag",
    "WOW ppu": "$10.00 / 1KG"
  },
  {
    "Brand_Product_Size": "Just Veg. Carrot Sticks 300g bag",
    "WOW Price": 3,
    "WOW Size": "300g bag",
    "WOW ppu": "$10.00 / 1KG"
  },
  {
    "Brand_Product_Size": "Just Veg. Carrot Sticks 300g bag",
    "WOW Price": 3,
    "WOW Size": "300g bag",
    "WOW ppu": "$10.00 / 1KG"
  },
  {
    "Brand_Product_Size": "Jarrah Brazilian Cafe Latte Brazil Delight 250g",
    "WOW Price": 6,
    "WOW Size": "250g",
    "WOW ppu": "$2.40 / 100G"
  },
  {
    "Brand_Product_Size": "Jarrah Brazilian Cafe Latte Brazil Delight 250g",
    "WOW Price": 6,
    "WOW Size": "250g",
    "WOW ppu": "$2.40 / 100G"
  },
  {
    "Brand_Product_Size": "Woolworths Dried Apricots 200g",
    "WOW Price": 3,
    "WOW Size": "200g",
    "WOW ppu": "$15.00 / 1KG"
  },
  {
    "Brand_Product_Size": "Jarrah Hot Chocolate Sachets 10 pack",
    "WOW Price": 5,
    "WOW Size": "10 pack",
    "WOW ppu": "$0.50 / 1EA"
  },
  {
    "Brand_Product_Size": "Camelbak Podium Chill Bottle 600ml each",
    "WOW Price": 25,
    "WOW Size": "each",
    "WOW ppu": ""
  },
  {
    "Brand_Product_Size": "Camelbak Podium Chill Bottle 600ml each",
    "WOW Price": 25,
    "WOW Size": "each",
    "WOW ppu": ""
  },
  {
    "Brand_Product_Size": "Don Kabana Minis & Avocado Dip 62g",
    "WOW Price": 3,
    "WOW Size": "62g",
    "WOW ppu": "$48.39 / 1KG"
  },
  {
    "Brand_Product_Size": "Vanish Preen Gold Oxiaction Spray Refill 375mL",
    "WOW Price": 4.5,
    "WOW Size": "375mL",
    "WOW ppu": "$12.00 / 1L"
  },
  {
    "Brand_Product_Size": "Essentials Wringing Mop & Bucket Set each",
    "WOW Price": 25,
    "WOW Size": "each",
    "WOW ppu": "$25.00 / 1EA"
  },
  {
    "Brand_Product_Size": "Woolworths Red Washed Potatoes 2kg",
    "WOW Price": 7,
    "WOW Size": "2kg",
    "WOW ppu": "$3.50 / 1KG"
  },
  {
    "Brand_Product_Size": "Indomie Hot & Spicy Noodles 5pk 400g",
    "WOW Price": 2.75,
    "WOW Size": "400g",
    "WOW ppu": "$0.69 / 100G"
  },
  {
    "Brand_Product_Size": "U By Kotex Maxi Overnight Pad Long 8 pack",
    "WOW Price": 3.2,
    "WOW Size": "8 pack",
    "WOW ppu": "$0.40 / 1EA"
  },
  {
    "Brand_Product_Size": "Nivea Daily Essentials Gentle 3in1 Cleansing Wipes + Almond Oil 50 pack",
    "WOW Price": 10,
    "WOW Size": "50 pack",
    "WOW ppu": "$0.20 / 1EA"
  },
  {
    "Brand_Product_Size": "Sara Lee Family Pies & Desserts Apple Pie 600g",
    "WOW Price": 5,
    "WOW Size": "600g",
    "WOW ppu": "$0.83 / 100G"
  },
  {
    "Brand_Product_Size": "Woolworths Frozen Blackberries 500g",
    "WOW Price": 4,
    "WOW Size": "500g",
    "WOW ppu": "$8.00 / 1KG"
  },
  {
    "Brand_Product_Size": "All Smiles Denture Tablets 48 pack",
    "WOW Price": 3.5,
    "WOW Size": "48 pack",
    "WOW ppu": "$0.07 / 1EA"
  },
  {
    "Brand_Product_Size": "Damprid Moisture Absorber Refillable 300g",
    "WOW Price": 6.6,
    "WOW Size": "300g",
    "WOW ppu": "$2.20 / 100G"
  },
  {
    "Brand_Product_Size": "Selleys Bbq Accessory Tough Wipes 25 pack",
    "WOW Price": 10,
    "WOW Size": "25 pack",
    "WOW ppu": "$0.40 / 1EA"
  },
  {
    "Brand_Product_Size": "Mi Apple Punnet 1kg",
    "WOW Price": 6.5,
    "WOW Size": "1kg",
    "WOW ppu": ""
  },
  {
    "Brand_Product_Size": "S&b Miso Soup Tofu 30g",
    "WOW Price": 3.75,
    "WOW Size": "30g",
    "WOW ppu": "$12.50 / 100G"
  },
  {
    "Brand_Product_Size": "Campbell's Country Ladle Canned Soup Butternut Pumpkin 505g",
    "WOW Price": 1.75,
    "WOW Size": "505g",
    "WOW ppu": "$0.35 / 100G"
  },
  {
    "Brand_Product_Size": "Mccain Healthy Choice Chicken Carbonara 300g",
    "WOW Price": 4,
    "WOW Size": "300g",
    "WOW ppu": "$1.33 / 100G"
  },
  {
    "Brand_Product_Size": "Shelby's Coconut & Yoghurt Almonds 40g",
    "WOW Price": 3,
    "WOW Size": "40g",
    "WOW ppu": "$7.50 / 100G"
  },
  {
    "Brand_Product_Size": "Dare Double Espresso Iced Coffee 750mL",
    "WOW Price": 3.2,
    "WOW Size": "750mL",
    "WOW ppu": "$4.27 / 1L"
  },
  {
    "Brand_Product_Size": "Woolworths Beef Scotch Fillet Thick Cut Steak 300g",
    "WOW Price": 16.5,
    "WOW Size": "300g",
    "WOW ppu": "$55.00 / 1KG"
  },
  {
    "Brand_Product_Size": "Woobamboo Adult Bamboo Toothbrush Medium each",
    "WOW Price": 5,
    "WOW Size": "each",
    "WOW ppu": "$5.00 / 1EA"
  },
  {
    "Brand_Product_Size": "Balnea Calming Aloe Vera Anti Bacterial Hand Wash Refill 1L",
    "WOW Price": 3,
    "WOW Size": "1L",
    "WOW ppu": "$0.30 / 100ML"
  },
  {
    "Brand_Product_Size": "Pureharvest Organic Almond Milk 1L",
    "WOW Price": 2,
    "WOW Size": "1L",
    "WOW ppu": "$2.00 / 1L"
  },
  {
    "Brand_Product_Size": "Pureharvest Organic Almond Milk 1L",
    "WOW Price": 2,
    "WOW Size": "1L",
    "WOW ppu": "$2.00 / 1L"
  },
  {
    "Brand_Product_Size": "Mamee Chinese Chicken 72g",
    "WOW Price": 1.15,
    "WOW Size": "72g",
    "WOW ppu": "$1.58 / 100G"
  },
  {
    "Brand_Product_Size": "L'or Espresso Sontuoso Intensity 8 Coffee Capsules 10 pack",
    "WOW Price": 6,
    "WOW Size": "10 pack",
    "WOW ppu": "$0.60 / 1EA"
  },
  {
    "Brand_Product_Size": "L'or Espresso Sontuoso Intensity 8 Coffee Capsules 10 pack",
    "WOW Price": 6,
    "WOW Size": "10 pack",
    "WOW ppu": "$0.60 / 1EA"
  },
  {
    "Brand_Product_Size": "Asiago European Dried Porcini Mushrooms 10g",
    "WOW Price": 4.29,
    "WOW Size": "10g",
    "WOW ppu": "$42.90 / 100G"
  },
  {
    "Brand_Product_Size": "Primo Danish Salami Mild Shaved From The Deli per kg",
    "WOW Price": 29,
    "WOW Size": "per kg",
    "WOW ppu": "$29.00 / 1KG"
  },
  {
    "Brand_Product_Size": "Myaura Deodorant Stick Mandarin Grapefruit 65g",
    "WOW Price": 9,
    "WOW Size": "65g",
    "WOW ppu": "$13.85 / 100G"
  },
  {
    "Brand_Product_Size": "Mission Yellow Corn Tortilla Strips 230g",
    "WOW Price": 3.1,
    "WOW Size": "230g",
    "WOW ppu": "$1.35 / 100G"
  },
  {
    "Brand_Product_Size": "Greenseas Tuna In Extra Virgin Olive Oil 425g",
    "WOW Price": 5,
    "WOW Size": "425g",
    "WOW ppu": "$11.76 / 1KG"
  },
  {
    "Brand_Product_Size": "Lux Moisturising Body Wash Pink Petal Touch 400mL",
    "WOW Price": 4.5,
    "WOW Size": "400mL",
    "WOW ppu": "$1.13 / 100ML"
  },
  {
    "Brand_Product_Size": "Ceres Roasted Seaweed Nori Snack 11.3g",
    "WOW Price": 4,
    "WOW Size": "11.3g",
    "WOW ppu": "$35.40 / 100G"
  },
  {
    "Brand_Product_Size": "Sistema Brilliance Medium Rectangle each",
    "WOW Price": 10,
    "WOW Size": "each",
    "WOW ppu": ""
  },
  {
    "Brand_Product_Size": "Blackmores Sleep Support Sleep Sound Formula 30 pack",
    "WOW Price": 15.6,
    "WOW Size": "30 pack",
    "WOW ppu": "$52.00 / 100EA"
  },
  {
    "Brand_Product_Size": "Continental Sour Cream & Chives Pasta & Sauce Value Pack 145g",
    "WOW Price": 3,
    "WOW Size": "145g",
    "WOW ppu": "$2.07 / 100G"
  },
  {
    "Brand_Product_Size": "Indya Jaggery 1kg",
    "WOW Price": 3,
    "WOW Size": "1kg",
    "WOW ppu": "$0.30 / 100G"
  },
  {
    "Brand_Product_Size": "Woolworths For Ladies Underwear Bikini Size 16-18 5 pack",
    "WOW Price": 10,
    "WOW Size": "5 pack",
    "WOW ppu": ""
  },
  {
    "Brand_Product_Size": "Always Fresh Roasted Pepper Strips 310g",
    "WOW Price": 4.5,
    "WOW Size": "310g",
    "WOW ppu": "$14.52 / 1KG"
  },
  {
    "Brand_Product_Size": "Kirks Sarsaparilla 1.25L",
    "WOW Price": 1.85,
    "WOW Size": "1.25L",
    "WOW ppu": "$1.48 / 1L"
  },
  {
    "Brand_Product_Size": "Hong Kong Dim Sim Kitchen Pork & Chive Dumplings 200g",
    "WOW Price": 2.5,
    "WOW Size": "200g",
    "WOW ppu": "$1.25 / 100G"
  },
  {
    "Brand_Product_Size": "Woolworths Cocktail Frankfurts 500g",
    "WOW Price": 2.5,
    "WOW Size": "500g",
    "WOW ppu": "$5.00 / 1KG"
  },
  {
    "Brand_Product_Size": "Bonds Comfy Tops Semi Opaque Knee High Black 1 Size each",
    "WOW Price": 6,
    "WOW Size": "each",
    "WOW ppu": ""
  },
  {
    "Brand_Product_Size": "Woolworths In Juice Sliced Pear 410g",
    "WOW Price": 2,
    "WOW Size": "410g",
    "WOW ppu": "$4.88 / 1KG"
  },
  {
    "Brand_Product_Size": "Edgell Red Kidney Beans 400g",
    "WOW Price": 1.5,
    "WOW Size": "400g",
    "WOW ppu": "$3.75 / 1KG"
  },
  {
    "Brand_Product_Size": "Pantene Never Tell Dry Shampoo 120g",
    "WOW Price": 10.9,
    "WOW Size": "120g",
    "WOW ppu": "$9.08 / 100G"
  },
  {
    "Brand_Product_Size": "Pandaroo Coconut Milk 400mL",
    "WOW Price": 1.4,
    "WOW Size": "400mL",
    "WOW ppu": "$0.35 / 100ML"
  },
  {
    "Brand_Product_Size": "Oakwood Grooming Loose Hair Remover Glove 1 pack",
    "WOW Price": 12.5,
    "WOW Size": "1 pack",
    "WOW ppu": "$12.50 / 1EA"
  },
  {
    "Brand_Product_Size": "Mint Stainless Steel Spoon each",
    "WOW Price": 6,
    "WOW Size": "each",
    "WOW ppu": ""
  },
  {
    "Brand_Product_Size": "Mortein Powergard Insect Auto Spray Odourless 154g",
    "WOW Price": 32,
    "WOW Size": "154g",
    "WOW ppu": "$20.78 / 100G"
  },
  {
    "Brand_Product_Size": "Banana Boat Kids Sunscreen Roll On 50+ 75mL",
    "WOW Price": 11,
    "WOW Size": "75mL",
    "WOW ppu": "$14.67 / 100ML"
  },
  {
    "Brand_Product_Size": "Lee Kum Kee Soy Sauce Premium 500mL",
    "WOW Price": 3.8,
    "WOW Size": "500mL",
    "WOW ppu": "$0.76 / 100ML"
  },
  {
    "Brand_Product_Size": "Lean Cuisine Chicken, Roast Pumpkin & Pearl Cous Cous Nutri Bowl 280g",
    "WOW Price": 4.5,
    "WOW Size": "280g",
    "WOW ppu": "$1.61 / 100G"
  },
  {
    "Brand_Product_Size": "Carman's Dark Choc Cherry Coconut Bar 210g",
    "WOW Price": 6,
    "WOW Size": "210g",
    "WOW ppu": "$2.86 / 100G"
  },
  {
    "Brand_Product_Size": "Carman's Dark Choc Cherry Coconut Bar 210g",
    "WOW Price": 6,
    "WOW Size": "210g",
    "WOW ppu": "$2.86 / 100G"
  },
  {
    "Brand_Product_Size": "Nivea Everyday Active Fresh Aerosol Antiperspirant Deodorant 250mL",
    "WOW Price": 6.5,
    "WOW Size": "250mL",
    "WOW ppu": "$2.60 / 100ML"
  },
  {
    "Brand_Product_Size": "Four'n Twenty Pies Angus Beef, Cheese & Bacon 4 pack",
    "WOW Price": 7.5,
    "WOW Size": "4 pack",
    "WOW ppu": "$0.99 / 100G"
  },
  {
    "Brand_Product_Size": "Bickford's Pomegranate Juice 1L",
    "WOW Price": 6,
    "WOW Size": "1L",
    "WOW ppu": "$6.00 / 1L"
  },
  {
    "Brand_Product_Size": "Mcobeauty Treatment Gloss Crystal Shine each",
    "WOW Price": 6,
    "WOW Size": "each",
    "WOW ppu": "$17.14 / 10ML"
  },
  {
    "Brand_Product_Size": "Only Good Handwash Pump Nourish 300mL",
    "WOW Price": 6,
    "WOW Size": "300mL",
    "WOW ppu": "$2.00 / 100ML"
  },
  {
    "Brand_Product_Size": "Aeroplane Jelly Lite Raspberry 2x9g",
    "WOW Price": 1.8,
    "WOW Size": "2x9g",
    "WOW ppu": "$10.00 / 100G"
  },
  {
    "Brand_Product_Size": "I Pastai Gnocchi Di Patate 500g",
    "WOW Price": 7,
    "WOW Size": "500g",
    "WOW ppu": "$1.40 / 100G"
  },
  {
    "Brand_Product_Size": "Pineapple Naturally Sweet whoLe each",
    "WOW Price": 3.9,
    "WOW Size": "whoLe each",
    "WOW ppu": "$3.90 / 1EA"
  },
  {
    "Brand_Product_Size": "Ecostore Dishwasher Powder Lemon 1kg",
    "WOW Price": 9,
    "WOW Size": "1kg",
    "WOW ppu": "$0.90 / 100G"
  },
  {
    "Brand_Product_Size": "Tena Liners Extra Long 24 pack",
    "WOW Price": 3.5,
    "WOW Size": "24 pack",
    "WOW ppu": "$0.15 / 1EA"
  },
  {
    "Brand_Product_Size": "Sirena Brown Rice & Quinoa With Tuna 170g",
    "WOW Price": 4,
    "WOW Size": "170g",
    "WOW ppu": "$23.53 / 1KG"
  },
  {
    "Brand_Product_Size": "Nescafe Gold Smooth 90g",
    "WOW Price": 9,
    "WOW Size": "90g",
    "WOW ppu": "$10.00 / 100G"
  },
  {
    "Brand_Product_Size": "Nescafe Gold Smooth 90g",
    "WOW Price": 9,
    "WOW Size": "90g",
    "WOW ppu": "$10.00 / 100G"
  },
  {
    "Brand_Product_Size": "Garnier Fructis Coconut Water Shampoo Shampoo 315mL",
    "WOW Price": 7,
    "WOW Size": "315mL",
    "WOW ppu": "$2.22 / 100ML"
  },
  {
    "Brand_Product_Size": "Suimin Tom Kha Noodles 114g",
    "WOW Price": 3,
    "WOW Size": "114g",
    "WOW ppu": "$2.63 / 100G"
  },
  {
    "Brand_Product_Size": "Palmolive Antibacterial Dishwashing Liquid Ultra Strength Lemon 1.3L",
    "WOW Price": 7.5,
    "WOW Size": "1.3L",
    "WOW ppu": "$0.58 / 100ML"
  },
  {
    "Brand_Product_Size": "Only Organic Strawberry & Apple Puffs 20g",
    "WOW Price": 3,
    "WOW Size": "20g",
    "WOW ppu": "$15.00 / 100G"
  },
  {
    "Brand_Product_Size": "Lucozade Original Energy Drink 380mL",
    "WOW Price": 3,
    "WOW Size": "380mL",
    "WOW ppu": "$7.89 / 1L"
  },
  {
    "Brand_Product_Size": "Mersey Valley Extra Tasty Cheese 180g",
    "WOW Price": 6.3,
    "WOW Size": "180g",
    "WOW ppu": "$35.00 / 1KG"
  },
  {
    "Brand_Product_Size": "Mersey Valley Extra Tasty Cheese 180g",
    "WOW Price": 6.3,
    "WOW Size": "180g",
    "WOW ppu": "$35.00 / 1KG"
  },
  {
    "Brand_Product_Size": "Tofurky Chicken Lightly Seasoned 227g",
    "WOW Price": 7,
    "WOW Size": "227g",
    "WOW ppu": "$30.84 / 1KG"
  },
  {
    "Brand_Product_Size": "Allen's Ripe Raspberries Lollies Bag 190g",
    "WOW Price": 3,
    "WOW Size": "190g",
    "WOW ppu": "$1.58 / 100G"
  },
  {
    "Brand_Product_Size": "Mint Bamboo Skewer 25cm 200 pack",
    "WOW Price": 3,
    "WOW Size": "200 pack",
    "WOW ppu": ""
  },
  {
    "Brand_Product_Size": "Nanna's Family Pies & Desserts Apple Pie 600g",
    "WOW Price": 4,
    "WOW Size": "600g",
    "WOW ppu": "$0.67 / 100G"
  },
  {
    "Brand_Product_Size": "Inspire Premium Bath Sheet Charcoal each",
    "WOW Price": 26,
    "WOW Size": "each",
    "WOW ppu": ""
  },
  {
    "Brand_Product_Size": "Alambra Cypriot Halloumi 225g",
    "WOW Price": 6.5,
    "WOW Size": "225g",
    "WOW ppu": "$28.89 / 1KG"
  },
  {
    "Brand_Product_Size": "Alambra Cypriot Halloumi 225g",
    "WOW Price": 6.5,
    "WOW Size": "225g",
    "WOW ppu": "$28.89 / 1KG"
  },
  {
    "Brand_Product_Size": "Original Juice Orange Juice 600mL",
    "WOW Price": 2.85,
    "WOW Size": "600mL",
    "WOW ppu": "$4.75 / 1L"
  },
  {
    "Brand_Product_Size": "Woolworths Rice Bran Oil 500mL",
    "WOW Price": 3,
    "WOW Size": "500mL",
    "WOW ppu": "$0.60 / 100ML"
  },
  {
    "Brand_Product_Size": "Woolworths Cooked Jumbo Tiger Prawns Thawed per kg",
    "WOW Price": 37,
    "WOW Size": "per kg",
    "WOW ppu": "$37.00 / 1KG"
  },
  {
    "Brand_Product_Size": "Birds Eye Golden Crunch Straight Cut Chips 1kg",
    "WOW Price": 4.3,
    "WOW Size": "1kg",
    "WOW ppu": "$4.30 / 1KG"
  },
  {
    "Brand_Product_Size": "Seymours Collapse Storage Medium 46l each",
    "WOW Price": 28,
    "WOW Size": "each",
    "WOW ppu": ""
  },
  {
    "Brand_Product_Size": "Macro Smokin' Corn Kernels 30g",
    "WOW Price": 1,
    "WOW Size": "30g",
    "WOW ppu": "$3.33 / 100G"
  },
  {
    "Brand_Product_Size": "Ingham's Chicken Wing Tips 1kg",
    "WOW Price": 5.5,
    "WOW Size": "1kg",
    "WOW ppu": "$5.50 / 1KG"
  },
  {
    "Brand_Product_Size": "So Delicious Nutmilk Blueberry 150g",
    "WOW Price": 1.75,
    "WOW Size": "150g",
    "WOW ppu": "$1.17 / 100G"
  },
  {
    "Brand_Product_Size": "Valvoline Engine Armour 10w-30 Engine Oil 4L",
    "WOW Price": 14.95,
    "WOW Size": "4L",
    "WOW ppu": "$0.37 / 100ML"
  },
  {
    "Brand_Product_Size": "Mcobeauty Ultra Stay Flawless Foundation Ivory 35mL",
    "WOW Price": 13,
    "WOW Size": "35mL",
    "WOW ppu": "$3.71 / 10ML"
  },
  {
    "Brand_Product_Size": "D'orsogna Bacon Streaky 200g",
    "WOW Price": 5.5,
    "WOW Size": "200g",
    "WOW ppu": "$27.50 / 1KG"
  },
  {
    "Brand_Product_Size": "Nicorette Quit Smoking Quickmist Mouth Spray Fresh Mint 13.2mL x 2 pack",
    "WOW Price": 60,
    "WOW Size": "13.2mL x 2 pack",
    "WOW ppu": "$227.27 / 100ML"
  },
  {
    "Brand_Product_Size": "Nong Shim Shin Ramyun Instant Noodle Black 130g",
    "WOW Price": 3.1,
    "WOW Size": "130g",
    "WOW ppu": "$2.38 / 100G"
  },
  {
    "Brand_Product_Size": "Poppin Microwave Popcorn Butter Flavour 100g x4 pack",
    "WOW Price": 5.55,
    "WOW Size": "100g x4 pack",
    "WOW ppu": "$1.39 / 100G"
  },
  {
    "Brand_Product_Size": "Sharwood's Mango & Ginger Chutney 354g",
    "WOW Price": 4,
    "WOW Size": "354g",
    "WOW ppu": "$1.13 / 100G"
  },
  {
    "Brand_Product_Size": "Picon Cheese Portions 120g",
    "WOW Price": 2,
    "WOW Size": "120g",
    "WOW ppu": "$16.67 / 1KG"
  },
  {
    "Brand_Product_Size": "Picon Cheese Portions 120g",
    "WOW Price": 2,
    "WOW Size": "120g",
    "WOW ppu": "$16.67 / 1KG"
  },
  {
    "Brand_Product_Size": "Picon Cheese Portions 120g",
    "WOW Price": 2,
    "WOW Size": "120g",
    "WOW ppu": "$16.67 / 1KG"
  },
  {
    "Brand_Product_Size": "Praise Chicken Salt Chip Mayo 250mL",
    "WOW Price": 3,
    "WOW Size": "250mL",
    "WOW ppu": "$1.20 / 100ML"
  },
  {
    "Brand_Product_Size": "Olay Luminous Cica Serum 30mL",
    "WOW Price": 42,
    "WOW Size": "30mL",
    "WOW ppu": "$140.00 / 100ML"
  },
  {
    "Brand_Product_Size": "Amigo Cocktail Multivita 8 pack",
    "WOW Price": 6,
    "WOW Size": "8 pack",
    "WOW ppu": "$0.38 / 100ML"
  },
  {
    "Brand_Product_Size": "Swisse Ultiboost High Strength Vitamin C Tablets 20 pack",
    "WOW Price": 6.5,
    "WOW Size": "20 pack",
    "WOW ppu": "$32.50 / 100EA"
  },
  {
    "Brand_Product_Size": "Smith's Oven Baked Chips Sea Salt 130g",
    "WOW Price": 2.5,
    "WOW Size": "130g",
    "WOW ppu": "$1.92 / 100G"
  },
  {
    "Brand_Product_Size": "Dermaveen Sensitive Relief Eczema Lotion 250mL",
    "WOW Price": 12,
    "WOW Size": "250mL",
    "WOW ppu": "$4.80 / 100ML"
  },
  {
    "Brand_Product_Size": "Lemsip All In One Lemon Capsules 16 pack",
    "WOW Price": 12,
    "WOW Size": "16 pack",
    "WOW ppu": "$0.75 / 1EA"
  },
  {
    "Brand_Product_Size": "Well Naturally Bar Fruit & Nut 90g",
    "WOW Price": 3.5,
    "WOW Size": "90g",
    "WOW ppu": "$3.89 / 100G"
  },
  {
    "Brand_Product_Size": "L'oreal Infallible Matte Foundation 145 Rose Beige 30mL",
    "WOW Price": 15,
    "WOW Size": "30mL",
    "WOW ppu": "$5.00 / 10ML"
  },
  {
    "Brand_Product_Size": "Cadbury Dream White Chocolate 180g",
    "WOW Price": 3.5,
    "WOW Size": "180g",
    "WOW ppu": "$1.94 / 100G"
  },
  {
    "Brand_Product_Size": "L'oreal Infallible Matte Foundation 290 Golden Amber 30mL",
    "WOW Price": 15,
    "WOW Size": "30mL",
    "WOW ppu": "$5.00 / 10ML"
  },
  {
    "Brand_Product_Size": "Oral-b Sensitive Clean Electric Toothbrush Replacement Heads 2 refiLLs",
    "WOW Price": 13.75,
    "WOW Size": "2 refiLLs",
    "WOW ppu": "$6.88 / 1EA"
  },
  {
    "Brand_Product_Size": "Air Wick Pure Spring Delight Electric Twin Refill 19mL",
    "WOW Price": 9.99,
    "WOW Size": "19mL",
    "WOW ppu": "$5.26 / 10ML"
  },
  {
    "Brand_Product_Size": "Sacla Pasta Sauce Basil Cherry Tomato 420g",
    "WOW Price": 4.4,
    "WOW Size": "420g",
    "WOW ppu": "$1.05 / 100G"
  },
  {
    "Brand_Product_Size": "Olsent Led Gls Es 6w 500lm Ww 2 pack",
    "WOW Price": 10,
    "WOW Size": "2 pack",
    "WOW ppu": "$5.00 / 1EA"
  },
  {
    "Brand_Product_Size": "Energizer Button Battery Bp1 357 each",
    "WOW Price": 6,
    "WOW Size": "each",
    "WOW ppu": "$6.00 / 1EA"
  },
  {
    "Brand_Product_Size": "Cenovis Vitamin D3 1000iu Tablets 200 pack",
    "WOW Price": 14,
    "WOW Size": "200 pack",
    "WOW ppu": "$7.00 / 100EA"
  },
  {
    "Brand_Product_Size": "All Day Ladies Invisible Footlet 5/8 3 pack",
    "WOW Price": 8,
    "WOW Size": "3 pack",
    "WOW ppu": ""
  },
  {
    "Brand_Product_Size": "Collapse Storage Crate Small each",
    "WOW Price": 20,
    "WOW Size": "each",
    "WOW ppu": ""
  },
  {
    "Brand_Product_Size": "All Day Womens Invisible Footlet Socks Black 9-11 3 pack",
    "WOW Price": 8,
    "WOW Size": "3 pack",
    "WOW ppu": ""
  },
  {
    "Brand_Product_Size": "Underworks Ladies All Day Invisible Black Footlet 5 - 8 3 pack",
    "WOW Price": 8,
    "WOW Size": "3 pack",
    "WOW ppu": ""
  },
  {
    "Brand_Product_Size": "All Day Ladies Invisible Footlet 9/11 3 pack",
    "WOW Price": 8,
    "WOW Size": "3 pack",
    "WOW ppu": ""
  },
  {
    "Brand_Product_Size": "Heinz Seriously Good Garlic Aioli Mayonnaise 500mL",
    "WOW Price": 6,
    "WOW Size": "500mL",
    "WOW ppu": "$1.20 / 100ML"
  },
  {
    "Brand_Product_Size": "Gourmet Garden Paste Chilli Mild 80g",
    "WOW Price": 3.5,
    "WOW Size": "80g",
    "WOW ppu": "$0.44 / 10G"
  },
  {
    "Brand_Product_Size": "Gourmet Garden Paste Chilli Mild 80g",
    "WOW Price": 3.5,
    "WOW Size": "80g",
    "WOW ppu": "$0.44 / 10G"
  },
  {
    "Brand_Product_Size": "Mud Bronzer Shade 001 5g",
    "WOW Price": 4.5,
    "WOW Size": "5g",
    "WOW ppu": "$9.00 / 10G"
  },
  {
    "Brand_Product_Size": "Mint Beechwood Mixing Spoon each",
    "WOW Price": 3,
    "WOW Size": "each",
    "WOW ppu": ""
  },
  {
    "Brand_Product_Size": "Cancer Council Sensitive Sunscreen Pump Bottle Spf 50 Plus 200mL",
    "WOW Price": 16.5,
    "WOW Size": "200mL",
    "WOW ppu": "$8.25 / 100ML"
  },
  {
    "Brand_Product_Size": "Walkers Highland Oatcakes 280g",
    "WOW Price": 6,
    "WOW Size": "280g",
    "WOW ppu": "$2.14 / 100G"
  },
  {
    "Brand_Product_Size": "Veeda Natural Cotton Pads Thin With Wings 14 pack",
    "WOW Price": 2.4,
    "WOW Size": "14 pack",
    "WOW ppu": "$0.17 / 1EA"
  },
  {
    "Brand_Product_Size": "Peck's Salmon & Lobster Spread 125g",
    "WOW Price": 2.8,
    "WOW Size": "125g",
    "WOW ppu": "$2.24 / 100G"
  },
  {
    "Brand_Product_Size": "Woolworths Beetroot Relish With Tasty Cheese & Artisan Crackers 50g",
    "WOW Price": 3,
    "WOW Size": "50g",
    "WOW ppu": "$60.00 / 1KG"
  },
  {
    "Brand_Product_Size": "Macro Organic Virgin Coconut Oil 300g",
    "WOW Price": 4.4,
    "WOW Size": "300g",
    "WOW ppu": "$1.47 / 100G"
  },
  {
    "Brand_Product_Size": "Arnott's Mint Slice 200g",
    "WOW Price": 4,
    "WOW Size": "200g",
    "WOW ppu": "$2.00 / 100G"
  },
  {
    "Brand_Product_Size": "Simmone Logue Gourmet Sausage Rolls 12 pack",
    "WOW Price": 17,
    "WOW Size": "12 pack",
    "WOW ppu": "$2.83 / 100G"
  },
  {
    "Brand_Product_Size": "Pico Chocolate Mint Crisp 80g",
    "WOW Price": 6,
    "WOW Size": "80g",
    "WOW ppu": "$7.50 / 100G"
  },
  {
    "Brand_Product_Size": "Milo Cereal 700g",
    "WOW Price": 7.5,
    "WOW Size": "700g",
    "WOW ppu": "$1.07 / 100G"
  },
  {
    "Brand_Product_Size": "Tic Tac Peppermint 49g",
    "WOW Price": 3,
    "WOW Size": "49g",
    "WOW ppu": "$6.12 / 100G"
  },
  {
    "Brand_Product_Size": "Sa Gourmet Food Co Condensed Tomato Soup 500g",
    "WOW Price": 1.8,
    "WOW Size": "500g",
    "WOW ppu": "$0.36 / 100G"
  },
  {
    "Brand_Product_Size": "Brunnings Feed 'n Weed Hose-on 2.7L",
    "WOW Price": 12.7,
    "WOW Size": "2.7L",
    "WOW ppu": "$0.47 / 100ML"
  },
  {
    "Brand_Product_Size": "Betty Crocker Gluten Free Chocolate Fudge Brownie Mix 450g",
    "WOW Price": 6,
    "WOW Size": "450g",
    "WOW ppu": "$1.33 / 100G"
  },
  {
    "Brand_Product_Size": "Mainland Organic Spreadable Butter 250g",
    "WOW Price": 4.5,
    "WOW Size": "250g",
    "WOW ppu": "$1.80 / 100G"
  },
  {
    "Brand_Product_Size": "Nature's Own High Strength Vitamin B12 1000mcg Tablets 60 pack",
    "WOW Price": 15,
    "WOW Size": "60 pack",
    "WOW ppu": "$25.00 / 100EA"
  },
  {
    "Brand_Product_Size": "Mcobeauty Waterproof Eye Define Liner 1.8g",
    "WOW Price": 5,
    "WOW Size": "1.8g",
    "WOW ppu": "$27.78 / 10G"
  },
  {
    "Brand_Product_Size": "Golden Waffles Fluffy & Delicious 5 pack",
    "WOW Price": 5,
    "WOW Size": "5 pack",
    "WOW ppu": "$1.82 / 100G"
  },
  {
    "Brand_Product_Size": "Kellogg's Lcms Kaleidos Snack Bars 6 pack",
    "WOW Price": 2,
    "WOW Size": "6 pack",
    "WOW ppu": "$1.52 / 100G"
  },
  {
    "Brand_Product_Size": "Kellogg's Lcms Kaleidos Snack Bars 6 pack",
    "WOW Price": 2,
    "WOW Size": "6 pack",
    "WOW ppu": "$1.52 / 100G"
  },
  {
    "Brand_Product_Size": "Cutex Nail Polish Remover Strengthening 100mL",
    "WOW Price": 2.45,
    "WOW Size": "100mL",
    "WOW ppu": "$0.25 / 10ML"
  },
  {
    "Brand_Product_Size": "Pampas Puff Pastry 6 Sheets 1kg",
    "WOW Price": 4.5,
    "WOW Size": "1kg",
    "WOW ppu": "$0.45 / 100G"
  },
  {
    "Brand_Product_Size": "Reese's Peanut Butter Cup Milk Chocolate 42g bar",
    "WOW Price": 1,
    "WOW Size": "42g bar",
    "WOW ppu": "$2.38 / 100G"
  },
  {
    "Brand_Product_Size": "Woolworths Tomato Paste 415g",
    "WOW Price": 2,
    "WOW Size": "415g",
    "WOW ppu": "$0.48 / 100G"
  },
  {
    "Brand_Product_Size": "Masterfoods Ground Cumin Seeds 25g",
    "WOW Price": 2.7,
    "WOW Size": "25g",
    "WOW ppu": "$1.08 / 10G"
  },
  {
    "Brand_Product_Size": "Aussie Bodies Collagen Berry Ripe Delight Bar 45g",
    "WOW Price": 3,
    "WOW Size": "45g",
    "WOW ppu": "$6.67 / 100G"
  },
  {
    "Brand_Product_Size": "Bosisto's Stress Oil 15mL",
    "WOW Price": 11.5,
    "WOW Size": "15mL",
    "WOW ppu": "$76.67 / 100ML"
  },
  {
    "Brand_Product_Size": "Korbond Happy Birthday Glitter Hat 9cm 31g",
    "WOW Price": 3,
    "WOW Size": "31g",
    "WOW ppu": "$3.00 / 1EA"
  },
  {
    "Brand_Product_Size": "Mint Nylon Slotted Spoon each",
    "WOW Price": 4,
    "WOW Size": "each",
    "WOW ppu": ""
  },
  {
    "Brand_Product_Size": "Libra Tampons Super 16 pack",
    "WOW Price": 2.5,
    "WOW Size": "16 pack",
    "WOW ppu": "$0.16 / 1EA"
  },
  {
    "Brand_Product_Size": "Woolworths Soy Milk 1L",
    "WOW Price": 1.15,
    "WOW Size": "1L",
    "WOW ppu": "$1.15 / 1L"
  },
  {
    "Brand_Product_Size": "Woolworths Soy Milk 1L",
    "WOW Price": 1.15,
    "WOW Size": "1L",
    "WOW ppu": "$1.15 / 1L"
  },
  {
    "Brand_Product_Size": "Mr Chen's Seafood Nasi Goreng 350g",
    "WOW Price": 5.5,
    "WOW Size": "350g",
    "WOW ppu": "$1.57 / 100G"
  },
  {
    "Brand_Product_Size": "E45 Moisturising Lotion 500mL",
    "WOW Price": 20,
    "WOW Size": "500mL",
    "WOW ppu": "$4.00 / 100ML"
  },
  {
    "Brand_Product_Size": "Armada Pattern Serviettes 20 pack",
    "WOW Price": 2.5,
    "WOW Size": "20 pack",
    "WOW ppu": ""
  },
  {
    "Brand_Product_Size": "Ottogi Jin Ramen Spicy Instant Noodles 120g",
    "WOW Price": 1.5,
    "WOW Size": "120g",
    "WOW ppu": "$1.25 / 100G"
  },
  {
    "Brand_Product_Size": "Jack Hammer Face Mask 2 pack",
    "WOW Price": 12,
    "WOW Size": "2 pack",
    "WOW ppu": ""
  },
  {
    "Brand_Product_Size": "Staedtler Tradition Graphite Pencils Hb 5 pack",
    "WOW Price": 5,
    "WOW Size": "5 pack",
    "WOW ppu": ""
  },
  {
    "Brand_Product_Size": "Bluey Playset Assorted each",
    "WOW Price": 20,
    "WOW Size": "each",
    "WOW ppu": ""
  },
  {
    "Brand_Product_Size": "Bluey Playset Assorted each",
    "WOW Price": 20,
    "WOW Size": "each",
    "WOW ppu": ""
  },
  {
    "Brand_Product_Size": "Sparletta Creme Soda 300mL",
    "WOW Price": 2.3,
    "WOW Size": "300mL",
    "WOW ppu": "$0.77 / 100ML"
  },
  {
    "Brand_Product_Size": "Veet Hair Removal Cream For Men 200g",
    "WOW Price": 11.5,
    "WOW Size": "200g",
    "WOW ppu": "$5.75 / 100ML"
  },
  {
    "Brand_Product_Size": "Ogx Conditioner Renewing Argan Oil Of Morocco 385mL",
    "WOW Price": 20,
    "WOW Size": "385mL",
    "WOW ppu": "$5.19 / 100ML"
  },
  {
    "Brand_Product_Size": "Cottee's Cordial Lemon 1L",
    "WOW Price": 4.2,
    "WOW Size": "1L",
    "WOW ppu": "$4.20 / 1L"
  },
  {
    "Brand_Product_Size": "Carbonell Original Olive Oil 1L",
    "WOW Price": 9,
    "WOW Size": "1L",
    "WOW ppu": "$0.90 / 100ML"
  },
  {
    "Brand_Product_Size": "Messy Monkeys Chocolate Rice Puff Bars 6 pack",
    "WOW Price": 5.5,
    "WOW Size": "6 pack",
    "WOW ppu": "$5.73 / 100G"
  },
  {
    "Brand_Product_Size": "Maggi Best Ever Beef Burgers Recipe Base 30g",
    "WOW Price": 1.75,
    "WOW Size": "30g",
    "WOW ppu": "$5.83 / 100G"
  },
  {
    "Brand_Product_Size": "Katoomba Sona Masoori Rice 5kg",
    "WOW Price": 10,
    "WOW Size": "5kg",
    "WOW ppu": "$2.00 / 1KG"
  },
  {
    "Brand_Product_Size": "Moro Aged Balsamic Primula Vinegar 250mL",
    "WOW Price": 9,
    "WOW Size": "250mL",
    "WOW ppu": "$3.60 / 100ML"
  },
  {
    "Brand_Product_Size": "Queen Strawberry & Cream Flavour For Icing 50mL",
    "WOW Price": 1.8,
    "WOW Size": "50mL",
    "WOW ppu": "$3.60 / 100ML"
  },
  {
    "Brand_Product_Size": "Kleenex Facial Tissues 200 pack",
    "WOW Price": 2,
    "WOW Size": "200 pack",
    "WOW ppu": "$1.00 / 100SS"
  },
  {
    "Brand_Product_Size": "Kleenex Facial Tissues 200 pack",
    "WOW Price": 2,
    "WOW Size": "200 pack",
    "WOW ppu": "$1.00 / 100SS"
  },
  {
    "Brand_Product_Size": "Sprite No Sugar Mini Cans 200mL x8 pack",
    "WOW Price": 7.2,
    "WOW Size": "200mL x8 pack",
    "WOW ppu": "$4.50 / 1L"
  },
  {
    "Brand_Product_Size": "Fry's Meat Free Family Sausage Rolls 400g",
    "WOW Price": 6,
    "WOW Size": "400g",
    "WOW ppu": "$1.50 / 100G"
  },
  {
    "Brand_Product_Size": "Dynamo Professional Discs Odour Eliminating 700g",
    "WOW Price": 24,
    "WOW Size": "700g",
    "WOW ppu": "$0.86 / 1EA"
  },
  {
    "Brand_Product_Size": "Pascall Jubes Lollies 350g",
    "WOW Price": 4,
    "WOW Size": "350g",
    "WOW ppu": "$1.14 / 100G"
  },
  {
    "Brand_Product_Size": "Lindt Nuxor Milk Chocolate 165g",
    "WOW Price": 15,
    "WOW Size": "165g",
    "WOW ppu": "$9.09 / 100G"
  },
  {
    "Brand_Product_Size": "Redwin Sorbolene Body Moisturiser With Vitamin E 500mL",
    "WOW Price": 5.36,
    "WOW Size": "500mL",
    "WOW ppu": "$1.07 / 100ML"
  },
  {
    "Brand_Product_Size": "Woolworths Secret Burger Sauce 330mL",
    "WOW Price": 2.5,
    "WOW Size": "330mL",
    "WOW ppu": "$0.76 / 100ML"
  },
  {
    "Brand_Product_Size": "John West Salmon Red 105g",
    "WOW Price": 5.5,
    "WOW Size": "105g",
    "WOW ppu": "$52.38 / 1KG"
  },
  {
    "Brand_Product_Size": "Hoyt's Cumin Ground 25g",
    "WOW Price": 1.95,
    "WOW Size": "25g",
    "WOW ppu": "$0.78 / 10G"
  },
  {
    "Brand_Product_Size": "Yumi's Roasted Capsicum & Cashew Dip 200g",
    "WOW Price": 4,
    "WOW Size": "200g",
    "WOW ppu": "$2.00 / 100G"
  },
  {
    "Brand_Product_Size": "Chevron 9v Battery Alkaline 2 pack",
    "WOW Price": 4,
    "WOW Size": "2 pack",
    "WOW ppu": "$2.00 / 1EA"
  },
  {
    "Brand_Product_Size": "Mainland On The Go Cheese Crackers Balsamic Beetroot Relish 110g",
    "WOW Price": 4,
    "WOW Size": "110g",
    "WOW ppu": "$36.36 / 1KG"
  },
  {
    "Brand_Product_Size": "Simmone Logue Leek Gruyere Cocktail Quiches 12 pack",
    "WOW Price": 15,
    "WOW Size": "12 pack",
    "WOW ppu": "$3.13 / 100G"
  },
  {
    "Brand_Product_Size": "Cadbury Dairy Milk Freddo Frog 35g",
    "WOW Price": 0.8,
    "WOW Size": "35g",
    "WOW ppu": "$2.29 / 100G"
  },
  {
    "Brand_Product_Size": "Ecostore Laundry Powder Lemon 1kg",
    "WOW Price": 8.25,
    "WOW Size": "1kg",
    "WOW ppu": "$8.25 / 1KG"
  },
  {
    "Brand_Product_Size": "Korbond Lint Shaver each",
    "WOW Price": 11,
    "WOW Size": "each",
    "WOW ppu": ""
  },
  {
    "Brand_Product_Size": "Nature's Own Calcium, Magnesium & Vitamin D3 Tablets 120 pack",
    "WOW Price": 18,
    "WOW Size": "120 pack",
    "WOW ppu": "$15.00 / 100EA"
  },
  {
    "Brand_Product_Size": "Maybelline Fit Me Dewy & Smooth Foundation - Ivory 115 30mL",
    "WOW Price": 11,
    "WOW Size": "30mL",
    "WOW ppu": "$3.67 / 10ML"
  },
  {
    "Brand_Product_Size": "Kodak Photo Paper Gloss 4x6 60 pack",
    "WOW Price": 11,
    "WOW Size": "60 pack",
    "WOW ppu": ""
  },
  {
    "Brand_Product_Size": "Swizzels Squashies Original 160g",
    "WOW Price": 3,
    "WOW Size": "160g",
    "WOW ppu": "$1.88 / 100G"
  },
  {
    "Brand_Product_Size": "Bref Deluxe Magic Moonflower each",
    "WOW Price": 6,
    "WOW Size": "each",
    "WOW ppu": "$12.00 / 100G"
  },
  {
    "Brand_Product_Size": "Lurpak Spreadable Slightly Salted 400g",
    "WOW Price": 6.5,
    "WOW Size": "400g",
    "WOW ppu": "$1.63 / 100G"
  },
  {
    "Brand_Product_Size": "Barilla Elbow Pasta Gluten Free 340g",
    "WOW Price": 3.8,
    "WOW Size": "340g",
    "WOW ppu": "$1.12 / 100G"
  },
  {
    "Brand_Product_Size": "Leggos Pasta Bake Sundried Tomato Garlic 500g",
    "WOW Price": 3,
    "WOW Size": "500g",
    "WOW ppu": "$0.60 / 100G"
  },
  {
    "Brand_Product_Size": "Bonds Bloody Comfy Period Full Brief Heavy Days Size 10 each",
    "WOW Price": 18.75,
    "WOW Size": "each",
    "WOW ppu": "$18.75 / 1EA"
  },
  {
    "Brand_Product_Size": "Woolworths Microwave Quick Pasta Spiral 150g",
    "WOW Price": 1.5,
    "WOW Size": "150g",
    "WOW ppu": "$1.00 / 100G"
  },
  {
    "Brand_Product_Size": "Help@hand Cotton Dual Tips Recycled Cane 100 pack",
    "WOW Price": 2.4,
    "WOW Size": "100 pack",
    "WOW ppu": "$2.40 / 100EA"
  },
  {
    "Brand_Product_Size": "Aussie Bodies Lo Carb Protein Bar Whip'd Boysenberry Ripple 4x30g",
    "WOW Price": 9,
    "WOW Size": "4x30g",
    "WOW ppu": "$7.50 / 100G"
  },
  {
    "Brand_Product_Size": "Nyal Ibuprofen Tablets 24 pack",
    "WOW Price": 4.8,
    "WOW Size": "24 pack",
    "WOW ppu": "$0.20 / 1EA"
  },
  {
    "Brand_Product_Size": "Inspire Digital Bathroom Scales each",
    "WOW Price": 20,
    "WOW Size": "each",
    "WOW ppu": ""
  },
  {
    "Brand_Product_Size": "Centrum Advance 50+ Multivitamin 120 pack",
    "WOW Price": 15,
    "WOW Size": "120 pack",
    "WOW ppu": "$12.50 / 100EA"
  },
  {
    "Brand_Product_Size": "Continental Simmer Soup Cream Of Chicken 45g",
    "WOW Price": 1.4,
    "WOW Size": "45g",
    "WOW ppu": "$3.11 / 100G"
  },
  {
    "Brand_Product_Size": "Tasti Made Simple Lamington 150g",
    "WOW Price": 5.5,
    "WOW Size": "150g",
    "WOW ppu": "$3.67 / 100G"
  },
  {
    "Brand_Product_Size": "Vaseline Hair Tonic 100mL",
    "WOW Price": 6.6,
    "WOW Size": "100mL",
    "WOW ppu": "$6.60 / 100ML"
  },
  {
    "Brand_Product_Size": "Dentalife Adult Chicken Cat Dental Treats 51g",
    "WOW Price": 4.5,
    "WOW Size": "51g",
    "WOW ppu": "$8.82 / 100G"
  },
  {
    "Brand_Product_Size": "Woolworths Apple & Blackcurrant Juice 2L",
    "WOW Price": 2,
    "WOW Size": "2L",
    "WOW ppu": "$1.00 / 1L"
  },
  {
    "Brand_Product_Size": "Vicks Vapo Drops & Immune Support 36 pack",
    "WOW Price": 13,
    "WOW Size": "36 pack",
    "WOW ppu": "$0.36 / 1EA"
  },
  {
    "Brand_Product_Size": "Kellogg's Crunchy Nut Clusters Breakfast Cereal 450g",
    "WOW Price": 6.4,
    "WOW Size": "450g",
    "WOW ppu": "$1.42 / 100G"
  },
  {
    "Brand_Product_Size": "Schweppes Lemon Lime & Bitters 1.1L",
    "WOW Price": 1.25,
    "WOW Size": "1.1L",
    "WOW ppu": "$1.14 / 1L"
  },
  {
    "Brand_Product_Size": "Ingham's Super Crunch Boneless Chicken Breast Pieces 300g",
    "WOW Price": 7,
    "WOW Size": "300g",
    "WOW ppu": "$23.33 / 1KG"
  },
  {
    "Brand_Product_Size": "Hawkins Pressure Cooker Classic 3l each",
    "WOW Price": 42,
    "WOW Size": "each",
    "WOW ppu": "$42.00 / 1EA"
  },
  {
    "Brand_Product_Size": "Hot Wheels Mario Kart Assortment each",
    "WOW Price": 7,
    "WOW Size": "each",
    "WOW ppu": ""
  },
  {
    "Brand_Product_Size": "Bega Cream Cheese Spread Spread 500g",
    "WOW Price": 6.5,
    "WOW Size": "500g",
    "WOW ppu": "$13.00 / 1KG"
  },
  {
    "Brand_Product_Size": "Bega Cream Cheese Spread Spread 500g",
    "WOW Price": 6.5,
    "WOW Size": "500g",
    "WOW ppu": "$13.00 / 1KG"
  },
  {
    "Brand_Product_Size": "La Famiglia Herb Slices 270g",
    "WOW Price": 2.6,
    "WOW Size": "270g",
    "WOW ppu": "$0.96 / 100G"
  },
  {
    "Brand_Product_Size": "Palmolive Luminous Oils Moroccan Argan Oil & Camellia Protect Shampoo 350mL",
    "WOW Price": 5,
    "WOW Size": "350mL",
    "WOW ppu": "$1.43 / 100ML"
  },
  {
    "Brand_Product_Size": "Woolworths Rainbow Layer Cake 1kg",
    "WOW Price": 25,
    "WOW Size": "1kg",
    "WOW ppu": "$2.50 / 100G"
  },
  {
    "Brand_Product_Size": "Macro Plain Tempeh 300g",
    "WOW Price": 4.5,
    "WOW Size": "300g",
    "WOW ppu": "$15.00 / 1KG"
  },
  {
    "Brand_Product_Size": "Lucas' Papaw Lip Balm Applicator 15g",
    "WOW Price": 5.25,
    "WOW Size": "15g",
    "WOW ppu": "$3.50 / 10G"
  },
  {
    "Brand_Product_Size": "Royal Feast Jasmine Rice 10kg",
    "WOW Price": 16,
    "WOW Size": "10kg",
    "WOW ppu": "$0.16 / 100G"
  },
  {
    "Brand_Product_Size": "Maybelline Eyestudio Master Precise Liquid Eyeliner - Black Reno 1mL",
    "WOW Price": 8.5,
    "WOW Size": "1mL",
    "WOW ppu": "$85.00 / 10ML"
  },
  {
    "Brand_Product_Size": "San Remo Trivelle Pasta 500g",
    "WOW Price": 2.6,
    "WOW Size": "500g",
    "WOW ppu": "$0.52 / 100G"
  },
  {
    "Brand_Product_Size": "Pedigree Loaf With Five Kinds Of Meat Wet Dog Food Can 1.2kg",
    "WOW Price": 3,
    "WOW Size": "1.2kg",
    "WOW ppu": "$0.25 / 100G"
  },
  {
    "Brand_Product_Size": "Gatorade Lemon Lime Sports Drink 600mL",
    "WOW Price": 2.15,
    "WOW Size": "600mL",
    "WOW ppu": "$3.58 / 1L"
  },
  {
    "Brand_Product_Size": "Kikkoman Tamari Soy Sauce 250mL",
    "WOW Price": 5.2,
    "WOW Size": "250mL",
    "WOW ppu": "$2.08 / 100ML"
  },
  {
    "Brand_Product_Size": "Continental Liquid Chicken Stock Salt Reduced 1L",
    "WOW Price": 4,
    "WOW Size": "1L",
    "WOW ppu": "$0.40 / 100ML"
  },
  {
    "Brand_Product_Size": "Tasti Nut Bar Salted Caramel 420g",
    "WOW Price": 5,
    "WOW Size": "420g",
    "WOW ppu": "$1.19 / 100G"
  },
  {
    "Brand_Product_Size": "Tasti Nut Bar Salted Caramel 420g",
    "WOW Price": 5,
    "WOW Size": "420g",
    "WOW ppu": "$1.19 / 100G"
  },
  {
    "Brand_Product_Size": "Quick-eze Heartburn & Indigestion Relief Original 60 pack",
    "WOW Price": 6.5,
    "WOW Size": "60 pack",
    "WOW ppu": "$0.11 / 1EA"
  },
  {
    "Brand_Product_Size": "Plantitude Dairy Free Coconut Yoghurt Natural 500g",
    "WOW Price": 5.4,
    "WOW Size": "500g",
    "WOW ppu": "$1.08 / 100G"
  },
  {
    "Brand_Product_Size": "Macro Organic Coconut Cream 400mL",
    "WOW Price": 2.35,
    "WOW Size": "400mL",
    "WOW ppu": "$0.59 / 100ML"
  },
  {
    "Brand_Product_Size": "Connoisseur Ice Cream Cookies & Cream 1L tub",
    "WOW Price": 11,
    "WOW Size": "1L tub",
    "WOW ppu": "$1.10 / 100ML"
  },
  {
    "Brand_Product_Size": "Olay Scrubs Pore Perfecting Vitamin C & Dragon Fruit 125mL",
    "WOW Price": 13.3,
    "WOW Size": "125mL",
    "WOW ppu": "$10.64 / 100ML"
  },
  {
    "Brand_Product_Size": "Yates Garden Weed N Feed 2L",
    "WOW Price": 12,
    "WOW Size": "2L",
    "WOW ppu": "$0.60 / 100ML"
  },
  {
    "Brand_Product_Size": "Fussy Cat Bites & Fish Gravy Wet Cat Food 80g x12 pack",
    "WOW Price": 10,
    "WOW Size": "80g x12 pack",
    "WOW ppu": "$1.04 / 100G"
  },
  {
    "Brand_Product_Size": "Rafferty's Garden Chickpea Corn & Carrot 8m 120g",
    "WOW Price": 1.9,
    "WOW Size": "120g",
    "WOW ppu": "$1.58 / 100G"
  },
  {
    "Brand_Product_Size": "Caltrate 1000iu Bone And Muscle Health Tablets 60 pack",
    "WOW Price": 9,
    "WOW Size": "60 pack",
    "WOW ppu": "$15.00 / 100EA"
  },
  {
    "Brand_Product_Size": "Nerada Organic Chai Tea 50 pack 93g",
    "WOW Price": 4.7,
    "WOW Size": "50 pack 93g",
    "WOW ppu": "$0.09 / 1EA"
  },
  {
    "Brand_Product_Size": "Nerada Organic Chai Tea 50 pack 93g",
    "WOW Price": 4.7,
    "WOW Size": "50 pack 93g",
    "WOW ppu": "$0.09 / 1EA"
  },
  {
    "Brand_Product_Size": "Green Gardener Sprinkler each",
    "WOW Price": 6,
    "WOW Size": "each",
    "WOW ppu": ""
  },
  {
    "Brand_Product_Size": "Woolworths Uht Lite Milk 1L",
    "WOW Price": 1.25,
    "WOW Size": "1L",
    "WOW ppu": "$1.25 / 1L"
  },
  {
    "Brand_Product_Size": "Woolworths Uht Lite Milk 1L",
    "WOW Price": 1.25,
    "WOW Size": "1L",
    "WOW ppu": "$1.25 / 1L"
  },
  {
    "Brand_Product_Size": "Famous Soda Co Pink Lemonade 330mL",
    "WOW Price": 4,
    "WOW Size": "330mL",
    "WOW ppu": ""
  },
  {
    "Brand_Product_Size": "Macro Organic Glowing Ginger Kombucha Drink 330mL",
    "WOW Price": 2,
    "WOW Size": "330mL",
    "WOW ppu": "$6.06 / 1L"
  },
  {
    "Brand_Product_Size": "Woolworths Portobello Flat Mushrooms Punnet 375g",
    "WOW Price": 6.5,
    "WOW Size": "375g",
    "WOW ppu": "$17.33 / 1KG"
  },
  {
    "Brand_Product_Size": "Gillette Venus Smooth Sensitive Women's Razor  + 2 Blade Refills each",
    "WOW Price": 14,
    "WOW Size": "each",
    "WOW ppu": "$14.00 / 1EA"
  },
  {
    "Brand_Product_Size": "Burt's Bees Pomegranate Lip Balm 4.25g",
    "WOW Price": 6.5,
    "WOW Size": "4.25g",
    "WOW ppu": "$15.29 / 10G"
  },
  {
    "Brand_Product_Size": "Woolworths Bangers & Mash 350g",
    "WOW Price": 7.5,
    "WOW Size": "350g",
    "WOW ppu": "$2.14 / 100G"
  },
  {
    "Brand_Product_Size": "Huggies Jumbo Infant Nappies Nappies 96 pack",
    "WOW Price": 30,
    "WOW Size": "96 pack",
    "WOW ppu": "$0.31 / 1EA"
  },
  {
    "Brand_Product_Size": "Aussie Bodies Shape Lo Carb Salted Caramel Fudge Bars 4 pack",
    "WOW Price": 9,
    "WOW Size": "4 pack",
    "WOW ppu": "$7.50 / 100G"
  },
  {
    "Brand_Product_Size": "Always Fresh Baby Cucumbers 680g",
    "WOW Price": 5.5,
    "WOW Size": "680g",
    "WOW ppu": "$8.09 / 1KG"
  },
  {
    "Brand_Product_Size": "Metamucil Orange Smooth Fibre 114 Doses 673g",
    "WOW Price": 31.5,
    "WOW Size": "673g",
    "WOW ppu": "$4.68 / 100G"
  },
  {
    "Brand_Product_Size": "Woolworths Great Start Reduced Sugar Multigrain Cereal 400g",
    "WOW Price": 3.2,
    "WOW Size": "400g",
    "WOW ppu": "$0.80 / 100G"
  },
  {
    "Brand_Product_Size": "Fropro Singles Classic Vanilla 4 pack",
    "WOW Price": 10,
    "WOW Size": "4 pack",
    "WOW ppu": "$2.50 / 100ML"
  },
  {
    "Brand_Product_Size": "All Natural Bakery Bars Oat Slice Yog Peach & Mango 100g",
    "WOW Price": 2.7,
    "WOW Size": "100g",
    "WOW ppu": "$2.70 / 100G"
  },
  {
    "Brand_Product_Size": "Arnott's Family Assorted 500g",
    "WOW Price": 4,
    "WOW Size": "500g",
    "WOW ppu": "$0.80 / 100G"
  },
  {
    "Brand_Product_Size": "For Him Fly Front Trunks Medium Assorted 3 pack",
    "WOW Price": 12,
    "WOW Size": "3 pack",
    "WOW ppu": ""
  },
  {
    "Brand_Product_Size": "V8 Vegetable Juice Healthy Greens 1.25L",
    "WOW Price": 3.5,
    "WOW Size": "1.25L",
    "WOW ppu": "$2.80 / 1L"
  },
  {
    "Brand_Product_Size": "San Remo Tagliatelle Egg Noodle Pasta 250g",
    "WOW Price": 1.55,
    "WOW Size": "250g",
    "WOW ppu": "$0.62 / 100G"
  },
  {
    "Brand_Product_Size": "Zooper Dooper 8 Cosmic Flavours 24 pack",
    "WOW Price": 5.8,
    "WOW Size": "24 pack",
    "WOW ppu": "$0.35 / 100ML"
  },
  {
    "Brand_Product_Size": "Jade Phoenix Ingredients Mushroom Dried Whole Shiitake 50g",
    "WOW Price": 3.5,
    "WOW Size": "50g",
    "WOW ppu": "$70.00 / 1KG"
  },
  {
    "Brand_Product_Size": "Moccona Oat Cappuccino 8 pack",
    "WOW Price": 3,
    "WOW Size": "8 pack",
    "WOW ppu": "$0.38 / 1EA"
  },
  {
    "Brand_Product_Size": "Moccona Oat Cappuccino 8 pack",
    "WOW Price": 3,
    "WOW Size": "8 pack",
    "WOW ppu": "$0.38 / 1EA"
  },
  {
    "Brand_Product_Size": "Canon Colour Printer Ink Pixma 646xl each",
    "WOW Price": 36,
    "WOW Size": "each",
    "WOW ppu": ""
  },
  {
    "Brand_Product_Size": "Blackmores Vitamin E 1000iu Capsules 30 pack",
    "WOW Price": 12,
    "WOW Size": "30 pack",
    "WOW ppu": "$40.00 / 100EA"
  },
  {
    "Brand_Product_Size": "Robern Apricot Balls 200g",
    "WOW Price": 2.45,
    "WOW Size": "200g",
    "WOW ppu": "$12.25 / 1KG"
  },
  {
    "Brand_Product_Size": "Nanna's Rhubarb & Apple Crumble 550g",
    "WOW Price": 4,
    "WOW Size": "550g",
    "WOW ppu": "$0.73 / 100G"
  },
  {
    "Brand_Product_Size": "Bounce Cashew Caramel Energy Ball 40g",
    "WOW Price": 1.5,
    "WOW Size": "40g",
    "WOW ppu": "$3.75 / 100G"
  },
  {
    "Brand_Product_Size": "Bonds Zip Wondersuit Size 00 each",
    "WOW Price": 14.4,
    "WOW Size": "each",
    "WOW ppu": ""
  },
  {
    "Brand_Product_Size": "Coopers Home Brew Lager 1.7kg",
    "WOW Price": 13.85,
    "WOW Size": "1.7kg",
    "WOW ppu": "$8.15 / 1KG"
  },
  {
    "Brand_Product_Size": "Toni & Guy Acrylic Hair Clips Assorted 2 pack",
    "WOW Price": 5.6,
    "WOW Size": "2 pack",
    "WOW ppu": ""
  },
  {
    "Brand_Product_Size": "Dr. Oetker Ristorante Pizza Spinaci 390g",
    "WOW Price": 6.8,
    "WOW Size": "390g",
    "WOW ppu": "$1.74 / 100G"
  },
  {
    "Brand_Product_Size": "Applaws Chicken Dog Food Tin 156g",
    "WOW Price": 2.8,
    "WOW Size": "156g",
    "WOW ppu": "$1.79 / 100G"
  },
  {
    "Brand_Product_Size": "Calidad Hp 65 Xl Colour Ink Cartridge each",
    "WOW Price": 40,
    "WOW Size": "each",
    "WOW ppu": ""
  },
  {
    "Brand_Product_Size": "Panadol With Optizorb Paracetamol Pain Relief 20 pack",
    "WOW Price": 4,
    "WOW Size": "20 pack",
    "WOW ppu": "$0.20 / 1EA"
  },
  {
    "Brand_Product_Size": "Ceres Organic Brown Rice Cakes 110g",
    "WOW Price": 3.1,
    "WOW Size": "110g",
    "WOW ppu": "$2.82 / 100G"
  },
  {
    "Brand_Product_Size": "Strike Disinfectant Eucalyptus 500mL",
    "WOW Price": 1.67,
    "WOW Size": "500mL",
    "WOW ppu": "$0.33 / 100ML"
  },
  {
    "Brand_Product_Size": "Woolworths Free From Gluten Self Raising Flour 750g",
    "WOW Price": 3.6,
    "WOW Size": "750g",
    "WOW ppu": "$4.80 / 1KG"
  },
  {
    "Brand_Product_Size": "Continental Cup A Soup Instant Soup Hearty Vegetable & Beef 2 pack",
    "WOW Price": 1.05,
    "WOW Size": "2 pack",
    "WOW ppu": "$1.62 / 100G"
  },
  {
    "Brand_Product_Size": "Iddy Biddy Fruit Snacks Tropical 20g x8 pack",
    "WOW Price": 3,
    "WOW Size": "20g x8 pack",
    "WOW ppu": "$1.88 / 100G"
  },
  {
    "Brand_Product_Size": "Roar Protein Mild Danish Salami, Roasted Cashews & Cheese 70g",
    "WOW Price": 5,
    "WOW Size": "70g",
    "WOW ppu": "$71.43 / 1KG"
  },
  {
    "Brand_Product_Size": "V Energy Drink Blue Can 250mL",
    "WOW Price": 2.8,
    "WOW Size": "250mL",
    "WOW ppu": "$11.20 / 1L"
  },
  {
    "Brand_Product_Size": "Woolworths Cook Chicken Kebab Honey Soy 750g",
    "WOW Price": 9.5,
    "WOW Size": "750g",
    "WOW ppu": "$12.67 / 1KG"
  },
  {
    "Brand_Product_Size": "Lucky Sunflower Kernels 200g",
    "WOW Price": 2.15,
    "WOW Size": "200g",
    "WOW ppu": "$10.75 / 1KG"
  },
  {
    "Brand_Product_Size": "Thursday Plantation Deodorant Roll On Teatree 60mL",
    "WOW Price": 5.5,
    "WOW Size": "60mL",
    "WOW ppu": "$9.17 / 100ML"
  },
  {
    "Brand_Product_Size": "Ocean Chef Fish King Snapper Portions 1kg",
    "WOW Price": 25,
    "WOW Size": "1kg",
    "WOW ppu": "$25.00 / 1KG"
  },
  {
    "Brand_Product_Size": "Ocean Chef Fish King Snapper Portions 1kg",
    "WOW Price": 25,
    "WOW Size": "1kg",
    "WOW ppu": "$25.00 / 1KG"
  },
  {
    "Brand_Product_Size": "Remedy Lemon Ginger Kombucha 4 pack",
    "WOW Price": 8.75,
    "WOW Size": "4 pack",
    "WOW ppu": "$8.75 / 1L"
  },
  {
    "Brand_Product_Size": "Rain Or Shine Rain Poncho Kids Blue each",
    "WOW Price": 4.95,
    "WOW Size": "each",
    "WOW ppu": ""
  },
  {
    "Brand_Product_Size": "Manicare Buffer 4 Way each",
    "WOW Price": 4.5,
    "WOW Size": "each",
    "WOW ppu": ""
  },
  {
    "Brand_Product_Size": "Dettol Antibacterial Hand Wash Refill Aloe Vera & Vitamin E 250mL",
    "WOW Price": 5,
    "WOW Size": "250mL",
    "WOW ppu": "$2.00 / 100ML"
  },
  {
    "Brand_Product_Size": "Brioche Gourmet Burger Buns 4 pack",
    "WOW Price": 5,
    "WOW Size": "4 pack",
    "WOW ppu": "$2.00 / 100G"
  },
  {
    "Brand_Product_Size": "Libra Invisible Regular Pads 14 pack",
    "WOW Price": 3.7,
    "WOW Size": "14 pack",
    "WOW ppu": "$0.26 / 1EA"
  },
  {
    "Brand_Product_Size": "Vevelle Toilet Tissue 3ply 190 Sheet 24 pack",
    "WOW Price": 8.5,
    "WOW Size": "24 pack",
    "WOW ppu": "$0.19 / 100SS"
  },
  {
    "Brand_Product_Size": "Cadbury Caramilk Twirl Bites 110g",
    "WOW Price": 4,
    "WOW Size": "110g",
    "WOW ppu": "$3.64 / 100G"
  },
  {
    "Brand_Product_Size": "Evergreen Sweeten Soy Drink 2L",
    "WOW Price": 4,
    "WOW Size": "2L",
    "WOW ppu": "$2.00 / 1L"
  },
  {
    "Brand_Product_Size": "Naturally Good Cookies Munchy Muesli Brownie 160g",
    "WOW Price": 4.95,
    "WOW Size": "160g",
    "WOW ppu": "$3.09 / 100G"
  },
  {
    "Brand_Product_Size": "Woolworths Vegetable Liquid Stock 1L",
    "WOW Price": 1.9,
    "WOW Size": "1L",
    "WOW ppu": "$0.19 / 100ML"
  },
  {
    "Brand_Product_Size": "Pitango Risotto Chicken Garlic 500g",
    "WOW Price": 7,
    "WOW Size": "500g",
    "WOW ppu": "$1.40 / 100G"
  },
  {
    "Brand_Product_Size": "Pitango Risotto Chicken Garlic 500g",
    "WOW Price": 7,
    "WOW Size": "500g",
    "WOW ppu": "$1.40 / 100G"
  },
  {
    "Brand_Product_Size": "Sambucol Kids Throat Pops 8 pack",
    "WOW Price": 9,
    "WOW Size": "8 pack",
    "WOW ppu": "$1.13 / 1EA"
  },
  {
    "Brand_Product_Size": "Woolworths Soya Crisps Chilli & Lime Snacks 400g pack",
    "WOW Price": 7,
    "WOW Size": "400g pack",
    "WOW ppu": "$17.50 / 1KG"
  },
  {
    "Brand_Product_Size": "Woolworths Soya Crisps Chilli & Lime Snacks 400g pack",
    "WOW Price": 7,
    "WOW Size": "400g pack",
    "WOW ppu": "$17.50 / 1KG"
  },
  {
    "Brand_Product_Size": "Huggies Ultimate 99% Water Baby Wipes 64 pack",
    "WOW Price": 6,
    "WOW Size": "64 pack",
    "WOW ppu": "$9.38 / 100EA"
  },
  {
    "Brand_Product_Size": "Only Organic 4 Months+ Banana & Apple 120g",
    "WOW Price": 1.5,
    "WOW Size": "120g",
    "WOW ppu": "$1.25 / 100G"
  },
  {
    "Brand_Product_Size": "Coco Earth Juggernaut Mct Oil 500mL",
    "WOW Price": 9,
    "WOW Size": "500mL",
    "WOW ppu": "$1.80 / 100ML"
  },
  {
    "Brand_Product_Size": "Woolworths Extra Tasty Cheese Block 250g",
    "WOW Price": 4,
    "WOW Size": "250g",
    "WOW ppu": "$16.00 / 1KG"
  },
  {
    "Brand_Product_Size": "Just Caught Cooked Prawns Tail On 300g",
    "WOW Price": 10,
    "WOW Size": "300g",
    "WOW ppu": "$33.33 / 1KG"
  },
  {
    "Brand_Product_Size": "First Response Pregnancy Test Instream Test 3 pack",
    "WOW Price": 17,
    "WOW Size": "3 pack",
    "WOW ppu": "$5.67 / 1EA"
  },
  {
    "Brand_Product_Size": "Bulla Splits Spider 10 pack",
    "WOW Price": 7,
    "WOW Size": "10 pack",
    "WOW ppu": "$0.93 / 100ML"
  },
  {
    "Brand_Product_Size": "Maybelline Dream Radiant Liquid Foundation Creamy Natural 30mL",
    "WOW Price": 12.5,
    "WOW Size": "30mL",
    "WOW ppu": "$4.17 / 10ML"
  },
  {
    "Brand_Product_Size": "Beak & Sons The Godfather Sausages 500g",
    "WOW Price": 7,
    "WOW Size": "500g",
    "WOW ppu": "$14.00 / 1KG"
  },
  {
    "Brand_Product_Size": "Palmolive Luminous Oils Rosehip & Geranium Oil Body Wash 400mL",
    "WOW Price": 6,
    "WOW Size": "400mL",
    "WOW ppu": ""
  },
  {
    "Brand_Product_Size": "Woolworths Beef Lasagne 500g",
    "WOW Price": 7,
    "WOW Size": "500g",
    "WOW ppu": "$14.00 / 1KG"
  },
  {
    "Brand_Product_Size": "Pasta Master Penne Beef Ragu Bake 1.2kg",
    "WOW Price": 12,
    "WOW Size": "1.2kg",
    "WOW ppu": "$1.00 / 100G"
  },
  {
    "Brand_Product_Size": "Mortein Insect Spray Low Allergenic Fly & Mosquito Killer 350g",
    "WOW Price": 6.35,
    "WOW Size": "350g",
    "WOW ppu": "$1.81 / 100G"
  },
  {
    "Brand_Product_Size": "Woolworths Chicken Breast Crunchy Bites 400g",
    "WOW Price": 4.5,
    "WOW Size": "400g",
    "WOW ppu": "$11.25 / 1KG"
  },
  {
    "Brand_Product_Size": "Mint Fresh Herb bunch",
    "WOW Price": 3,
    "WOW Size": "bunch",
    "WOW ppu": "$3.00 / 1EA"
  },
  {
    "Brand_Product_Size": "Mint Fresh Herb bunch",
    "WOW Price": 3,
    "WOW Size": "bunch",
    "WOW ppu": "$3.00 / 1EA"
  },
  {
    "Brand_Product_Size": "Felix Adult Sensations Jellies Meat Selection Wet Cat Food 85g x27 pack",
    "WOW Price": 22,
    "WOW Size": "85g x27 pack",
    "WOW ppu": "$0.96 / 100G"
  },
  {
    "Brand_Product_Size": "Nudie Nothing But Aloha Blend 400mL",
    "WOW Price": 3.6,
    "WOW Size": "400mL",
    "WOW ppu": "$9.00 / 1L"
  },
  {
    "Brand_Product_Size": "Balnea Milk & Honey Body Wash Body Wash 1L",
    "WOW Price": 4,
    "WOW Size": "1L",
    "WOW ppu": "$0.40 / 100ML"
  },
  {
    "Brand_Product_Size": "Woolworths Veal Mince 400g",
    "WOW Price": 6.5,
    "WOW Size": "400g",
    "WOW ppu": "$16.25 / 1KG"
  },
  {
    "Brand_Product_Size": "Birds Eye Deli Limited Edition Sea Salt & Balsamic 600g",
    "WOW Price": 4,
    "WOW Size": "600g",
    "WOW ppu": "$6.67 / 1KG"
  },
  {
    "Brand_Product_Size": "Bel Normande Sparkling White Grape 750mL",
    "WOW Price": 4,
    "WOW Size": "750mL",
    "WOW ppu": "$5.33 / 1L"
  },
  {
    "Brand_Product_Size": "Kiwi Shoe Care Laces Black 69cm 2ea",
    "WOW Price": 2,
    "WOW Size": "2ea",
    "WOW ppu": "$1.00 / 1EA"
  },
  {
    "Brand_Product_Size": "Moccona Ristretto 12 Coffee Capsules 10 pack",
    "WOW Price": 4.5,
    "WOW Size": "10 pack",
    "WOW ppu": "$0.45 / 1EA"
  },
  {
    "Brand_Product_Size": "Moccona Ristretto 12 Coffee Capsules 10 pack",
    "WOW Price": 4.5,
    "WOW Size": "10 pack",
    "WOW ppu": "$0.45 / 1EA"
  },
  {
    "Brand_Product_Size": "Korbond Party Balloons Water Bombs 200 pack",
    "WOW Price": 3,
    "WOW Size": "200 pack",
    "WOW ppu": "$1.50 / 100EA"
  },
  {
    "Brand_Product_Size": "Gaia Baby Moisturiser 250mL",
    "WOW Price": 10.5,
    "WOW Size": "250mL",
    "WOW ppu": "$4.20 / 100ML"
  },
  {
    "Brand_Product_Size": "Clearwipe Wipe Lense Cleaner 60 pack",
    "WOW Price": 9.3,
    "WOW Size": "60 pack",
    "WOW ppu": "$0.16 / 1EA"
  },
  {
    "Brand_Product_Size": "Spc Baked Beans Bbq Sauce 4x220g",
    "WOW Price": 5,
    "WOW Size": "4x220g",
    "WOW ppu": "$0.57 / 100G"
  },
  {
    "Brand_Product_Size": "Sara Lee White Chocolate Cheese Cake 760g",
    "WOW Price": 10,
    "WOW Size": "760g",
    "WOW ppu": "$1.32 / 100G"
  },
  {
    "Brand_Product_Size": "Frico Maasdam Shaved Cheese per kg",
    "WOW Price": 22,
    "WOW Size": "per kg",
    "WOW ppu": "$22.00 / 1KG"
  },
  {
    "Brand_Product_Size": "Frico Maasdam Shaved Cheese per kg",
    "WOW Price": 22,
    "WOW Size": "per kg",
    "WOW ppu": "$22.00 / 1KG"
  },
  {
    "Brand_Product_Size": "Farmers Market Roast Beef With Carrots Peas & Chia Wet Dog Food 100g",
    "WOW Price": 1.5,
    "WOW Size": "100g",
    "WOW ppu": "$1.50 / 100G"
  },
  {
    "Brand_Product_Size": "Nivea Men Power Fresh Shower Gel & Body Wash 500mL",
    "WOW Price": 6,
    "WOW Size": "500mL",
    "WOW ppu": "$1.20 / 100ML"
  },
  {
    "Brand_Product_Size": "Ocean Chef Hoki Fillets 1kg",
    "WOW Price": 15,
    "WOW Size": "1kg",
    "WOW ppu": "$15.00 / 1KG"
  },
  {
    "Brand_Product_Size": "Ocean Chef Hoki Fillets 1kg",
    "WOW Price": 15,
    "WOW Size": "1kg",
    "WOW ppu": "$15.00 / 1KG"
  },
  {
    "Brand_Product_Size": "Shine Dishwasher Tablets 10-in-1 30 pack",
    "WOW Price": 4.5,
    "WOW Size": "30 pack",
    "WOW ppu": "$0.15 / 1EA"
  },
  {
    "Brand_Product_Size": "Scott Cornwall Decolour Hair Colour Stripper each",
    "WOW Price": 24.95,
    "WOW Size": "each",
    "WOW ppu": ""
  },
  {
    "Brand_Product_Size": "Mersey Valley Original Vintage Cheese 180g",
    "WOW Price": 6.3,
    "WOW Size": "180g",
    "WOW ppu": "$35.00 / 1KG"
  },
  {
    "Brand_Product_Size": "Mersey Valley Original Vintage Cheese 180g",
    "WOW Price": 6.3,
    "WOW Size": "180g",
    "WOW ppu": "$35.00 / 1KG"
  },
  {
    "Brand_Product_Size": "Fever Tree Mediterranean Tonic Water 200mL x4 pack",
    "WOW Price": 6,
    "WOW Size": "200mL x4 pack",
    "WOW ppu": "$7.50 / 1L"
  },
  {
    "Brand_Product_Size": "Woolworths Party Pack Party Pies & Sausage Rolls 30 pack",
    "WOW Price": 9.8,
    "WOW Size": "30 pack",
    "WOW ppu": "$0.78 / 100G"
  },
  {
    "Brand_Product_Size": "Gourmet Garden Paste Basil 80g",
    "WOW Price": 3.5,
    "WOW Size": "80g",
    "WOW ppu": "$4.38 / 100G"
  },
  {
    "Brand_Product_Size": "Gourmet Garden Paste Basil 80g",
    "WOW Price": 3.5,
    "WOW Size": "80g",
    "WOW ppu": "$4.38 / 100G"
  },
  {
    "Brand_Product_Size": "Revlon Age Defying Touch & Glow Translucent Powder 25g",
    "WOW Price": 18.5,
    "WOW Size": "25g",
    "WOW ppu": "$7.40 / 10G"
  },
  {
    "Brand_Product_Size": "Rosella Tomato Sauce Squeezie 500mL",
    "WOW Price": 3,
    "WOW Size": "500mL",
    "WOW ppu": "$0.60 / 100ML"
  },
  {
    "Brand_Product_Size": "Smith's Oven Baked Salt & Vinegar Chips 130g",
    "WOW Price": 2.5,
    "WOW Size": "130g",
    "WOW ppu": "$1.92 / 100G"
  },
  {
    "Brand_Product_Size": "Duck Active Foam Tropical Sunshine 38.6g",
    "WOW Price": 5,
    "WOW Size": "38.6g",
    "WOW ppu": "$12.95 / 100G"
  },
  {
    "Brand_Product_Size": "Viva Paper Towel White 180 Sheets 3 pack",
    "WOW Price": 4,
    "WOW Size": "3 pack",
    "WOW ppu": "$2.22 / 100SS"
  },
  {
    "Brand_Product_Size": "Continental Cup A Soup Beef With Lots Noodles 2 pack",
    "WOW Price": 1.05,
    "WOW Size": "2 pack",
    "WOW ppu": "$1.78 / 100G"
  },
  {
    "Brand_Product_Size": "Peppercorn Beef Sausages Extra Lean 450g",
    "WOW Price": 8.5,
    "WOW Size": "450g",
    "WOW ppu": "$18.89 / 1KG"
  },
  {
    "Brand_Product_Size": "Macro Organic Frozen Blueberries 450g",
    "WOW Price": 7.5,
    "WOW Size": "450g",
    "WOW ppu": "$16.67 / 1KG"
  },
  {
    "Brand_Product_Size": "Sheese Creamy Original Vegan Cheese Spread 255g",
    "WOW Price": 6,
    "WOW Size": "255g",
    "WOW ppu": "$23.53 / 1KG"
  },
  {
    "Brand_Product_Size": "Woolworths Free From Gluten Seeded Bagels 4 pack",
    "WOW Price": 4.5,
    "WOW Size": "4 pack",
    "WOW ppu": "$1.88 / 100G"
  },
  {
    "Brand_Product_Size": "Sistema Klip It Tritan Canister Square 920mL each",
    "WOW Price": 6,
    "WOW Size": "920mL each",
    "WOW ppu": ""
  },
  {
    "Brand_Product_Size": "Stayfree Super Pads With Wings 18 pack",
    "WOW Price": 4.3,
    "WOW Size": "18 pack",
    "WOW ppu": "$0.24 / 1EA"
  },
  {
    "Brand_Product_Size": "Paperclick Retractable Pens Assorted 10 pack",
    "WOW Price": 5,
    "WOW Size": "10 pack",
    "WOW ppu": ""
  },
  {
    "Brand_Product_Size": "Essentials Non-stick 16cm Saucepan With Lid each",
    "WOW Price": 10,
    "WOW Size": "each",
    "WOW ppu": ""
  },
  {
    "Brand_Product_Size": "Gravox Gravy Liquid Traditional 165g",
    "WOW Price": 2.5,
    "WOW Size": "165g",
    "WOW ppu": "$1.52 / 100G"
  },
  {
    "Brand_Product_Size": "Strength Meals Co Braised Beef Ragu 350g",
    "WOW Price": 9,
    "WOW Size": "350g",
    "WOW ppu": "$2.57 / 100G"
  },
  {
    "Brand_Product_Size": "Revlon Photoready Eye Contour Kit Avant Garde 2.8g",
    "WOW Price": 13,
    "WOW Size": "2.8g",
    "WOW ppu": "$46.43 / 10G"
  },
  {
    "Brand_Product_Size": "Ingham's Chicken Breast Schnitzel 400g",
    "WOW Price": 9,
    "WOW Size": "400g",
    "WOW ppu": "$22.50 / 1KG"
  },
  {
    "Brand_Product_Size": "Grapes Black 400g bunch",
    "WOW Price": 3.9,
    "WOW Size": "400g bunch",
    "WOW ppu": "$9.75 / 1KG"
  },
  {
    "Brand_Product_Size": "Maharajah's Choice Semolina Flour 1kg",
    "WOW Price": 2,
    "WOW Size": "1kg",
    "WOW ppu": "$0.20 / 100G"
  },
  {
    "Brand_Product_Size": "Chevron Alkaline Aa Batteries 50 pack",
    "WOW Price": 16,
    "WOW Size": "50 pack",
    "WOW ppu": "$0.32 / 1EA"
  },
  {
    "Brand_Product_Size": "Mcobeauty Long Lasting Liquid Metallic Eyeshadow Luna 8mL",
    "WOW Price": 7.5,
    "WOW Size": "8mL",
    "WOW ppu": "$9.38 / 10ML"
  },
  {
    "Brand_Product_Size": "Atkins Advantage Bar Chocolate & Mint 60g",
    "WOW Price": 4.5,
    "WOW Size": "60g",
    "WOW ppu": "$7.50 / 100G"
  },
  {
    "Brand_Product_Size": "Blackmores Horseradish Garlic Plus 50 pack",
    "WOW Price": 10.8,
    "WOW Size": "50 pack",
    "WOW ppu": "$21.60 / 100EA"
  },
  {
    "Brand_Product_Size": "Purina One Adult Mature 7+ With Chicken In Gravy Wet Cat Food 70g",
    "WOW Price": 1.8,
    "WOW Size": "70g",
    "WOW ppu": "$2.57 / 100G"
  },
  {
    "Brand_Product_Size": "Multix Kitchen Tidy Bags Large Colour Scents Rose 60 pack",
    "WOW Price": 6.8,
    "WOW Size": "60 pack",
    "WOW ppu": "$0.11 / 1EA"
  },
  {
    "Brand_Product_Size": "Always Fresh Medi French Duck Fat 200g",
    "WOW Price": 6.7,
    "WOW Size": "200g",
    "WOW ppu": "$3.35 / 100G"
  },
  {
    "Brand_Product_Size": "Oscar Orsen Mini Polybands Black & Clear 100 pack",
    "WOW Price": 5.4,
    "WOW Size": "100 pack",
    "WOW ppu": ""
  },
  {
    "Brand_Product_Size": "South Cape Trilogy Herb Sundried Vintage Cheddar Cheese 140g",
    "WOW Price": 5,
    "WOW Size": "140g",
    "WOW ppu": "$35.71 / 1KG"
  },
  {
    "Brand_Product_Size": "South Cape Trilogy Herb Sundried Vintage Cheddar Cheese 140g",
    "WOW Price": 5,
    "WOW Size": "140g",
    "WOW ppu": "$35.71 / 1KG"
  },
  {
    "Brand_Product_Size": "Mcobeauty Pro Deluxe Eye Set each",
    "WOW Price": 10,
    "WOW Size": "each",
    "WOW ppu": "$10.00 / 1EA"
  },
  {
    "Brand_Product_Size": "Zovirax Cold Sore Cream 2g",
    "WOW Price": 16,
    "WOW Size": "2g",
    "WOW ppu": "$80.00 / 10G"
  },
  {
    "Brand_Product_Size": "Chobani Fit Passion Fruit Greek Yoghurt 170g",
    "WOW Price": 1.5,
    "WOW Size": "170g",
    "WOW ppu": "$0.88 / 100G"
  },
  {
    "Brand_Product_Size": "Isocol Antiseptic Rub 345mL",
    "WOW Price": 10.5,
    "WOW Size": "345mL",
    "WOW ppu": "$3.04 / 100ML"
  },
  {
    "Brand_Product_Size": "Applaws Dry Dog Food Beef 2.7kg",
    "WOW Price": 19,
    "WOW Size": "2.7kg",
    "WOW ppu": "$0.70 / 100G"
  },
  {
    "Brand_Product_Size": "Calidad Canon 510 Black Ink each",
    "WOW Price": 24,
    "WOW Size": "each",
    "WOW ppu": ""
  },
  {
    "Brand_Product_Size": "Woolworths Soya Crisps Snacks 400g pack",
    "WOW Price": 7,
    "WOW Size": "400g pack",
    "WOW ppu": "$17.50 / 1KG"
  },
  {
    "Brand_Product_Size": "Woolworths Soya Crisps Snacks 400g pack",
    "WOW Price": 7,
    "WOW Size": "400g pack",
    "WOW ppu": "$17.50 / 1KG"
  },
  {
    "Brand_Product_Size": "Bega Strong & Bitey Vintage Cheese 500g",
    "WOW Price": 8,
    "WOW Size": "500g",
    "WOW ppu": "$16.00 / 1KG"
  },
  {
    "Brand_Product_Size": "Yoplait Forme Classics Yoghurt 160g x6 pack",
    "WOW Price": 5,
    "WOW Size": "160g x6 pack",
    "WOW ppu": "$0.52 / 100G"
  },
  {
    "Brand_Product_Size": "Mission Wraps Roasted Garlic 8 pack",
    "WOW Price": 4,
    "WOW Size": "8 pack",
    "WOW ppu": "$0.71 / 100G"
  },
  {
    "Brand_Product_Size": "Golden Wok Asian Mini Dim Sims 660g",
    "WOW Price": 10,
    "WOW Size": "660g",
    "WOW ppu": "$1.52 / 100G"
  },
  {
    "Brand_Product_Size": "Dimetapp Cough Cold & Flu With Ivy Leaf 100mL",
    "WOW Price": 14,
    "WOW Size": "100mL",
    "WOW ppu": "$14.00 / 100ML"
  },
  {
    "Brand_Product_Size": "Skyn Elite Ultra Thin & Ultra Soft Non-latex Condoms 6 pack",
    "WOW Price": 7,
    "WOW Size": "6 pack",
    "WOW ppu": "$1.17 / 1EA"
  },
  {
    "Brand_Product_Size": "Solo Mutti Cherry Tomatoes 400g",
    "WOW Price": 2.1,
    "WOW Size": "400g",
    "WOW ppu": "$5.25 / 1KG"
  },
  {
    "Brand_Product_Size": "Mother Black Energy Drink 500mL",
    "WOW Price": 2.5,
    "WOW Size": "500mL",
    "WOW ppu": "$5.00 / 1L"
  },
  {
    "Brand_Product_Size": "Fry's Meat Free Schnitzels With Soy & Flaxseed 320g",
    "WOW Price": 6,
    "WOW Size": "320g",
    "WOW ppu": "$1.88 / 100G"
  },
  {
    "Brand_Product_Size": "Woolworths Jelly Strawberry 85g",
    "WOW Price": 0.9,
    "WOW Size": "85g",
    "WOW ppu": "$1.06 / 100G"
  },
  {
    "Brand_Product_Size": "Hamper Beef Corned 340g",
    "WOW Price": 6.5,
    "WOW Size": "340g",
    "WOW ppu": "$19.12 / 1KG"
  },
  {
    "Brand_Product_Size": "Just Gloves Ultra Sensitive Latex Free Disposable Gloves Large 100 pack",
    "WOW Price": 17,
    "WOW Size": "100 pack",
    "WOW ppu": "$0.17 / 1EA"
  },
  {
    "Brand_Product_Size": "Perfect Italiano Extra Sharp Parmesan Cheese 200g",
    "WOW Price": 6.1,
    "WOW Size": "200g",
    "WOW ppu": "$30.50 / 1KG"
  },
  {
    "Brand_Product_Size": "Perfect Italiano Extra Sharp Parmesan Cheese 200g",
    "WOW Price": 6.1,
    "WOW Size": "200g",
    "WOW ppu": "$30.50 / 1KG"
  },
  {
    "Brand_Product_Size": "Woolworths Jelly Babies 320g",
    "WOW Price": 2,
    "WOW Size": "320g",
    "WOW ppu": "$0.63 / 100G"
  },
  {
    "Brand_Product_Size": "Essentials Kids Sport Socks Low Cut Size 5-8 4 pack",
    "WOW Price": 8,
    "WOW Size": "4 pack",
    "WOW ppu": "$2.00 / 1EA"
  },
  {
    "Brand_Product_Size": "Liddells Lactose Free Cream Cheese 250g",
    "WOW Price": 4.4,
    "WOW Size": "250g",
    "WOW ppu": "$17.60 / 1KG"
  },
  {
    "Brand_Product_Size": "Mint Silicone Tongs 2 pack",
    "WOW Price": 5,
    "WOW Size": "2 pack",
    "WOW ppu": ""
  },
  {
    "Brand_Product_Size": "Arnott's Custard Creams 250g",
    "WOW Price": 2,
    "WOW Size": "250g",
    "WOW ppu": "$0.80 / 100G"
  },
  {
    "Brand_Product_Size": "Diet Rite Cordial Lime 1L",
    "WOW Price": 3,
    "WOW Size": "1L",
    "WOW ppu": "$3.00 / 1L"
  },
  {
    "Brand_Product_Size": "Rufus & Coco Do Good Poo Bags Biodegradable 4 roLLs",
    "WOW Price": 6,
    "WOW Size": "4 roLLs",
    "WOW ppu": "$6.00 / 1EA"
  },
  {
    "Brand_Product_Size": "Angas Park Apricot Dried 500g",
    "WOW Price": 14,
    "WOW Size": "500g",
    "WOW ppu": "$28.00 / 1KG"
  },
  {
    "Brand_Product_Size": "Bref Power Active Hawaii 50g",
    "WOW Price": 3.5,
    "WOW Size": "50g",
    "WOW ppu": "$7.00 / 100G"
  },
  {
    "Brand_Product_Size": "Nestle Nan Comfort 3 Toddler 12+ Months Milk Formula Powder 800g",
    "WOW Price": 14,
    "WOW Size": "800g",
    "WOW ppu": "$1.75 / 100G"
  },
  {
    "Brand_Product_Size": "Woolworths Pepitas 300g",
    "WOW Price": 4,
    "WOW Size": "300g",
    "WOW ppu": "$13.33 / 1KG"
  },
  {
    "Brand_Product_Size": "Ambi Pur Car Refill Aqua 7.5mL",
    "WOW Price": 7.5,
    "WOW Size": "7.5mL",
    "WOW ppu": "$10.00 / 10ML"
  },
  {
    "Brand_Product_Size": "The Gluten Free Meal Co Comforting Cottage Pie 400g",
    "WOW Price": 6.5,
    "WOW Size": "400g",
    "WOW ppu": "$1.63 / 100G"
  },
  {
    "Brand_Product_Size": "Woolworths Dried Apple Slices 200g",
    "WOW Price": 4,
    "WOW Size": "200g",
    "WOW ppu": "$20.00 / 1KG"
  },
  {
    "Brand_Product_Size": "Daily Juice Pulp Free Orange Juice Pop Top 250mL",
    "WOW Price": 2,
    "WOW Size": "250mL",
    "WOW ppu": "$8.00 / 1L"
  },
  {
    "Brand_Product_Size": "Brown Brothers Sparkling Moscato 4x200mL",
    "WOW Price": 20,
    "WOW Size": "4x200mL",
    "WOW ppu": ""
  },
  {
    "Brand_Product_Size": "Nicabate Quit Smoking Minis Lozenge 1.5 Mg 60 pack",
    "WOW Price": 33.2,
    "WOW Size": "60 pack",
    "WOW ppu": "$55.33 / 100EA"
  },
  {
    "Brand_Product_Size": "V Energy Blue 500mL",
    "WOW Price": 3.15,
    "WOW Size": "500mL",
    "WOW ppu": "$6.30 / 1L"
  },
  {
    "Brand_Product_Size": "Woolworths Sunflower Seeds 200g",
    "WOW Price": 1.6,
    "WOW Size": "200g",
    "WOW ppu": "$8.00 / 1KG"
  },
  {
    "Brand_Product_Size": "Redds Pong Cups 15 pack",
    "WOW Price": 5,
    "WOW Size": "15 pack",
    "WOW ppu": ""
  },
  {
    "Brand_Product_Size": "Chux Magic Eraser Big Job Extra Thick 2 pack",
    "WOW Price": 6,
    "WOW Size": "2 pack",
    "WOW ppu": "$3.00 / 1EA"
  },
  {
    "Brand_Product_Size": "Macro Cashew Kernels 500g",
    "WOW Price": 12,
    "WOW Size": "500g",
    "WOW ppu": "$24.00 / 1KG"
  },
  {
    "Brand_Product_Size": "Sirena Tuna In Oil Chilli 185g",
    "WOW Price": 4.3,
    "WOW Size": "185g",
    "WOW ppu": "$23.24 / 1KG"
  },
  {
    "Brand_Product_Size": "Fropro Salted Caramel Ice Cream Tub 520mL",
    "WOW Price": 10,
    "WOW Size": "520mL",
    "WOW ppu": "$1.92 / 100ML"
  },
  {
    "Brand_Product_Size": "Frankie & Friends Wild Bird Honey & Fruit Treat 300g",
    "WOW Price": 2.45,
    "WOW Size": "300g",
    "WOW ppu": "$0.82 / 100G"
  },
  {
    "Brand_Product_Size": "Castello Blue Cheese Creamy 150g",
    "WOW Price": 5.5,
    "WOW Size": "150g",
    "WOW ppu": "$36.67 / 1KG"
  },
  {
    "Brand_Product_Size": "Castello Blue Cheese Creamy 150g",
    "WOW Price": 5.5,
    "WOW Size": "150g",
    "WOW ppu": "$36.67 / 1KG"
  },
  {
    "Brand_Product_Size": "Allen's Bites Mini Chocolate Coated Raspberries 140g",
    "WOW Price": 4.5,
    "WOW Size": "140g",
    "WOW ppu": "$3.21 / 100G"
  },
  {
    "Brand_Product_Size": "Don Kabana Minis & Hommus Dip 62g",
    "WOW Price": 3,
    "WOW Size": "62g",
    "WOW ppu": "$48.39 / 1KG"
  },
  {
    "Brand_Product_Size": "Duck Extra Power Toilet Shield Spring Flowers 500mL",
    "WOW Price": 5,
    "WOW Size": "500mL",
    "WOW ppu": "$1.00 / 100ML"
  },
  {
    "Brand_Product_Size": "Queen Natural Vanilla Concentrated Extract 50mL",
    "WOW Price": 7.4,
    "WOW Size": "50mL",
    "WOW ppu": "$1.48 / 10ML"
  },
  {
    "Brand_Product_Size": "Street Foodie Japanese Pancake 300g",
    "WOW Price": 3.75,
    "WOW Size": "300g",
    "WOW ppu": "$1.25 / 100G"
  },
  {
    "Brand_Product_Size": "Ajax Spray N' Wipe Triple Action Glass Cleaner Trigger Spray 500mL",
    "WOW Price": 3,
    "WOW Size": "500mL",
    "WOW ppu": "$0.60 / 100ML"
  },
  {
    "Brand_Product_Size": "Bonds Womens Trainers Socks Size 3 To 7 4 pack",
    "WOW Price": 10,
    "WOW Size": "4 pack",
    "WOW ppu": ""
  },
  {
    "Brand_Product_Size": "L'oreal Paris Lipstick Naturals Nude 4.2g",
    "WOW Price": 11,
    "WOW Size": "4.2g",
    "WOW ppu": "$26.19 / 10G"
  },
  {
    "Brand_Product_Size": "Mother Earth Chocolate Chip Oaty Slice 6 pack 240g",
    "WOW Price": 3,
    "WOW Size": "6 pack 240g",
    "WOW ppu": "$1.25 / 100G"
  },
  {
    "Brand_Product_Size": "Mother Earth Chocolate Chip Oaty Slice 6 pack 240g",
    "WOW Price": 3,
    "WOW Size": "6 pack 240g",
    "WOW ppu": "$1.25 / 100G"
  },
  {
    "Brand_Product_Size": "Hans Lunch Plates Seasoned Chicken Breast & Sweet Chilli Relish 110g",
    "WOW Price": 6.5,
    "WOW Size": "110g",
    "WOW ppu": "$59.09 / 1KG"
  },
  {
    "Brand_Product_Size": "Woolworths Fairtrade Nespresso Compatible Coffee Capsules Decaffeinated 10 pack",
    "WOW Price": 3.7,
    "WOW Size": "10 pack",
    "WOW ppu": "$0.37 / 1EA"
  },
  {
    "Brand_Product_Size": "Woolworths Fairtrade Nespresso Compatible Coffee Capsules Decaffeinated 10 pack",
    "WOW Price": 3.7,
    "WOW Size": "10 pack",
    "WOW ppu": "$0.37 / 1EA"
  },
  {
    "Brand_Product_Size": "Woolworths Hearty Chicken & Vegetable Soup 500g",
    "WOW Price": 5,
    "WOW Size": "500g",
    "WOW ppu": "$1.00 / 100G"
  },
  {
    "Brand_Product_Size": "Barilla Pesto Alla Genovese 190g",
    "WOW Price": 4,
    "WOW Size": "190g",
    "WOW ppu": "$2.11 / 100G"
  },
  {
    "Brand_Product_Size": "The Dutch Company European Foods Apple Sauce 720g",
    "WOW Price": 2.6,
    "WOW Size": "720g",
    "WOW ppu": "$0.36 / 100G"
  },
  {
    "Brand_Product_Size": "Dorset Nut Granola 450g",
    "WOW Price": 7,
    "WOW Size": "450g",
    "WOW ppu": "$1.56 / 100G"
  },
  {
    "Brand_Product_Size": "Wiltshire Bakeware Enamel Bake Baker 34cm each",
    "WOW Price": 19,
    "WOW Size": "each",
    "WOW ppu": ""
  },
  {
    "Brand_Product_Size": "Vicks Nasal Decongestant Inhaler For Blocked Nose Relief 0.5mL",
    "WOW Price": 7.9,
    "WOW Size": "0.5mL",
    "WOW ppu": "$7.90 / 1EA"
  },
  {
    "Brand_Product_Size": "Toni & Guy Bamboo Detangling Comb each",
    "WOW Price": 7,
    "WOW Size": "each",
    "WOW ppu": ""
  },
  {
    "Brand_Product_Size": "Farmers Union Greek Style Strawberry 950g",
    "WOW Price": 5.5,
    "WOW Size": "950g",
    "WOW ppu": "$0.58 / 100G"
  },
  {
    "Brand_Product_Size": "Schweppes Signature Series Raspberry With Brazilian Orange Essence 4 x300mL",
    "WOW Price": 6.65,
    "WOW Size": "4 x300mL",
    "WOW ppu": "$5.54 / 1L"
  },
  {
    "Brand_Product_Size": "Golden Circle Summer Berries Fruit Drink 6x250mL",
    "WOW Price": 4.5,
    "WOW Size": "6x250mL",
    "WOW ppu": "$3.00 / 1L"
  },
  {
    "Brand_Product_Size": "Maybelline Fit Me Matte & Poreless Foundation - Classic Ivory 120 30mL",
    "WOW Price": 11,
    "WOW Size": "30mL",
    "WOW ppu": "$3.67 / 10ML"
  },
  {
    "Brand_Product_Size": "Sealord Premium Hoki Fillets Wholemeal 300g",
    "WOW Price": 7.3,
    "WOW Size": "300g",
    "WOW ppu": "$24.33 / 1KG"
  },
  {
    "Brand_Product_Size": "Mcobeauty More Brows - Medium To Dark Medium To Dark each",
    "WOW Price": 7,
    "WOW Size": "each",
    "WOW ppu": "$20.00 / 10ML"
  },
  {
    "Brand_Product_Size": "Kings Black Pepper Veggie Jerky 50g",
    "WOW Price": 4.3,
    "WOW Size": "50g",
    "WOW ppu": "$86.00 / 1KG"
  },
  {
    "Brand_Product_Size": "Masterfoods Beef Stroganoff Simmer Sauce 495g",
    "WOW Price": 3.7,
    "WOW Size": "495g",
    "WOW ppu": "$0.75 / 100G"
  },
  {
    "Brand_Product_Size": "Sunrice Steamed Rice Basmati 2 Quick Cups 240g",
    "WOW Price": 2,
    "WOW Size": "240g",
    "WOW ppu": "$0.83 / 100G"
  },
  {
    "Brand_Product_Size": "Woolworths Fish Fillets Crumbed 425g",
    "WOW Price": 4.6,
    "WOW Size": "425g",
    "WOW ppu": "$10.82 / 1KG"
  },
  {
    "Brand_Product_Size": "Macro Organic Buckwheat Raw 500g",
    "WOW Price": 3.5,
    "WOW Size": "500g",
    "WOW ppu": "$0.70 / 100G"
  },
  {
    "Brand_Product_Size": "Nudie Kids Tetra Apple 200mL",
    "WOW Price": 1.2,
    "WOW Size": "200mL",
    "WOW ppu": "$6.00 / 1L"
  },
  {
    "Brand_Product_Size": "Huggies Ultra Dry Nappies Walker 13-18kg Girl 64 pack jumbo",
    "WOW Price": 30,
    "WOW Size": "64 pack jumbo",
    "WOW ppu": "$0.47 / 1EA"
  },
  {
    "Brand_Product_Size": "Nong Shim Onion Rings Onion Rig 50g",
    "WOW Price": 2,
    "WOW Size": "50g",
    "WOW ppu": "$4.00 / 100G"
  },
  {
    "Brand_Product_Size": "Arcosteel 30cm Hard Anodised Frypan each",
    "WOW Price": 25,
    "WOW Size": "each",
    "WOW ppu": ""
  },
  {
    "Brand_Product_Size": "Trident Instant Soup Thai Chicken With Noodles 50g",
    "WOW Price": 1.1,
    "WOW Size": "50g",
    "WOW ppu": "$2.20 / 100G"
  },
  {
    "Brand_Product_Size": "Fancy Feast Adult Poultry&salmon Grilled Collection Wet Cat Food 85g x12 pack",
    "WOW Price": 14.5,
    "WOW Size": "85g x12 pack",
    "WOW ppu": "$1.42 / 100G"
  },
  {
    "Brand_Product_Size": "Masterfoods Moroccan Seasoning 160g",
    "WOW Price": 6.5,
    "WOW Size": "160g",
    "WOW ppu": "$0.41 / 10G"
  },
  {
    "Brand_Product_Size": "Organic Choice Fragrances Reed Diffuser Melaleuca & Native Blossom 50mL",
    "WOW Price": 15,
    "WOW Size": "50mL",
    "WOW ppu": "$30.00 / 100ML"
  },
  {
    "Brand_Product_Size": "Friskies Adult 7 Dry Cat Food Adult Cat Food 2.5kg",
    "WOW Price": 10,
    "WOW Size": "2.5kg",
    "WOW ppu": "$0.40 / 100G"
  },
  {
    "Brand_Product_Size": "Yates Blitzem Garden Snail & Slug Pellets 500g",
    "WOW Price": 3.85,
    "WOW Size": "500g",
    "WOW ppu": "$0.77 / 100G"
  },
  {
    "Brand_Product_Size": "Armada Pattern Paper Cups 10 pack",
    "WOW Price": 2.5,
    "WOW Size": "10 pack",
    "WOW ppu": ""
  },
  {
    "Brand_Product_Size": "Olina's Simply Seed Crackers Herb & Garlic 80g",
    "WOW Price": 3.5,
    "WOW Size": "80g",
    "WOW ppu": "$4.38 / 100G"
  },
  {
    "Brand_Product_Size": "Arnott's Cruskits Original 125g",
    "WOW Price": 3.5,
    "WOW Size": "125g",
    "WOW ppu": "$2.80 / 100G"
  },
  {
    "Brand_Product_Size": "Dole Premium Tropical Pineapple Chunks In Syrup 439g",
    "WOW Price": 1.8,
    "WOW Size": "439g",
    "WOW ppu": "$4.10 / 1KG"
  },
  {
    "Brand_Product_Size": "Kettle Original Sea Salt Chips 175g",
    "WOW Price": 3.25,
    "WOW Size": "175g",
    "WOW ppu": "$1.86 / 100G"
  },
  {
    "Brand_Product_Size": "Huggies Nappy Pants Junior Girl 24 pack",
    "WOW Price": 17,
    "WOW Size": "24 pack",
    "WOW ppu": "$0.71 / 1EA"
  },
  {
    "Brand_Product_Size": "Queen Pure Maple Syrup 250mL",
    "WOW Price": 9,
    "WOW Size": "250mL",
    "WOW ppu": "$3.60 / 100ML"
  },
  {
    "Brand_Product_Size": "Just 4 You 12 Extra Large Caged Eggs 700g",
    "WOW Price": 3.5,
    "WOW Size": "700g",
    "WOW ppu": "$0.50 / 100G"
  },
  {
    "Brand_Product_Size": "La Molisana Pastifico Extra Di Lusso Farfalle Rigate 500g",
    "WOW Price": 2.8,
    "WOW Size": "500g",
    "WOW ppu": "$0.56 / 100G"
  },
  {
    "Brand_Product_Size": "Elmer's Gue Fruity Slushie Premade Slime 236.5mL",
    "WOW Price": 6,
    "WOW Size": "236.5mL",
    "WOW ppu": ""
  },
  {
    "Brand_Product_Size": "Neutrogena Beach Defence Sunscreen Water + Sun Barrier Lotion Spf 50 198mL",
    "WOW Price": 14.24,
    "WOW Size": "198mL",
    "WOW ppu": "$7.19 / 100ML"
  },
  {
    "Brand_Product_Size": "Masterfoods Nutmeg Ground 30g",
    "WOW Price": 3.15,
    "WOW Size": "30g",
    "WOW ppu": "$1.05 / 10G"
  },
  {
    "Brand_Product_Size": "Woolworths Cashew Roasted Snack Pots 180g",
    "WOW Price": 6,
    "WOW Size": "180g",
    "WOW ppu": "$33.33 / 1KG"
  },
  {
    "Brand_Product_Size": "Bosisto's Calming Solution Lavender & Chamomile 100mL",
    "WOW Price": 9,
    "WOW Size": "100mL",
    "WOW ppu": "$9.00 / 100ML"
  },
  {
    "Brand_Product_Size": "Agadir Argan Oil Treatment 150mL",
    "WOW Price": 27.95,
    "WOW Size": "150mL",
    "WOW ppu": "$18.63 / 100ML"
  },
  {
    "Brand_Product_Size": "Woolworths Cheddar Cheese Puff Pastry Twists 150g",
    "WOW Price": 3,
    "WOW Size": "150g",
    "WOW ppu": "$2.00 / 100G"
  },
  {
    "Brand_Product_Size": "V Energy Blue Sugar Free 250mL",
    "WOW Price": 2.8,
    "WOW Size": "250mL",
    "WOW ppu": "$11.20 / 1L"
  },
  {
    "Brand_Product_Size": "Palmolive Naturals Replenishing Bar Soap Milk & Honey 90g x4 pack",
    "WOW Price": 2.85,
    "WOW Size": "90g x4 pack",
    "WOW ppu": "$0.79 / 100G"
  },
  {
    "Brand_Product_Size": "Blackmores Echinacea Ace & Zinc 60 pack",
    "WOW Price": 20.5,
    "WOW Size": "60 pack",
    "WOW ppu": "$34.17 / 100EA"
  },
  {
    "Brand_Product_Size": "Air Wick Odour Neutralising Air Spray Eucalyptus & Freesia 236mL",
    "WOW Price": 7,
    "WOW Size": "236mL",
    "WOW ppu": "$2.97 / 100ML"
  },
  {
    "Brand_Product_Size": "Masterfoods Wholegrain Mustard 175g",
    "WOW Price": 2.5,
    "WOW Size": "175g",
    "WOW ppu": "$1.43 / 100G"
  },
  {
    "Brand_Product_Size": "Latina Fresh Gluten Free Beef Ravioli 280g",
    "WOW Price": 7.5,
    "WOW Size": "280g",
    "WOW ppu": "$2.68 / 100G"
  },
  {
    "Brand_Product_Size": "Keep It Cleaner Protein Powder Chocolate 375g",
    "WOW Price": 30,
    "WOW Size": "375g",
    "WOW ppu": "$8.00 / 100G"
  },
  {
    "Brand_Product_Size": "L'oreal Elvive Dream Lengths Cream 200mL",
    "WOW Price": 12,
    "WOW Size": "200mL",
    "WOW ppu": "$6.00 / 100ML"
  },
  {
    "Brand_Product_Size": "Patak's Chickpea & Veggie Korma Heat & Eat 285g",
    "WOW Price": 2.5,
    "WOW Size": "285g",
    "WOW ppu": "$0.88 / 100G"
  },
  {
    "Brand_Product_Size": "Ocean Chef Flathead In Crunchy Batter 500g",
    "WOW Price": 10,
    "WOW Size": "500g",
    "WOW ppu": "$20.00 / 1KG"
  },
  {
    "Brand_Product_Size": "Ocean Chef Flathead In Crunchy Batter 500g",
    "WOW Price": 10,
    "WOW Size": "500g",
    "WOW ppu": "$20.00 / 1KG"
  },
  {
    "Brand_Product_Size": "Gillette Fusion Proglide Razor Styler & Trimmer each",
    "WOW Price": 30,
    "WOW Size": "each",
    "WOW ppu": ""
  },
  {
    "Brand_Product_Size": "Macro Organic Crunchy Peanut Butter 375g",
    "WOW Price": 5,
    "WOW Size": "375g",
    "WOW ppu": "$1.33 / 100G"
  },
  {
    "Brand_Product_Size": "Azalea Grape Seed Oil 1L",
    "WOW Price": 9,
    "WOW Size": "1L",
    "WOW ppu": "$0.90 / 100ML"
  },
  {
    "Brand_Product_Size": "Energizer Iphone Retractable Cable 80cm each",
    "WOW Price": 20,
    "WOW Size": "each",
    "WOW ppu": ""
  },
  {
    "Brand_Product_Size": "Bosisto's Antifungal Solution Tea Tree & Clove 100mL",
    "WOW Price": 9,
    "WOW Size": "100mL",
    "WOW ppu": "$9.00 / 100ML"
  },
  {
    "Brand_Product_Size": "Birds Eye Corn Cobs Super Sweet 1kg",
    "WOW Price": 5,
    "WOW Size": "1kg",
    "WOW ppu": "$5.00 / 1KG"
  },
  {
    "Brand_Product_Size": "Pearl River Bridge Soy Sauce Gold Label 600mL",
    "WOW Price": 3,
    "WOW Size": "600mL",
    "WOW ppu": "$0.50 / 100ML"
  },
  {
    "Brand_Product_Size": "V8 Low Sodium Vegetable Juice 1.25L",
    "WOW Price": 3.5,
    "WOW Size": "1.25L",
    "WOW ppu": "$2.80 / 1L"
  },
  {
    "Brand_Product_Size": "Bundaberg Pineapple & Coconut Sparkling Drink 375mL x4 pack",
    "WOW Price": 6.35,
    "WOW Size": "375mL x4 pack",
    "WOW ppu": "$4.23 / 1L"
  },
  {
    "Brand_Product_Size": "Arnott's Kingston Creams 200g",
    "WOW Price": 2,
    "WOW Size": "200g",
    "WOW ppu": "$1.00 / 100G"
  },
  {
    "Brand_Product_Size": "Extra Care Ultimate Repair Conditioner 900mL",
    "WOW Price": 14,
    "WOW Size": "900mL",
    "WOW ppu": "$1.56 / 100ML"
  },
  {
    "Brand_Product_Size": "Ceres Black Rice Crackers Original 115g",
    "WOW Price": 2.6,
    "WOW Size": "115g",
    "WOW ppu": "$2.26 / 100G"
  },
  {
    "Brand_Product_Size": "Frey Chocolate Block Sea Salt Caramel 100g",
    "WOW Price": 4,
    "WOW Size": "100g",
    "WOW ppu": "$4.00 / 100G"
  },
  {
    "Brand_Product_Size": "Moore's Ultra Pure Still Water 5L",
    "WOW Price": 4.7,
    "WOW Size": "5L",
    "WOW ppu": "$0.94 / 1L"
  },
  {
    "Brand_Product_Size": "Coon Cheese Slices Colby 500g",
    "WOW Price": 7,
    "WOW Size": "500g",
    "WOW ppu": "$14.00 / 1KG"
  },
  {
    "Brand_Product_Size": "Coon Cheese Slices Colby 500g",
    "WOW Price": 7,
    "WOW Size": "500g",
    "WOW ppu": "$14.00 / 1KG"
  },
  {
    "Brand_Product_Size": "Mutti Passata Tomato Puree Organic 560g",
    "WOW Price": 2.8,
    "WOW Size": "560g",
    "WOW ppu": "$0.50 / 100G"
  },
  {
    "Brand_Product_Size": "Air Wick Essential Oil Freshmatic Refill Vanilla 174g",
    "WOW Price": 8,
    "WOW Size": "174g",
    "WOW ppu": "$4.60 / 100G"
  },
  {
    "Brand_Product_Size": "Sprite No Sugar Cans 375mL x10 pack",
    "WOW Price": 7.9,
    "WOW Size": "375mL x10 pack",
    "WOW ppu": "$2.11 / 1L"
  },
  {
    "Brand_Product_Size": "L'oreal Elvive Extraordinary Oil Nourishing Conditioner 300mL",
    "WOW Price": 5.25,
    "WOW Size": "300mL",
    "WOW ppu": "$1.75 / 100ML"
  },
  {
    "Brand_Product_Size": "Sistema Bottle Gripper To Go 800mL each",
    "WOW Price": 11,
    "WOW Size": "800mL each",
    "WOW ppu": ""
  },
  {
    "Brand_Product_Size": "Sistema Bottle Gripper To Go 800mL each",
    "WOW Price": 11,
    "WOW Size": "800mL each",
    "WOW ppu": ""
  },
  {
    "Brand_Product_Size": "Underworks Infant Patterned Crew 4 pack",
    "WOW Price": 6,
    "WOW Size": "4 pack",
    "WOW ppu": ""
  },
  {
    "Brand_Product_Size": "Capilano Manuka Honey 340g",
    "WOW Price": 7.5,
    "WOW Size": "340g",
    "WOW ppu": "$2.21 / 100G"
  },
  {
    "Brand_Product_Size": "Nivea Men Everyday Active Aerosol Antiperspirant Deodorant 250mL",
    "WOW Price": 6.5,
    "WOW Size": "250mL",
    "WOW ppu": "$2.60 / 100ML"
  },
  {
    "Brand_Product_Size": "Safcol Premium Salmon Soy & Ginger 95g",
    "WOW Price": 1.75,
    "WOW Size": "95g",
    "WOW ppu": "$18.42 / 1KG"
  },
  {
    "Brand_Product_Size": "Compost-a-pak 8l Compost Bin Liners 52 pack",
    "WOW Price": 8,
    "WOW Size": "52 pack",
    "WOW ppu": "$0.15 / 1EA"
  },
  {
    "Brand_Product_Size": "Hart & Soul Nasi Goreng 250g",
    "WOW Price": 5,
    "WOW Size": "250g",
    "WOW ppu": "$2.00 / 100G"
  },
  {
    "Brand_Product_Size": "Woolworths Green Olives With Lemon & Herbs 110g",
    "WOW Price": 3.5,
    "WOW Size": "110g",
    "WOW ppu": "$3.18 / 100G"
  },
  {
    "Brand_Product_Size": "Betty Crocker Chocolate Hazelnut Frosting 400g",
    "WOW Price": 4,
    "WOW Size": "400g",
    "WOW ppu": "$1.00 / 100G"
  },
  {
    "Brand_Product_Size": "Macro Natural Seed Mix With Pine Nuts 250g",
    "WOW Price": 4.4,
    "WOW Size": "250g",
    "WOW ppu": "$17.60 / 1KG"
  },
  {
    "Brand_Product_Size": "Noshu 98% Sugar Free Buttermilk Pancake Mix 240g",
    "WOW Price": 6,
    "WOW Size": "240g",
    "WOW ppu": "$2.50 / 100G"
  },
  {
    "Brand_Product_Size": "Bonds Mens Fashion Guy Front Trunk Size Large each",
    "WOW Price": 25,
    "WOW Size": "each",
    "WOW ppu": ""
  },
  {
    "Brand_Product_Size": "Pearl River Bridge Soy Sauce 500mL",
    "WOW Price": 3.7,
    "WOW Size": "500mL",
    "WOW ppu": "$0.74 / 100ML"
  },
  {
    "Brand_Product_Size": "Uludag Lemonade Gazoz Drink 1.5L",
    "WOW Price": 2.5,
    "WOW Size": "1.5L",
    "WOW ppu": "$0.17 / 100ML"
  },
  {
    "Brand_Product_Size": "Fantastic Chicken Noodle Bowl 85g",
    "WOW Price": 1,
    "WOW Size": "85g",
    "WOW ppu": "$1.18 / 100G"
  },
  {
    "Brand_Product_Size": "Hoyt's Caraway Seeds 15g",
    "WOW Price": 1.5,
    "WOW Size": "15g",
    "WOW ppu": "$1.00 / 10G"
  },
  {
    "Brand_Product_Size": "Mayver's Super Spread Cacao 280g",
    "WOW Price": 5.5,
    "WOW Size": "280g",
    "WOW ppu": "$1.96 / 100G"
  },
  {
    "Brand_Product_Size": "Trill Bird Honey Stick Variety Cockatiels 105g",
    "WOW Price": 3.99,
    "WOW Size": "105g",
    "WOW ppu": "$3.80 / 100G"
  },
  {
    "Brand_Product_Size": "Schwarzkopf Root Retoucher Black 70g",
    "WOW Price": 18,
    "WOW Size": "70g",
    "WOW ppu": "$25.71 / 100G"
  },
  {
    "Brand_Product_Size": "Clairol Nice N Easy 6.5g Natural Lightest Golden Brown each",
    "WOW Price": 9,
    "WOW Size": "each",
    "WOW ppu": ""
  },
  {
    "Brand_Product_Size": "Captain's Table Water Crackers Rosemary & Thyme 125g",
    "WOW Price": 1.8,
    "WOW Size": "125g",
    "WOW ppu": "$1.44 / 100G"
  },
  {
    "Brand_Product_Size": "Woolworths Apricot Halves In Juice Apricot 820g",
    "WOW Price": 2.8,
    "WOW Size": "820g",
    "WOW ppu": "$3.41 / 1KG"
  },
  {
    "Brand_Product_Size": "Hot Wheels Boulevard Assortement each",
    "WOW Price": 6.4,
    "WOW Size": "each",
    "WOW ppu": ""
  },
  {
    "Brand_Product_Size": "Onion Red each",
    "WOW Price": 0.53,
    "WOW Size": "each",
    "WOW ppu": "$0.53 / 1EA"
  },
  {
    "Brand_Product_Size": "Onion Red each",
    "WOW Price": 0.53,
    "WOW Size": "each",
    "WOW ppu": "$0.53 / 1EA"
  },
  {
    "Brand_Product_Size": "Saunders Malt Extract 1kg",
    "WOW Price": 10,
    "WOW Size": "1kg",
    "WOW ppu": "$1.00 / 100G"
  },
  {
    "Brand_Product_Size": "Woolworths Sultanas 6 pack",
    "WOW Price": 2,
    "WOW Size": "6 pack",
    "WOW ppu": "$8.33 / 1KG"
  },
  {
    "Brand_Product_Size": "Woolworths Sultanas 6 pack",
    "WOW Price": 2,
    "WOW Size": "6 pack",
    "WOW ppu": "$8.33 / 1KG"
  },
  {
    "Brand_Product_Size": "L'oreal Men Expert Invincible Sport Shower Gel 300mL",
    "WOW Price": 3.6,
    "WOW Size": "300mL",
    "WOW ppu": "$1.20 / 100ML"
  },
  {
    "Brand_Product_Size": "Tuckers Rosemary & Rock Salt Crackers 110g",
    "WOW Price": 4,
    "WOW Size": "110g",
    "WOW ppu": "$3.64 / 100G"
  },
  {
    "Brand_Product_Size": "Total Care Freezeable Shark Dog Toy each",
    "WOW Price": 13,
    "WOW Size": "each",
    "WOW ppu": "$13.00 / 1EA"
  },
  {
    "Brand_Product_Size": "Rimmel Stay Matte Liquid Lip Colour #210 Rose & Shine 5.5ml each",
    "WOW Price": 7.5,
    "WOW Size": "each",
    "WOW ppu": "$13.64 / 10ML"
  },
  {
    "Brand_Product_Size": "Biozet Attack Front & Top Loader Laundry Powder 2kg",
    "WOW Price": 20,
    "WOW Size": "2kg",
    "WOW ppu": "$10.00 / 1KG"
  },
  {
    "Brand_Product_Size": "Nature's Way Daily Immunity With Vitamin C & Zinc & Echinacea 100 pack",
    "WOW Price": 20,
    "WOW Size": "100 pack",
    "WOW ppu": "$20.00 / 100EA"
  },
  {
    "Brand_Product_Size": "Nature's Way High Strength Magnesium Powder Citrus Flavour 210g",
    "WOW Price": 30,
    "WOW Size": "210g",
    "WOW ppu": "$14.29 / 100G"
  },
  {
    "Brand_Product_Size": "Awona Shiitake Mushrooms Can 425g",
    "WOW Price": 2.5,
    "WOW Size": "425g",
    "WOW ppu": "$5.88 / 1KG"
  },
  {
    "Brand_Product_Size": "Pea Beu Fast Killing Insect Spray Odourless 350g",
    "WOW Price": 4.8,
    "WOW Size": "350g",
    "WOW ppu": "$1.37 / 100G"
  },
  {
    "Brand_Product_Size": "Gillette Fusion Hydra Shaving Gel Sensitive Skin 70g",
    "WOW Price": 4.65,
    "WOW Size": "70g",
    "WOW ppu": "$6.64 / 100G"
  },
  {
    "Brand_Product_Size": "Yeo's Drink Sugar Cane 300mL",
    "WOW Price": 0.8,
    "WOW Size": "300mL",
    "WOW ppu": "$0.27 / 100ML"
  },
  {
    "Brand_Product_Size": "Green's Pudding Butterscotch Sponge 260g",
    "WOW Price": 2.8,
    "WOW Size": "260g",
    "WOW ppu": "$1.08 / 100G"
  },
  {
    "Brand_Product_Size": "Golden Circle Pineapple Pieces In Natural Juice 440g",
    "WOW Price": 3.75,
    "WOW Size": "440g",
    "WOW ppu": "$8.52 / 1KG"
  },
  {
    "Brand_Product_Size": "Bosisto's Tea Tree Spray 125g",
    "WOW Price": 12,
    "WOW Size": "125g",
    "WOW ppu": "$9.60 / 100G"
  },
  {
    "Brand_Product_Size": "Essentials White Choc Melts 375g",
    "WOW Price": 2.5,
    "WOW Size": "375g",
    "WOW ppu": "$0.67 / 100G"
  },
  {
    "Brand_Product_Size": "Decor Microsafe Container Round 750mL",
    "WOW Price": 6,
    "WOW Size": "750mL",
    "WOW ppu": ""
  },
  {
    "Brand_Product_Size": "Masterfoods Chicken Salt 65g",
    "WOW Price": 2.5,
    "WOW Size": "65g",
    "WOW ppu": "$0.38 / 10G"
  },
  {
    "Brand_Product_Size": "Pine O Cleen All In One Disinfectant Gel Lemon 400mL",
    "WOW Price": 5,
    "WOW Size": "400mL",
    "WOW ppu": "$1.25 / 100ML"
  },
  {
    "Brand_Product_Size": "Patak's Cook To Eat Pappadums Plain Plain 100g",
    "WOW Price": 2.5,
    "WOW Size": "100g",
    "WOW ppu": "$2.50 / 100G"
  },
  {
    "Brand_Product_Size": "Exelpet Ezy-dose Monthly Heartworm Treatment For Dogs 4 pack",
    "WOW Price": 17.5,
    "WOW Size": "4 pack",
    "WOW ppu": "$4.38 / 1EA"
  },
  {
    "Brand_Product_Size": "Golden Circle Pineapple Crushed In Natural Juice 440g",
    "WOW Price": 3.75,
    "WOW Size": "440g",
    "WOW ppu": "$8.52 / 1KG"
  },
  {
    "Brand_Product_Size": "Leggos Stir Through Tomato Garlic & Caramelised Onion 350g",
    "WOW Price": 4,
    "WOW Size": "350g",
    "WOW ppu": "$1.14 / 100G"
  },
  {
    "Brand_Product_Size": "Mcobeauty Duo Brow Crayon & Highlighter Medium/dark each",
    "WOW Price": 7.5,
    "WOW Size": "each",
    "WOW ppu": "$78.13 / 10G"
  },
  {
    "Brand_Product_Size": "Swisse Women's Ultivite 30 tabLets",
    "WOW Price": 20,
    "WOW Size": "30 tabLets",
    "WOW ppu": "$66.67 / 100EA"
  },
  {
    "Brand_Product_Size": "Chobani Low Fat Lemon Yoghurt 170g",
    "WOW Price": 1.8,
    "WOW Size": "170g",
    "WOW ppu": "$1.06 / 100G"
  },
  {
    "Brand_Product_Size": "Chobani Low Fat Lemon Yoghurt 170g",
    "WOW Price": 1.8,
    "WOW Size": "170g",
    "WOW ppu": "$1.06 / 100G"
  },
  {
    "Brand_Product_Size": "Oscar Orsen Nail Polish Remover Nourishing 125mL",
    "WOW Price": 2.8,
    "WOW Size": "125mL",
    "WOW ppu": "$0.22 / 10ML"
  },
  {
    "Brand_Product_Size": "Revlon Colorstay For Normal & Dry Skin Medium Beige Foundation 30mL",
    "WOW Price": 17.5,
    "WOW Size": "30mL",
    "WOW ppu": "$5.83 / 10ML"
  },
  {
    "Brand_Product_Size": "Gourmet Delight With Beef Mince In Gravy 80g",
    "WOW Price": 1.2,
    "WOW Size": "80g",
    "WOW ppu": "$1.50 / 100G"
  },
  {
    "Brand_Product_Size": "Fyna Licorice 240g",
    "WOW Price": 2.5,
    "WOW Size": "240g",
    "WOW ppu": "$1.04 / 100G"
  },
  {
    "Brand_Product_Size": "Tru Blu Garlic Butter 150g",
    "WOW Price": 3,
    "WOW Size": "150g",
    "WOW ppu": "$2.00 / 100G"
  },
  {
    "Brand_Product_Size": "Willy's Kid's Bubble Bath Colours 45g",
    "WOW Price": 5.79,
    "WOW Size": "45g",
    "WOW ppu": "$12.87 / 100G"
  },
  {
    "Brand_Product_Size": "Underworks Ladies Athleisure Bikini 14 3 pack",
    "WOW Price": 14,
    "WOW Size": "3 pack",
    "WOW ppu": ""
  },
  {
    "Brand_Product_Size": "Masterfoods Schnitzel Mix Classic 80g",
    "WOW Price": 2,
    "WOW Size": "80g",
    "WOW ppu": "$0.25 / 10G"
  },
  {
    "Brand_Product_Size": "Arnott's Chocolate Ripple 250g",
    "WOW Price": 3,
    "WOW Size": "250g",
    "WOW ppu": "$1.20 / 100G"
  },
  {
    "Brand_Product_Size": "Quorn Pieces 300g",
    "WOW Price": 6.2,
    "WOW Size": "300g",
    "WOW ppu": "$2.07 / 100G"
  },
  {
    "Brand_Product_Size": "Cuddly Sunshine Fresh Fabric Softener Long Lasting Fragrance 2L",
    "WOW Price": 6,
    "WOW Size": "2L",
    "WOW ppu": "$3.00 / 1L"
  },
  {
    "Brand_Product_Size": "Rimmel Stay Matte Pressed Peach Glow 14g",
    "WOW Price": 6,
    "WOW Size": "14g",
    "WOW ppu": "$4.29 / 10G"
  },
  {
    "Brand_Product_Size": "Chobani Low Fat Mango Yoghurt 170g",
    "WOW Price": 1.8,
    "WOW Size": "170g",
    "WOW ppu": "$1.06 / 100G"
  },
  {
    "Brand_Product_Size": "Chobani Low Fat Mango Yoghurt 170g",
    "WOW Price": 1.8,
    "WOW Size": "170g",
    "WOW ppu": "$1.06 / 100G"
  },
  {
    "Brand_Product_Size": "Toni & Guy Strength Plex Bond Repair Mask 285mL",
    "WOW Price": 16,
    "WOW Size": "285mL",
    "WOW ppu": "$5.61 / 100ML"
  },
  {
    "Brand_Product_Size": "Freshwater Farm Australia Lemon Myrtle Oil + Manuka Honey Castile Hand Wash 500mL",
    "WOW Price": 10,
    "WOW Size": "500mL",
    "WOW ppu": "$2.00 / 100ML"
  },
  {
    "Brand_Product_Size": "Massel Stock Powder Chicken 168g",
    "WOW Price": 3.45,
    "WOW Size": "168g",
    "WOW ppu": "$0.21 / 10G"
  },
  {
    "Brand_Product_Size": "Armada Freezer Bags Medium 80 pack",
    "WOW Price": 0.6,
    "WOW Size": "80 pack",
    "WOW ppu": "$0.01 / 1EA"
  },
  {
    "Brand_Product_Size": "Underworks Mens Cushion Sport Size 7-10 3 pack",
    "WOW Price": 9,
    "WOW Size": "3 pack",
    "WOW ppu": ""
  },
  {
    "Brand_Product_Size": "Glow Lab Amber & Sage Refill Hand Wash 600mL",
    "WOW Price": 11,
    "WOW Size": "600mL",
    "WOW ppu": "$1.83 / 100ML"
  },
  {
    "Brand_Product_Size": "Mckenzie's Lentils Red 375g",
    "WOW Price": 2.3,
    "WOW Size": "375g",
    "WOW ppu": "$0.61 / 100G"
  },
  {
    "Brand_Product_Size": "Frey Hazel Stixx Milk Chocolate Bar 42g",
    "WOW Price": 2,
    "WOW Size": "42g",
    "WOW ppu": "$4.76 / 100G"
  },
  {
    "Brand_Product_Size": "The Stock Merchant Beef Bone Broth 500g",
    "WOW Price": 13,
    "WOW Size": "500g",
    "WOW ppu": "$0.26 / 10G"
  },
  {
    "Brand_Product_Size": "Olina's Gluten Free Crackers Sunflower Seed 100g",
    "WOW Price": 5,
    "WOW Size": "100g",
    "WOW ppu": "$5.00 / 100G"
  },
  {
    "Brand_Product_Size": "Bic Gelocity Original Assorted 4 pack",
    "WOW Price": 8,
    "WOW Size": "4 pack",
    "WOW ppu": ""
  },
  {
    "Brand_Product_Size": "Woolworths Pesto Basil 190g",
    "WOW Price": 1.95,
    "WOW Size": "190g",
    "WOW ppu": "$1.03 / 100G"
  },
  {
    "Brand_Product_Size": "Nuttelex Lite Margarine Spread 500g",
    "WOW Price": 3.5,
    "WOW Size": "500g",
    "WOW ppu": "$0.70 / 100G"
  },
  {
    "Brand_Product_Size": "Nuttelex Lite Margarine Spread 500g",
    "WOW Price": 3.5,
    "WOW Size": "500g",
    "WOW ppu": "$0.70 / 100G"
  },
  {
    "Brand_Product_Size": "Sealord Premium Hoki Fillets Three Seeds 300g",
    "WOW Price": 7.3,
    "WOW Size": "300g",
    "WOW ppu": "$24.33 / 1KG"
  },
  {
    "Brand_Product_Size": "Cottee's Conserve Plum 500g",
    "WOW Price": 2.8,
    "WOW Size": "500g",
    "WOW ppu": "$0.56 / 100G"
  },
  {
    "Brand_Product_Size": "Epzen Relax Magnesium Body Lotion 100mL",
    "WOW Price": 14,
    "WOW Size": "100mL",
    "WOW ppu": "$14.00 / 100ML"
  },
  {
    "Brand_Product_Size": "Hot Kids Rice Snacks Want Want Senbei 112g",
    "WOW Price": 2.75,
    "WOW Size": "112g",
    "WOW ppu": "$2.46 / 100G"
  },
  {
    "Brand_Product_Size": "Essano Rosehip Moisturiser Pure Defence Spf15 75mL",
    "WOW Price": 20,
    "WOW Size": "75mL",
    "WOW ppu": "$26.67 / 100ML"
  },
  {
    "Brand_Product_Size": "Always Fresh Olives Spanish Stuffed 700g",
    "WOW Price": 4.8,
    "WOW Size": "700g",
    "WOW ppu": "$6.86 / 1KG"
  },
  {
    "Brand_Product_Size": "Indya Soya Wadi 400g",
    "WOW Price": 2.5,
    "WOW Size": "400g",
    "WOW ppu": "$0.63 / 100G"
  },
  {
    "Brand_Product_Size": "Woolworths Marinated Chilli Olives & Tasty Cheese 45g",
    "WOW Price": 3,
    "WOW Size": "45g",
    "WOW ppu": "$66.67 / 1KG"
  },
  {
    "Brand_Product_Size": "Mint Stainless Steel Whisk each",
    "WOW Price": 6,
    "WOW Size": "each",
    "WOW ppu": ""
  },
  {
    "Brand_Product_Size": "Quilton Toilet Paper Triple Length 3ply 540 Sheets 6 pack",
    "WOW Price": 10.5,
    "WOW Size": "6 pack",
    "WOW ppu": "$0.32 / 100SS"
  },
  {
    "Brand_Product_Size": "Oli & Vine Smokey Chipotle Lime & Herb Dressing 250mL",
    "WOW Price": 5,
    "WOW Size": "250mL",
    "WOW ppu": "$2.00 / 100ML"
  },
  {
    "Brand_Product_Size": "Masterfoods Chicken Casserole Slow Cook Recipe Base 175g",
    "WOW Price": 2.2,
    "WOW Size": "175g",
    "WOW ppu": "$1.26 / 100G"
  },
  {
    "Brand_Product_Size": "Woolworths Tuna In Oil 95g",
    "WOW Price": 0.9,
    "WOW Size": "95g",
    "WOW ppu": "$9.47 / 1KG"
  },
  {
    "Brand_Product_Size": "Neutrogena Oil-free Eye Make-up Remover 112mL",
    "WOW Price": 8.16,
    "WOW Size": "112mL",
    "WOW ppu": "$7.29 / 100ML"
  },
  {
    "Brand_Product_Size": "Cars 3 Diecast Singles each",
    "WOW Price": 8.8,
    "WOW Size": "each",
    "WOW ppu": ""
  },
  {
    "Brand_Product_Size": "Mae Ploy Salad Dressing Thai Style 285mL",
    "WOW Price": 2.2,
    "WOW Size": "285mL",
    "WOW ppu": "$0.77 / 100ML"
  },
  {
    "Brand_Product_Size": "Oh So Comfy Super Soft Ponytailers 5 pack",
    "WOW Price": 4,
    "WOW Size": "5 pack",
    "WOW ppu": ""
  },
  {
    "Brand_Product_Size": "Sard Wonder Inwash & Soaker Eucalyptus Power Stain Remover 1kg",
    "WOW Price": 5,
    "WOW Size": "1kg",
    "WOW ppu": "$5.00 / 1KG"
  },
  {
    "Brand_Product_Size": "Nature's Way Kids Smart Vita Gummies Multi + Vegies 60 pack",
    "WOW Price": 14.5,
    "WOW Size": "60 pack",
    "WOW ppu": "$24.17 / 100EA"
  },
  {
    "Brand_Product_Size": "Korbond Crazy String 87g",
    "WOW Price": 4,
    "WOW Size": "87g",
    "WOW ppu": "$4.00 / 1EA"
  },
  {
    "Brand_Product_Size": "Crayola Color & Sticker Pinkfong Baby Shark each",
    "WOW Price": 6,
    "WOW Size": "each",
    "WOW ppu": ""
  },
  {
    "Brand_Product_Size": "Dermaveen Extra Hydration Gentle Soap Free Wash 1L",
    "WOW Price": 20,
    "WOW Size": "1L",
    "WOW ppu": "$2.00 / 100ML"
  },
  {
    "Brand_Product_Size": "Aptamil Allerpro Syneo 2 Follow-on Formula Allergy 6-12 Months 900g",
    "WOW Price": 36,
    "WOW Size": "900g",
    "WOW ppu": "$4.00 / 100G"
  },
  {
    "Brand_Product_Size": "Neutrogena Night Calming Makeup Remover Facial Wipes 25 pack",
    "WOW Price": 8.2,
    "WOW Size": "25 pack",
    "WOW ppu": "$0.33 / 1EA"
  },
  {
    "Brand_Product_Size": "Sally Hansen Nail Rehab Treatment 10mL",
    "WOW Price": 8.5,
    "WOW Size": "10mL",
    "WOW ppu": "$8.50 / 10ML"
  },
  {
    "Brand_Product_Size": "Brooke Bond Taj Mahal Black Tea 900g",
    "WOW Price": 9.5,
    "WOW Size": "900g",
    "WOW ppu": "$1.06 / 100G"
  },
  {
    "Brand_Product_Size": "Woolworths Pasta Spaghetti 500g",
    "WOW Price": 1,
    "WOW Size": "500g",
    "WOW ppu": "$0.20 / 100G"
  },
  {
    "Brand_Product_Size": "Ardmona Apple Sliced 400g",
    "WOW Price": 3.2,
    "WOW Size": "400g",
    "WOW ppu": "$8.00 / 1KG"
  },
  {
    "Brand_Product_Size": "Woolworths Macadamias Roasted & Salted 400g pack",
    "WOW Price": 18,
    "WOW Size": "400g pack",
    "WOW ppu": "$45.00 / 1KG"
  },
  {
    "Brand_Product_Size": "Vitapet Lamb Ears 200g",
    "WOW Price": 17,
    "WOW Size": "200g",
    "WOW ppu": "$8.50 / 100G"
  },
  {
    "Brand_Product_Size": "Seriously Low Carb Vanilla Cake & Cupcake Mix 250g",
    "WOW Price": 7.5,
    "WOW Size": "250g",
    "WOW ppu": "$3.00 / 100G"
  },
  {
    "Brand_Product_Size": "Bulldog Original Face Care Moisturiser 100mL",
    "WOW Price": 12.5,
    "WOW Size": "100mL",
    "WOW ppu": "$12.50 / 100ML"
  },
  {
    "Brand_Product_Size": "Herbert Adams Artisan Moroccan Chickpea & Vegetable Pie 440g",
    "WOW Price": 7.5,
    "WOW Size": "440g",
    "WOW ppu": "$1.70 / 100G"
  },
  {
    "Brand_Product_Size": "Ogx Penetrating Oil Renewing Argan Oil Of Morocco 100mL",
    "WOW Price": 25,
    "WOW Size": "100mL",
    "WOW ppu": "$25.00 / 100ML"
  },
  {
    "Brand_Product_Size": "Fuzzeez Printed Ball Assorted each",
    "WOW Price": 5,
    "WOW Size": "each",
    "WOW ppu": ""
  },
  {
    "Brand_Product_Size": "Fuzzeez Printed Ball Assorted each",
    "WOW Price": 5,
    "WOW Size": "each",
    "WOW ppu": ""
  },
  {
    "Brand_Product_Size": "Korbond Pearl Headed Pins 200 pack",
    "WOW Price": 5,
    "WOW Size": "200 pack",
    "WOW ppu": ""
  },
  {
    "Brand_Product_Size": "Protea Foods Biltong Slices Peri Peri 100g",
    "WOW Price": 9.9,
    "WOW Size": "100g",
    "WOW ppu": "$9.90 / 100G"
  },
  {
    "Brand_Product_Size": "Oakwood Stone Benchtop Cleaner 500mL",
    "WOW Price": 5.6,
    "WOW Size": "500mL",
    "WOW ppu": "$1.12 / 100ML"
  },
  {
    "Brand_Product_Size": "Fancy Feast Adult Classic Turkey Feast Gravy Grilled Wet Cat Food 85g",
    "WOW Price": 1.45,
    "WOW Size": "85g",
    "WOW ppu": "$1.71 / 100G"
  },
  {
    "Brand_Product_Size": "Holbrooks Sauce Worcestershire 250mL",
    "WOW Price": 3.3,
    "WOW Size": "250mL",
    "WOW ppu": "$1.32 / 100ML"
  },
  {
    "Brand_Product_Size": "My Dog Fillets In Gravy With Succulent Beef Wet Dog Food 6 packx100g",
    "WOW Price": 8.5,
    "WOW Size": "6 packx100g",
    "WOW ppu": "$1.42 / 100G"
  },
  {
    "Brand_Product_Size": "Chupa Chups Jellipops Share Pack 240g",
    "WOW Price": 5,
    "WOW Size": "240g",
    "WOW ppu": "$2.08 / 100G"
  },
  {
    "Brand_Product_Size": "Woolworths Tuna Mayonnaise & Corn 95g",
    "WOW Price": 0.9,
    "WOW Size": "95g",
    "WOW ppu": "$9.47 / 1KG"
  },
  {
    "Brand_Product_Size": "Alka-seltzer Lemon-lime Effervescent Tablets 20 pack",
    "WOW Price": 8,
    "WOW Size": "20 pack",
    "WOW ppu": "$0.40 / 1EA"
  },
  {
    "Brand_Product_Size": "Pyrex 1.6l Rectangular Storage each",
    "WOW Price": 14,
    "WOW Size": "each",
    "WOW ppu": ""
  },
  {
    "Brand_Product_Size": "Edge Sensitive Skin Shave Gel 198g",
    "WOW Price": 3.25,
    "WOW Size": "198g",
    "WOW ppu": "$1.64 / 100G"
  },
  {
    "Brand_Product_Size": "Soften Fabric Softener Concentrate Ocean Fresh 250mL",
    "WOW Price": 1.19,
    "WOW Size": "250mL",
    "WOW ppu": "$0.48 / 100ML"
  },
  {
    "Brand_Product_Size": "Blackmores Vit B12 Tablets 75 pack",
    "WOW Price": 13,
    "WOW Size": "75 pack",
    "WOW ppu": "$1,300.00 / 100EA"
  },
  {
    "Brand_Product_Size": "Red Bull Energy Drink 355mL",
    "WOW Price": 3.4,
    "WOW Size": "355mL",
    "WOW ppu": "$9.58 / 1L"
  },
  {
    "Brand_Product_Size": "Queen Natural Lemon Extract 50mL",
    "WOW Price": 1.1,
    "WOW Size": "50mL",
    "WOW ppu": "$0.22 / 10ML"
  },
  {
    "Brand_Product_Size": "Spam Ham Low Salt 340g",
    "WOW Price": 4,
    "WOW Size": "340g",
    "WOW ppu": "$11.76 / 1KG"
  },
  {
    "Brand_Product_Size": "Toni & Guy Long Metallic Slide Set 6 pack",
    "WOW Price": 4.9,
    "WOW Size": "6 pack",
    "WOW ppu": ""
  },
  {
    "Brand_Product_Size": "Paperclick Notebook Fashion Assorted each",
    "WOW Price": 4,
    "WOW Size": "each",
    "WOW ppu": ""
  },
  {
    "Brand_Product_Size": "Essentials Icing Sugar Mixture 1kg",
    "WOW Price": 2.7,
    "WOW Size": "1kg",
    "WOW ppu": "$0.27 / 100G"
  },
  {
    "Brand_Product_Size": "Samyang Ramen Hot Chicken Carbonara 5 pack",
    "WOW Price": 8,
    "WOW Size": "5 pack",
    "WOW ppu": "$1.14 / 100G"
  },
  {
    "Brand_Product_Size": "Jason Insulux Plush Heated Throw Grey each",
    "WOW Price": 50,
    "WOW Size": "each",
    "WOW ppu": ""
  },
  {
    "Brand_Product_Size": "Sanitarium Up&go Liquid Breakfast Vanilla Ice 3 pack",
    "WOW Price": 4.95,
    "WOW Size": "3 pack",
    "WOW ppu": "$6.60 / 1L"
  },
  {
    "Brand_Product_Size": "Sanitarium Up&go Liquid Breakfast Vanilla Ice 3 pack",
    "WOW Price": 4.95,
    "WOW Size": "3 pack",
    "WOW ppu": "$6.60 / 1L"
  },
  {
    "Brand_Product_Size": "Woolworths Auto Open Crook Umbrella each",
    "WOW Price": 12.95,
    "WOW Size": "each",
    "WOW ppu": ""
  },
  {
    "Brand_Product_Size": "Vetta Rural Aid Penne Pasta 500g",
    "WOW Price": 1.8,
    "WOW Size": "500g",
    "WOW ppu": "$0.36 / 100G"
  },
  {
    "Brand_Product_Size": "La Costena Mexican Style Whole Black Beans 400g",
    "WOW Price": 2.9,
    "WOW Size": "400g",
    "WOW ppu": "$0.73 / 100G"
  },
  {
    "Brand_Product_Size": "Vitarapid Tranquil Daily Dog Treat 210g",
    "WOW Price": 13,
    "WOW Size": "210g",
    "WOW ppu": "$6.19 / 100G"
  },
  {
    "Brand_Product_Size": "Gillette Blue Ii Disposable Shaving Razor Plus 20 pack",
    "WOW Price": 16.5,
    "WOW Size": "20 pack",
    "WOW ppu": "$0.83 / 1EA"
  },
  {
    "Brand_Product_Size": "Essentials Parmesan Cheese 100g",
    "WOW Price": 1.6,
    "WOW Size": "100g",
    "WOW ppu": "$16.00 / 1KG"
  },
  {
    "Brand_Product_Size": "Essentials Parmesan Cheese 100g",
    "WOW Price": 1.6,
    "WOW Size": "100g",
    "WOW ppu": "$16.00 / 1KG"
  },
  {
    "Brand_Product_Size": "Cadbury Dairy Milk Black Forest 180g",
    "WOW Price": 3.5,
    "WOW Size": "180g",
    "WOW ppu": "$1.94 / 100G"
  },
  {
    "Brand_Product_Size": "The Natural Confectionery Co. Snakes Lollies 520g",
    "WOW Price": 5,
    "WOW Size": "520g",
    "WOW ppu": "$0.96 / 100G"
  },
  {
    "Brand_Product_Size": "Kiwi Shoe Care Laces Brown 69cm 2 pack",
    "WOW Price": 2,
    "WOW Size": "2 pack",
    "WOW ppu": "$1.00 / 1EA"
  },
  {
    "Brand_Product_Size": "Woolworths Tuna & Crackers Snack Pack Thousand Island 112g",
    "WOW Price": 2.1,
    "WOW Size": "112g",
    "WOW ppu": "$18.75 / 1KG"
  },
  {
    "Brand_Product_Size": "Vicks Lozenges Original Menthol 24 pack",
    "WOW Price": 4.3,
    "WOW Size": "24 pack",
    "WOW ppu": "$0.18 / 1EA"
  },
  {
    "Brand_Product_Size": "Selleys All Clear All Clear Water Resistant 260g",
    "WOW Price": 13.5,
    "WOW Size": "260g",
    "WOW ppu": "$5.19 / 100G"
  },
  {
    "Brand_Product_Size": "Ambi Pur Bathroom Fresh Air Freshener Refreshing Soap 6mL",
    "WOW Price": 8,
    "WOW Size": "6mL",
    "WOW ppu": "$8.00 / 1EA"
  },
  {
    "Brand_Product_Size": "Philips Light Globe Led 13w 1400 Lumen Cool Es each",
    "WOW Price": 10,
    "WOW Size": "each",
    "WOW ppu": "$10.00 / 1EA"
  },
  {
    "Brand_Product_Size": "Mountain Dew Soft Drink Cans 10x375mL pack",
    "WOW Price": 12.4,
    "WOW Size": "10x375mL pack",
    "WOW ppu": "$3.31 / 1L"
  },
  {
    "Brand_Product_Size": "Toni & Guy Shampoo For Fine Hair 250mL",
    "WOW Price": 16,
    "WOW Size": "250mL",
    "WOW ppu": "$6.40 / 100ML"
  },
  {
    "Brand_Product_Size": "Normandie Pate Pods Mixed Pack 200g",
    "WOW Price": 6.5,
    "WOW Size": "200g",
    "WOW ppu": "$32.50 / 1KG"
  },
  {
    "Brand_Product_Size": "Provoke Touch Of Silver Brightening Purple Shampoo 500mL",
    "WOW Price": 20,
    "WOW Size": "500mL",
    "WOW ppu": "$4.00 / 100ML"
  },
  {
    "Brand_Product_Size": "Palmolive Foaming Liquid Hand Wash Soap Vanilla & Berry Refill 500mL",
    "WOW Price": 3.85,
    "WOW Size": "500mL",
    "WOW ppu": "$0.77 / 100ML"
  },
  {
    "Brand_Product_Size": "Masterfoods Side Dish Creamy Cheesy Potato Bake 175g",
    "WOW Price": 2.2,
    "WOW Size": "175g",
    "WOW ppu": "$1.26 / 100G"
  },
  {
    "Brand_Product_Size": "Annalisa Beans Butter Lima 400g",
    "WOW Price": 1.5,
    "WOW Size": "400g",
    "WOW ppu": "$3.75 / 1KG"
  },
  {
    "Brand_Product_Size": "Uncle Ben's Sriracha Rice 250g",
    "WOW Price": 3.25,
    "WOW Size": "250g",
    "WOW ppu": "$1.30 / 100G"
  },
  {
    "Brand_Product_Size": "Queen Ultimate Sprinkles Unicorn Confetti 110g",
    "WOW Price": 4,
    "WOW Size": "110g",
    "WOW ppu": "$3.64 / 100G"
  },
  {
    "Brand_Product_Size": "Mckenzie's Baking Powder 300g",
    "WOW Price": 5,
    "WOW Size": "300g",
    "WOW ppu": "$1.67 / 100G"
  },
  {
    "Brand_Product_Size": "Bertocchi Pancetta Mild Sliced From The Deli per kg",
    "WOW Price": 32,
    "WOW Size": "per kg",
    "WOW ppu": "$32.00 / 1KG"
  },
  {
    "Brand_Product_Size": "Oc Naturals Kids 3-in-1 Fruit Blast 400mL",
    "WOW Price": 3.9,
    "WOW Size": "400mL",
    "WOW ppu": "$0.98 / 100ML"
  },
  {
    "Brand_Product_Size": "Shine Dish Brush each",
    "WOW Price": 1.5,
    "WOW Size": "each",
    "WOW ppu": "$1.50 / 1EA"
  },
  {
    "Brand_Product_Size": "Mountain Dew Sodastream Soda Mix 440mL",
    "WOW Price": 7,
    "WOW Size": "440mL",
    "WOW ppu": "$15.91 / 1L"
  },
  {
    "Brand_Product_Size": "Leggos Stir Through Chargrilled Vegetable 350g",
    "WOW Price": 4,
    "WOW Size": "350g",
    "WOW ppu": "$1.14 / 100G"
  },
  {
    "Brand_Product_Size": "Razzamatazz Knee Hi Black One Size 2 pack",
    "WOW Price": 4,
    "WOW Size": "2 pack",
    "WOW ppu": ""
  },
  {
    "Brand_Product_Size": "Csr Caster Sugar 1kg",
    "WOW Price": 2,
    "WOW Size": "1kg",
    "WOW ppu": "$0.20 / 100G"
  },
  {
    "Brand_Product_Size": "Woolworths Dried & Diced Apricots 200g",
    "WOW Price": 3,
    "WOW Size": "200g",
    "WOW ppu": "$15.00 / 1KG"
  },
  {
    "Brand_Product_Size": "Lucky Oven Roasted Almonds 350g",
    "WOW Price": 6.8,
    "WOW Size": "350g",
    "WOW ppu": "$19.43 / 1KG"
  },
  {
    "Brand_Product_Size": "Ainsley Harriot Cous Cous Spice Sensation 100g",
    "WOW Price": 1.9,
    "WOW Size": "100g",
    "WOW ppu": "$1.90 / 100G"
  },
  {
    "Brand_Product_Size": "Impressed Cold Pressed Ginger Ninja Juice 1L",
    "WOW Price": 5,
    "WOW Size": "1L",
    "WOW ppu": "$5.00 / 1L"
  },
  {
    "Brand_Product_Size": "My Dog Fillets In Gravy With Tender Chicken Wet Dog Food Trays 6 packx100g",
    "WOW Price": 8.5,
    "WOW Size": "6 packx100g",
    "WOW ppu": "$1.42 / 100G"
  },
  {
    "Brand_Product_Size": "South Cape Reduced Fat Tasmanian Fetta 200g",
    "WOW Price": 4,
    "WOW Size": "200g",
    "WOW ppu": "$20.00 / 1KG"
  },
  {
    "Brand_Product_Size": "South Cape Reduced Fat Tasmanian Fetta 200g",
    "WOW Price": 4,
    "WOW Size": "200g",
    "WOW ppu": "$20.00 / 1KG"
  },
  {
    "Brand_Product_Size": "Bickford's Lemon Barley Cordial 750mL",
    "WOW Price": 4,
    "WOW Size": "750mL",
    "WOW ppu": "$5.33 / 1L"
  },
  {
    "Brand_Product_Size": "Nexba Lime, Cucumber & Mint Sugar Free Tonic Water 1L",
    "WOW Price": 2.65,
    "WOW Size": "1L",
    "WOW ppu": "$2.65 / 1L"
  },
  {
    "Brand_Product_Size": "Mediterranean Delite Garlic Dip 200g",
    "WOW Price": 3.5,
    "WOW Size": "200g",
    "WOW ppu": "$1.75 / 100G"
  },
  {
    "Brand_Product_Size": "Health Rite Vegetable Salt 250g",
    "WOW Price": 2.49,
    "WOW Size": "250g",
    "WOW ppu": "$0.10 / 10G"
  },
  {
    "Brand_Product_Size": "Ferrero Rocher 3 pack",
    "WOW Price": 1.5,
    "WOW Size": "3 pack",
    "WOW ppu": "$4.00 / 100G"
  },
  {
    "Brand_Product_Size": "U By Kotex Ultrathin Overnight Pad Long 8 pack",
    "WOW Price": 3.2,
    "WOW Size": "8 pack",
    "WOW ppu": "$0.40 / 1EA"
  },
  {
    "Brand_Product_Size": "Fantastic Chicken & Corn Noodle Cup 70g",
    "WOW Price": 1,
    "WOW Size": "70g",
    "WOW ppu": "$1.43 / 100G"
  },
  {
    "Brand_Product_Size": "Riviana Bean Sprouts 200g",
    "WOW Price": 1.75,
    "WOW Size": "200g",
    "WOW ppu": "$8.75 / 1KG"
  },
  {
    "Brand_Product_Size": "Ocean Spray Fruit Sauce Cranberry Whole Berry 275g",
    "WOW Price": 3.6,
    "WOW Size": "275g",
    "WOW ppu": "$1.31 / 100G"
  },
  {
    "Brand_Product_Size": "Borg's Pastry Puff 6 Sheets 1kg",
    "WOW Price": 4.25,
    "WOW Size": "1kg",
    "WOW ppu": "$0.43 / 100G"
  },
  {
    "Brand_Product_Size": "L'oreal Paris Infallible Matte Primer 35mL",
    "WOW Price": 15,
    "WOW Size": "35mL",
    "WOW ppu": "$4.29 / 10ML"
  },
  {
    "Brand_Product_Size": "Bonds Ladies Cottontails Full Brief Modern Size 18 2 pack",
    "WOW Price": 20,
    "WOW Size": "2 pack",
    "WOW ppu": ""
  },
  {
    "Brand_Product_Size": "Nestle Milkybar 50g bar",
    "WOW Price": 1,
    "WOW Size": "50g bar",
    "WOW ppu": "$2.00 / 100G"
  },
  {
    "Brand_Product_Size": "Remedy Cherry Plum Kombucha 300mL",
    "WOW Price": 1.75,
    "WOW Size": "300mL",
    "WOW ppu": "$5.83 / 1L"
  },
  {
    "Brand_Product_Size": "Mersey Valley Classic Cheddar Cheese 235g",
    "WOW Price": 5.5,
    "WOW Size": "235g",
    "WOW ppu": "$23.40 / 1KG"
  },
  {
    "Brand_Product_Size": "Mersey Valley Classic Cheddar Cheese 235g",
    "WOW Price": 5.5,
    "WOW Size": "235g",
    "WOW ppu": "$23.40 / 1KG"
  },
  {
    "Brand_Product_Size": "Banana Boat Simply Protect Kids Spray 175g",
    "WOW Price": 17.5,
    "WOW Size": "175g",
    "WOW ppu": "$10.00 / 100G"
  },
  {
    "Brand_Product_Size": "Essentials Womens Socks Anklet Sport Size 8-11 3 pack",
    "WOW Price": 7,
    "WOW Size": "3 pack",
    "WOW ppu": "$2.33 / 1EA"
  },
  {
    "Brand_Product_Size": "Green's Pink Cupcakes Mix 490g",
    "WOW Price": 4,
    "WOW Size": "490g",
    "WOW ppu": "$0.82 / 100G"
  },
  {
    "Brand_Product_Size": "Betty Crocker Chocolate Cupcake Mix 450g",
    "WOW Price": 5.2,
    "WOW Size": "450g",
    "WOW ppu": "$1.16 / 100G"
  },
  {
    "Brand_Product_Size": "Gaviscon Dual Action Heartburn & Indigestion Relief Mixed Berry 16 pack",
    "WOW Price": 5.7,
    "WOW Size": "16 pack",
    "WOW ppu": "$0.36 / 1EA"
  },
  {
    "Brand_Product_Size": "Essentials Plastic Strips 100 pack",
    "WOW Price": 2,
    "WOW Size": "100 pack",
    "WOW ppu": "$0.02 / 1EA"
  },
  {
    "Brand_Product_Size": "Heinz Seriously Good Aioli Garlic Lover Squeezy Bottle 295mL",
    "WOW Price": 3.5,
    "WOW Size": "295mL",
    "WOW ppu": "$1.19 / 100ML"
  },
  {
    "Brand_Product_Size": "Woolworths Tomato Paste Sachet 4 pack",
    "WOW Price": 2,
    "WOW Size": "4 pack",
    "WOW ppu": "$1.00 / 100G"
  },
  {
    "Brand_Product_Size": "Masterfoods Cinnamon Ground 28g",
    "WOW Price": 2.6,
    "WOW Size": "28g",
    "WOW ppu": "$0.93 / 10G"
  },
  {
    "Brand_Product_Size": "Balnea Konjac Sponge each",
    "WOW Price": 5,
    "WOW Size": "each",
    "WOW ppu": "$5.00 / 1EA"
  },
  {
    "Brand_Product_Size": "Glade Limited Edition Sense & Spray Automatic Freshener each",
    "WOW Price": 9,
    "WOW Size": "each",
    "WOW ppu": "$75.00 / 100G"
  },
  {
    "Brand_Product_Size": "Sanitarium Weet-bix Breakfast Cereal 1.2kg",
    "WOW Price": 5,
    "WOW Size": "1.2kg",
    "WOW ppu": "$0.42 / 100G"
  },
  {
    "Brand_Product_Size": "Woolworths 100% Pure Coconut Water 1L",
    "WOW Price": 3.2,
    "WOW Size": "1L",
    "WOW ppu": "$3.20 / 1L"
  },
  {
    "Brand_Product_Size": "Zeiss Lens Wipes 50 pack",
    "WOW Price": 7,
    "WOW Size": "50 pack",
    "WOW ppu": "$0.14 / 1EA"
  },
  {
    "Brand_Product_Size": "Birds Eye South Atlantic Flathead 270g",
    "WOW Price": 10,
    "WOW Size": "270g",
    "WOW ppu": "$37.04 / 1KG"
  },
  {
    "Brand_Product_Size": "Bega Stringers Cheddar Cheese 8 pack",
    "WOW Price": 4.4,
    "WOW Size": "8 pack",
    "WOW ppu": "$27.50 / 1KG"
  },
  {
    "Brand_Product_Size": "Massel Gourmet Liquid Stock Vegetable 1L",
    "WOW Price": 2.5,
    "WOW Size": "1L",
    "WOW ppu": "$0.25 / 100ML"
  },
  {
    "Brand_Product_Size": "Lee Kum Kee Seasoned Soy Sauce 410mL",
    "WOW Price": 3,
    "WOW Size": "410mL",
    "WOW ppu": "$7.32 / 1L"
  },
  {
    "Brand_Product_Size": "Garnier Fructis Hair Food Smoothing Macadamia 390mL",
    "WOW Price": 7.2,
    "WOW Size": "390mL",
    "WOW ppu": "$1.85 / 100ML"
  },
  {
    "Brand_Product_Size": "L'oreal De Age Perfect Cleansing Milk Cleansing Milk 200mL",
    "WOW Price": 9,
    "WOW Size": "200mL",
    "WOW ppu": "$4.50 / 100ML"
  },
  {
    "Brand_Product_Size": "D'orsogna Tasty Sticks Peri Peri From The Deli per kg",
    "WOW Price": 22,
    "WOW Size": "per kg",
    "WOW ppu": "$22.00 / 1KG"
  },
  {
    "Brand_Product_Size": "Abc Chilli Sauce 335mL",
    "WOW Price": 2.75,
    "WOW Size": "335mL",
    "WOW ppu": "$0.82 / 100ML"
  },
  {
    "Brand_Product_Size": "Dairy Farmers Thick & Creamy Classic Vanilla Yoghurt 600g",
    "WOW Price": 4.5,
    "WOW Size": "600g",
    "WOW ppu": "$0.75 / 100G"
  },
  {
    "Brand_Product_Size": "Crave Turkey In Gravy Wet Cat Food 75g",
    "WOW Price": 2.2,
    "WOW Size": "75g",
    "WOW ppu": "$2.93 / 100G"
  },
  {
    "Brand_Product_Size": "Hydralyte Effervescent Electrolyte Tablets Orange 10 pack",
    "WOW Price": 8,
    "WOW Size": "10 pack",
    "WOW ppu": "$0.80 / 1EA"
  },
  {
    "Brand_Product_Size": "Sally Hansen Vitamin E Cuticle Oil 13.3mL",
    "WOW Price": 9,
    "WOW Size": "13.3mL",
    "WOW ppu": "$6.77 / 10ML"
  },
  {
    "Brand_Product_Size": "Woolworths Arborio Rice 1kg",
    "WOW Price": 2.7,
    "WOW Size": "1kg",
    "WOW ppu": "$0.27 / 100G"
  },
  {
    "Brand_Product_Size": "Nestle Bakers' Choice Milk Choc Bits Value Pack 375g",
    "WOW Price": 5.5,
    "WOW Size": "375g",
    "WOW ppu": "$1.47 / 100G"
  },
  {
    "Brand_Product_Size": "Rosella Organic Sweet Chilli Sauce 250g",
    "WOW Price": 6,
    "WOW Size": "250g",
    "WOW ppu": "$2.40 / 100G"
  },
  {
    "Brand_Product_Size": "Underworks Women's Invisible Socks 2 pack",
    "WOW Price": 6,
    "WOW Size": "2 pack",
    "WOW ppu": "$3.00 / 1EA"
  },
  {
    "Brand_Product_Size": "Hubbards Vanilla & Almond Toasted Clusters 450g",
    "WOW Price": 7,
    "WOW Size": "450g",
    "WOW ppu": "$1.56 / 100G"
  },
  {
    "Brand_Product_Size": "Manicare Straight Nail Scissors each",
    "WOW Price": 5.25,
    "WOW Size": "each",
    "WOW ppu": "$5.25 / 1EA"
  },
  {
    "Brand_Product_Size": "Nestle Bar One 55g",
    "WOW Price": 1.8,
    "WOW Size": "55g",
    "WOW ppu": "$3.27 / 100G"
  },
  {
    "Brand_Product_Size": "Heinz Soup Of The Day Pouch Tom Veg & Lentil 430g",
    "WOW Price": 3,
    "WOW Size": "430g",
    "WOW ppu": "$0.70 / 100G"
  },
  {
    "Brand_Product_Size": "Maggi Oyster Sauce 275mL",
    "WOW Price": 3,
    "WOW Size": "275mL",
    "WOW ppu": "$1.09 / 100ML"
  },
  {
    "Brand_Product_Size": "Old El Paso Stand 'n Stuff Mini Tortillas 12 pack",
    "WOW Price": 4.8,
    "WOW Size": "12 pack",
    "WOW ppu": "$3.31 / 100G"
  },
  {
    "Brand_Product_Size": "Sup Fit - Fuel Ignite Train Supplements 30 pack",
    "WOW Price": 13.8,
    "WOW Size": "30 pack",
    "WOW ppu": "$46.00 / 100EA"
  },
  {
    "Brand_Product_Size": "Vitasoy Prebiotic Almond Milk 1L",
    "WOW Price": 3.6,
    "WOW Size": "1L",
    "WOW ppu": "$3.60 / 1L"
  },
  {
    "Brand_Product_Size": "Vitasoy Prebiotic Almond Milk 1L",
    "WOW Price": 3.6,
    "WOW Size": "1L",
    "WOW ppu": "$3.60 / 1L"
  },
  {
    "Brand_Product_Size": "Champagne Leg Ham Sliced From The Deli per kg",
    "WOW Price": 19,
    "WOW Size": "per kg",
    "WOW ppu": "$19.00 / 1KG"
  },
  {
    "Brand_Product_Size": "Extra Spearmint Chewing Gum Sugar Free 27g",
    "WOW Price": 1.8,
    "WOW Size": "27g",
    "WOW ppu": "$6.67 / 100G"
  },
  {
    "Brand_Product_Size": "My Dog Fish Sardine & Tuna With Spring Vegetables Dog Food Can 400g",
    "WOW Price": 1.8,
    "WOW Size": "400g",
    "WOW ppu": "$0.45 / 100G"
  },
  {
    "Brand_Product_Size": "Mitchum Clinical Gel 48h Cool Fresh Antiperspirant & Deodorant 57g",
    "WOW Price": 10,
    "WOW Size": "57g",
    "WOW ppu": "$17.54 / 100G"
  },
  {
    "Brand_Product_Size": "Woolworths Yellowfin Tuna In Oil 95g",
    "WOW Price": 1.3,
    "WOW Size": "95g",
    "WOW ppu": "$13.68 / 1KG"
  },
  {
    "Brand_Product_Size": "Cetaphil Oily Skin Cleanser, Oily & Combination Skin 500mL",
    "WOW Price": 16.5,
    "WOW Size": "500mL",
    "WOW ppu": "$3.30 / 100ML"
  },
  {
    "Brand_Product_Size": "Multix Alfoil 30cm X 60m Traditional Strength each",
    "WOW Price": 10,
    "WOW Size": "each",
    "WOW ppu": "$0.17 / 1M"
  },
  {
    "Brand_Product_Size": "Barrs Bubblegum Drink 330mL",
    "WOW Price": 2.35,
    "WOW Size": "330mL",
    "WOW ppu": "$0.71 / 100ML"
  },
  {
    "Brand_Product_Size": "Gourmet Delight With Tuna Fillets Whitebait 80g",
    "WOW Price": 1.2,
    "WOW Size": "80g",
    "WOW ppu": "$1.50 / 100G"
  },
  {
    "Brand_Product_Size": "Noshu 99% Sugar Free Rich Chocolate Cake Mix 540g",
    "WOW Price": 8,
    "WOW Size": "540g",
    "WOW ppu": "$1.48 / 100G"
  },
  {
    "Brand_Product_Size": "Selleys Adhesive Araldite 5 Minute Dispenser 24mL",
    "WOW Price": 11.5,
    "WOW Size": "24mL",
    "WOW ppu": "$47.92 / 100ML"
  },
  {
    "Brand_Product_Size": "Carefree Flexia Super Tampons Tampons 32 pack",
    "WOW Price": 7,
    "WOW Size": "32 pack",
    "WOW ppu": "$0.22 / 1EA"
  },
  {
    "Brand_Product_Size": "Korbond Travel Sewing Kit each",
    "WOW Price": 5,
    "WOW Size": "each",
    "WOW ppu": ""
  },
  {
    "Brand_Product_Size": "First Response Digital Pregnancy Test 2 pack",
    "WOW Price": 23,
    "WOW Size": "2 pack",
    "WOW ppu": "$11.50 / 1EA"
  },
  {
    "Brand_Product_Size": "Pepsi Max Mango Bottle 1.25mL",
    "WOW Price": 2.35,
    "WOW Size": "1.25mL",
    "WOW ppu": "$1.88 / 1L"
  },
  {
    "Brand_Product_Size": "T2 English Breakfast Black Tea Bags 25 pack",
    "WOW Price": 12,
    "WOW Size": "25 pack",
    "WOW ppu": "$0.48 / 1EA"
  },
  {
    "Brand_Product_Size": "T2 English Breakfast Black Tea Bags 25 pack",
    "WOW Price": 12,
    "WOW Size": "25 pack",
    "WOW ppu": "$0.48 / 1EA"
  },
  {
    "Brand_Product_Size": "Philips Starter For Fluoro Tube 4-65w 2 pack",
    "WOW Price": 2.6,
    "WOW Size": "2 pack",
    "WOW ppu": "$1.30 / 1EA"
  },
  {
    "Brand_Product_Size": "Moki Life Car Charger 2.4amp each",
    "WOW Price": 12,
    "WOW Size": "each",
    "WOW ppu": ""
  },
  {
    "Brand_Product_Size": "Freshwater Farm Australia Hemp Seed Oil Hydrating Body Bar 200g",
    "WOW Price": 4.5,
    "WOW Size": "200g",
    "WOW ppu": "$2.25 / 100G"
  },
  {
    "Brand_Product_Size": "Schwarzkopf Colour Specialist 3.0 Imperial Brown each",
    "WOW Price": 9.5,
    "WOW Size": "each",
    "WOW ppu": "$9.50 / 1EA"
  },
  {
    "Brand_Product_Size": "Hinkler 5 Piece Pencil Sets each",
    "WOW Price": 6,
    "WOW Size": "each",
    "WOW ppu": ""
  },
  {
    "Brand_Product_Size": "Bonne Maman Orange Marmalade 370g",
    "WOW Price": 5.2,
    "WOW Size": "370g",
    "WOW ppu": "$1.41 / 100G"
  },
  {
    "Brand_Product_Size": "Bulla Creamy Classics Ice Cream Cookies & Cream 2L tub",
    "WOW Price": 4.25,
    "WOW Size": "2L tub",
    "WOW ppu": "$0.21 / 100ML"
  },
  {
    "Brand_Product_Size": "Masterfoods Garlic Granules 50g",
    "WOW Price": 2.9,
    "WOW Size": "50g",
    "WOW ppu": "$0.58 / 10G"
  },
  {
    "Brand_Product_Size": "Macro Organic Red Kidney Beans 425g",
    "WOW Price": 1.3,
    "WOW Size": "425g",
    "WOW ppu": "$0.31 / 100G"
  },
  {
    "Brand_Product_Size": "Nestle Kitkat Chunky Bar 50g",
    "WOW Price": 1,
    "WOW Size": "50g",
    "WOW ppu": "$2.00 / 100G"
  },
  {
    "Brand_Product_Size": "Dairyworks Garlic & Sea Salt Butter 100g",
    "WOW Price": 2.5,
    "WOW Size": "100g",
    "WOW ppu": "$2.50 / 100G"
  },
  {
    "Brand_Product_Size": "Maybelline Tattoo Brow 36hr Pencil Soft Brown 5mL",
    "WOW Price": 11.5,
    "WOW Size": "5mL",
    "WOW ppu": ""
  },
  {
    "Brand_Product_Size": "Morning Fresh Dishwashing Liquid Lemon Super Strength 900mL",
    "WOW Price": 3.75,
    "WOW Size": "900mL",
    "WOW ppu": "$0.42 / 100ML"
  },
  {
    "Brand_Product_Size": "Ayam Oyster Sauce 210mL",
    "WOW Price": 3.5,
    "WOW Size": "210mL",
    "WOW ppu": "$1.67 / 100ML"
  },
  {
    "Brand_Product_Size": "Wicked Sister Vanilla Bean Creme Caramel 2x150g",
    "WOW Price": 2.1,
    "WOW Size": "2x150g",
    "WOW ppu": "$0.70 / 100G"
  },
  {
    "Brand_Product_Size": "Hasbro Baby Alive Doll Lil Sips Baby Assorted each",
    "WOW Price": 20,
    "WOW Size": "each",
    "WOW ppu": ""
  },
  {
    "Brand_Product_Size": "Mitchum Women Roll-on Antiperspirant & Deodorant 50mL",
    "WOW Price": 3.8,
    "WOW Size": "50mL",
    "WOW ppu": "$7.60 / 100ML"
  },
  {
    "Brand_Product_Size": "The Natural Confectionery Co. Fruit Basket Reduced Sugar Lollies 220g",
    "WOW Price": 3,
    "WOW Size": "220g",
    "WOW ppu": "$1.36 / 100G"
  },
  {
    "Brand_Product_Size": "Essentials Bamboo Chopsticks 6 pack",
    "WOW Price": 2,
    "WOW Size": "6 pack",
    "WOW ppu": ""
  },
  {
    "Brand_Product_Size": "Catsan Natural Clumping Cat Litter 8L",
    "WOW Price": 18,
    "WOW Size": "8L",
    "WOW ppu": "$2.25 / 1L"
  },
  {
    "Brand_Product_Size": "Absolutely Wrapped Meat Lovers Platter each",
    "WOW Price": 35,
    "WOW Size": "each",
    "WOW ppu": ""
  },
  {
    "Brand_Product_Size": "Woolworths Jumbo Cooked Tiger Prawns 3kg",
    "WOW Price": 111,
    "WOW Size": "3kg",
    "WOW ppu": "$37.00 / 1KG"
  },
  {
    "Brand_Product_Size": "Ecotools Enhancing Eye Set each",
    "WOW Price": 9.45,
    "WOW Size": "each",
    "WOW ppu": ""
  },
  {
    "Brand_Product_Size": "Kraft Light Cheese Singles 432g",
    "WOW Price": 7.5,
    "WOW Size": "432g",
    "WOW ppu": "$17.36 / 1KG"
  },
  {
    "Brand_Product_Size": "Kraft Light Cheese Singles 432g",
    "WOW Price": 7.5,
    "WOW Size": "432g",
    "WOW ppu": "$17.36 / 1KG"
  },
  {
    "Brand_Product_Size": "Woolworths Evaporated Milk 385mL",
    "WOW Price": 1.9,
    "WOW Size": "385mL",
    "WOW ppu": "$4.94 / 1L"
  },
  {
    "Brand_Product_Size": "Woolworths Evaporated Milk 385mL",
    "WOW Price": 1.9,
    "WOW Size": "385mL",
    "WOW ppu": "$4.94 / 1L"
  },
  {
    "Brand_Product_Size": "Woolworths Evaporated Milk 385mL",
    "WOW Price": 1.9,
    "WOW Size": "385mL",
    "WOW ppu": "$4.94 / 1L"
  },
  {
    "Brand_Product_Size": "Pasta Italia Beef Lasagne 800g",
    "WOW Price": 15,
    "WOW Size": "800g",
    "WOW ppu": "$1.88 / 100G"
  },
  {
    "Brand_Product_Size": "Clairol Nice'n Easy Repair Light Auburn 6r each",
    "WOW Price": 16,
    "WOW Size": "each",
    "WOW ppu": ""
  },
  {
    "Brand_Product_Size": "Leggos Pasta Sauce Carbonara 490g",
    "WOW Price": 3,
    "WOW Size": "490g",
    "WOW ppu": "$0.61 / 100G"
  },
  {
    "Brand_Product_Size": "Angas Park Good To Go Cheese And Olive 40g",
    "WOW Price": 3,
    "WOW Size": "40g",
    "WOW ppu": "$75.00 / 1KG"
  },
  {
    "Brand_Product_Size": "Minchinbury Rose Blush Cuvee 24x200mL",
    "WOW Price": 110,
    "WOW Size": "24x200mL",
    "WOW ppu": ""
  },
  {
    "Brand_Product_Size": "Bx Earth Vanilla Caramel Candle Reed Diffuser 150mL",
    "WOW Price": 15,
    "WOW Size": "150mL",
    "WOW ppu": "$10.00 / 100ML"
  },
  {
    "Brand_Product_Size": "Nescafe Gold Instant Coffee Refill Soft Sachet 320g",
    "WOW Price": 14,
    "WOW Size": "320g",
    "WOW ppu": "$4.38 / 100G"
  },
  {
    "Brand_Product_Size": "Nescafe Gold Instant Coffee Refill Soft Sachet 320g",
    "WOW Price": 14,
    "WOW Size": "320g",
    "WOW ppu": "$4.38 / 100G"
  },
  {
    "Brand_Product_Size": "Gardein Golden Fishless Filets 288g",
    "WOW Price": 9.6,
    "WOW Size": "288g",
    "WOW ppu": "$3.33 / 100G"
  },
  {
    "Brand_Product_Size": "Remington G2 Graphite Multi Grooming Kit each",
    "WOW Price": 39,
    "WOW Size": "each",
    "WOW ppu": ""
  },
  {
    "Brand_Product_Size": "Toni & Guy Cleanse Instant Refresh Dry Shampoo 250mL",
    "WOW Price": 16,
    "WOW Size": "250mL",
    "WOW ppu": "$6.40 / 100ML"
  },
  {
    "Brand_Product_Size": "Hill St Seed Cracker Baking Mix 160g",
    "WOW Price": 6.5,
    "WOW Size": "160g",
    "WOW ppu": "$4.06 / 100G"
  },
  {
    "Brand_Product_Size": "Pasta Italia Gourmet Roasted Pumpkin Ravioli 400g",
    "WOW Price": 12,
    "WOW Size": "400g",
    "WOW ppu": "$3.00 / 100G"
  },
  {
    "Brand_Product_Size": "Squeek Musical Pull String each",
    "WOW Price": 15,
    "WOW Size": "each",
    "WOW ppu": "$15.00 / 1EA"
  },
  {
    "Brand_Product_Size": "Olsent Led Gu10 6w 500lm Ww 60' 3000k 60' 2 pack",
    "WOW Price": 10,
    "WOW Size": "2 pack",
    "WOW ppu": "$5.00 / 1EA"
  },
  {
    "Brand_Product_Size": "Wel Pac Dried Cut Seaweed 56.7g",
    "WOW Price": 3.5,
    "WOW Size": "56.7g",
    "WOW ppu": "$6.17 / 100G"
  },
  {
    "Brand_Product_Size": "Calidad Brother 38/39/67 Bcmy 4 pack",
    "WOW Price": 55,
    "WOW Size": "4 pack",
    "WOW ppu": ""
  },
  {
    "Brand_Product_Size": "Undo Deep Clean Refresher Laundry Liquid 2L",
    "WOW Price": 16,
    "WOW Size": "2L",
    "WOW ppu": "$8.00 / 1L"
  },
  {
    "Brand_Product_Size": "Prime Pantry Nibbles Duck Cat Treat 40g",
    "WOW Price": 3,
    "WOW Size": "40g",
    "WOW ppu": "$7.50 / 100G"
  },
  {
    "Brand_Product_Size": "Honeydew Large haLf each",
    "WOW Price": 2.45,
    "WOW Size": "haLf each",
    "WOW ppu": "$2.45 / 1EA"
  },
  {
    "Brand_Product_Size": "Honeydew Large haLf each",
    "WOW Price": 2.45,
    "WOW Size": "haLf each",
    "WOW ppu": "$2.45 / 1EA"
  },
  {
    "Brand_Product_Size": "Fresh Tasmanian Atlantic Skin Off Salmon 2.5kg",
    "WOW Price": 72.5,
    "WOW Size": "2.5kg",
    "WOW ppu": ""
  },
  {
    "Brand_Product_Size": "Tadim Sunflower Seed Extra Salted 330g",
    "WOW Price": 5.7,
    "WOW Size": "330g",
    "WOW ppu": "$1.73 / 100G"
  },
  {
    "Brand_Product_Size": "Nestle Sweet Cream Kashta 170g",
    "WOW Price": 2.6,
    "WOW Size": "170g",
    "WOW ppu": "$1.53 / 100G"
  },
  {
    "Brand_Product_Size": "Katoomba Borlotti Beans Dry 1kg",
    "WOW Price": 4,
    "WOW Size": "1kg",
    "WOW ppu": "$0.40 / 100G"
  },
  {
    "Brand_Product_Size": "Green Leaf Mixed Rice Crackers 350g",
    "WOW Price": 4.5,
    "WOW Size": "350g",
    "WOW ppu": "$1.29 / 100G"
  },
  {
    "Brand_Product_Size": "Tadim Roasted Sunflower Seeds 330g",
    "WOW Price": 5.7,
    "WOW Size": "330g",
    "WOW ppu": "$1.73 / 100G"
  },
  {
    "Brand_Product_Size": "Green Leaf Natural Dates 250g",
    "WOW Price": 2.5,
    "WOW Size": "250g",
    "WOW ppu": "$1.00 / 100G"
  },
  {
    "Brand_Product_Size": "Katoomba Great Northern Beans Dry 1kg",
    "WOW Price": 4,
    "WOW Size": "1kg",
    "WOW ppu": "$0.40 / 100G"
  },
  {
    "Brand_Product_Size": "Nuh'un Capellini Tel Sehriye Pasta 500g",
    "WOW Price": 2,
    "WOW Size": "500g",
    "WOW ppu": "$0.40 / 100G"
  },
  {
    "Brand_Product_Size": "Damla Assorted Soft Fruit Filled Lollies 300g",
    "WOW Price": 3,
    "WOW Size": "300g",
    "WOW ppu": "$1.00 / 100G"
  },
  {
    "Brand_Product_Size": "Queen Diamond Dates Pitted 250g",
    "WOW Price": 1.1,
    "WOW Size": "250g",
    "WOW ppu": "$0.44 / 100G"
  },
  {
    "Brand_Product_Size": "Eti Tea Biscuits Classic Snack 400g",
    "WOW Price": 2,
    "WOW Size": "400g",
    "WOW ppu": "$0.50 / 100G"
  },
  {
    "Brand_Product_Size": "Royal Fields Tomato Paste 700g",
    "WOW Price": 4,
    "WOW Size": "700g",
    "WOW ppu": "$0.57 / 100G"
  },
  {
    "Brand_Product_Size": "Eti Finger Biscuit Snack 450g",
    "WOW Price": 3.5,
    "WOW Size": "450g",
    "WOW ppu": "$0.78 / 100G"
  },
  {
    "Brand_Product_Size": "Zwan Chicken Hotdogs Halal 200g",
    "WOW Price": 3.8,
    "WOW Size": "200g",
    "WOW ppu": "$1.90 / 100G"
  },
  {
    "Brand_Product_Size": "Zwan Luncheon Meat Halal Chicken 850g",
    "WOW Price": 9.5,
    "WOW Size": "850g",
    "WOW ppu": "$1.12 / 100G"
  },
  {
    "Brand_Product_Size": "Zwan Chicken Luncheon Meat Halal 200g",
    "WOW Price": 3.5,
    "WOW Size": "200g",
    "WOW ppu": "$1.75 / 100G"
  },
  {
    "Brand_Product_Size": "Green Leaf Pomegranate Molasses 500mL",
    "WOW Price": 6.5,
    "WOW Size": "500mL",
    "WOW ppu": "$1.30 / 100ML"
  },
  {
    "Brand_Product_Size": "Green Leaf Pickled Turnips 1kg",
    "WOW Price": 3.95,
    "WOW Size": "1kg",
    "WOW ppu": "$0.40 / 100G"
  },
  {
    "Brand_Product_Size": "Green Leaf Blossom Water 500mL",
    "WOW Price": 4.65,
    "WOW Size": "500mL",
    "WOW ppu": "$0.93 / 100ML"
  },
  {
    "Brand_Product_Size": "Al Barakah Date Syrup Squeeze 400g",
    "WOW Price": 4,
    "WOW Size": "400g",
    "WOW ppu": "$1.00 / 100G"
  },
  {
    "Brand_Product_Size": "Second House Falafel Mix 200g",
    "WOW Price": 3,
    "WOW Size": "200g",
    "WOW ppu": "$1.50 / 100G"
  },
  {
    "Brand_Product_Size": "Second House Mohalabiah Mix 200g",
    "WOW Price": 2.8,
    "WOW Size": "200g",
    "WOW ppu": "$1.40 / 100G"
  },
  {
    "Brand_Product_Size": "Green Leaf Lemon Juice Substitute 1L",
    "WOW Price": 2.25,
    "WOW Size": "1L",
    "WOW ppu": "$0.23 / 100ML"
  },
  {
    "Brand_Product_Size": "Puck Cream Cheese 500g",
    "WOW Price": 9,
    "WOW Size": "500g",
    "WOW ppu": "$1.80 / 100G"
  },
  {
    "Brand_Product_Size": "Target Corned Beef Halal 340g",
    "WOW Price": 5,
    "WOW Size": "340g",
    "WOW ppu": "$1.47 / 100G"
  },
  {
    "Brand_Product_Size": "Green Hill Tahina 908g",
    "WOW Price": 10,
    "WOW Size": "908g",
    "WOW ppu": "$1.10 / 100G"
  },
  {
    "Brand_Product_Size": "Green Hill Halawa Extra Plain 454g",
    "WOW Price": 7.5,
    "WOW Size": "454g",
    "WOW ppu": "$1.65 / 100G"
  },
  {
    "Brand_Product_Size": "Green Hill Halawa Extra With Pistachio 454g",
    "WOW Price": 7.5,
    "WOW Size": "454g",
    "WOW ppu": "$1.65 / 100G"
  },
  {
    "Brand_Product_Size": "Green Hill Bulgur White Fine 1kg",
    "WOW Price": 2,
    "WOW Size": "1kg",
    "WOW ppu": "$0.20 / 100G"
  },
  {
    "Brand_Product_Size": "Green Hill Bulgur Brown Coarse 1kg",
    "WOW Price": 2,
    "WOW Size": "1kg",
    "WOW ppu": "$0.20 / 100G"
  },
  {
    "Brand_Product_Size": "Green Hill Bulgur White Coarse 1kg",
    "WOW Price": 2,
    "WOW Size": "1kg",
    "WOW ppu": "$0.20 / 100G"
  },
  {
    "Brand_Product_Size": "Green Leaf Plain Fava Beans Medammas 400g",
    "WOW Price": 1.3,
    "WOW Size": "400g",
    "WOW ppu": "$0.33 / 100G"
  },
  {
    "Brand_Product_Size": "Kushi Jelly Drinks 75g x12 pack",
    "WOW Price": 2,
    "WOW Size": "75g x12 pack",
    "WOW ppu": "$0.22 / 100G"
  },
  {
    "Brand_Product_Size": "Royal Fields Seeds Sesame 500g",
    "WOW Price": 3.5,
    "WOW Size": "500g",
    "WOW ppu": ""
  },
  {
    "Brand_Product_Size": "Green Leaf Fava Beans & Chickpeas Lebanese Recipe 400g",
    "WOW Price": 1.3,
    "WOW Size": "400g",
    "WOW ppu": "$0.33 / 100G"
  },
  {
    "Brand_Product_Size": "Mcvitie's Go Ahead Crispy Slices Sultana & Apple (5x3pk) 218g",
    "WOW Price": 1.97,
    "WOW Size": "218g",
    "WOW ppu": "$0.90 / 100G"
  },
  {
    "Brand_Product_Size": "Kettle Chunky Roasted Tomato & Herb 150g",
    "WOW Price": 3.25,
    "WOW Size": "150g",
    "WOW ppu": "$2.17 / 100G"
  },
  {
    "Brand_Product_Size": "Cadbury Favourites Dark Edition 352g",
    "WOW Price": 7,
    "WOW Size": "352g",
    "WOW ppu": "$1.99 / 100G"
  },
  {
    "Brand_Product_Size": "L'oreal Paris Preference 5.23 Very Deep Rose Gold each",
    "WOW Price": 11.4,
    "WOW Size": "each",
    "WOW ppu": ""
  },
  {
    "Brand_Product_Size": "Olina's Simply Seed Crackers Rosemary 80g",
    "WOW Price": 3.5,
    "WOW Size": "80g",
    "WOW ppu": "$4.38 / 100G"
  },
  {
    "Brand_Product_Size": "Dove Shampoo Dermacare Anti Dandruff Clean & Fresh 300mL",
    "WOW Price": 5.5,
    "WOW Size": "300mL",
    "WOW ppu": "$1.83 / 100ML"
  },
  {
    "Brand_Product_Size": "Uncle Tobys Rolled Oats Delicious Blends Almond, Currant & Maple 320g",
    "WOW Price": 5.5,
    "WOW Size": "320g",
    "WOW ppu": "$1.72 / 100G"
  },
  {
    "Brand_Product_Size": "Mint Cake Server each",
    "WOW Price": 1,
    "WOW Size": "each",
    "WOW ppu": ""
  },
  {
    "Brand_Product_Size": "Mccormicks Organic Garlic Powder 17g",
    "WOW Price": 2,
    "WOW Size": "17g",
    "WOW ppu": "$1.18 / 10G"
  },
  {
    "Brand_Product_Size": "Cadbury Old Gold Dark Chocolate Original 180g",
    "WOW Price": 4.5,
    "WOW Size": "180g",
    "WOW ppu": "$2.50 / 100G"
  },
  {
    "Brand_Product_Size": "Avocado Hass 3 pack",
    "WOW Price": 7,
    "WOW Size": "3 pack",
    "WOW ppu": "$2.33 / 1EA"
  },
  {
    "Brand_Product_Size": "Clairol Nice'n Easy Repair Dark Brown 4 each",
    "WOW Price": 16,
    "WOW Size": "each",
    "WOW ppu": ""
  },
  {
    "Brand_Product_Size": "Laucke Multigrain Bread Mix 5kg",
    "WOW Price": 16,
    "WOW Size": "5kg",
    "WOW ppu": "$3.20 / 1KG"
  },
  {
    "Brand_Product_Size": "San Remo Fettuccine Curly Pasta No 80 500g",
    "WOW Price": 2.6,
    "WOW Size": "500g",
    "WOW ppu": "$0.52 / 100G"
  },
  {
    "Brand_Product_Size": "Minchinbury Rose Blush Cuvee 4x200mL",
    "WOW Price": 16,
    "WOW Size": "4x200mL",
    "WOW ppu": ""
  },
  {
    "Brand_Product_Size": "The Apple Press Jazz Cold Pressed Apple 1.5L",
    "WOW Price": 5.5,
    "WOW Size": "1.5L",
    "WOW ppu": "$3.67 / 1L"
  },
  {
    "Brand_Product_Size": "Pasta Italia Gourmet Spinach & Ricotta Ravioli 400g",
    "WOW Price": 12,
    "WOW Size": "400g",
    "WOW ppu": "$3.00 / 100G"
  },
  {
    "Brand_Product_Size": "Woolworths Cook Lamb Shoulder With Garlic & Rosemary 550g - 900g",
    "WOW Price": 21.6,
    "WOW Size": "550g - 900g",
    "WOW ppu": "$24.00 / 1KG"
  },
  {
    "Brand_Product_Size": "Capilano Pure Honey 250g",
    "WOW Price": 5.2,
    "WOW Size": "250g",
    "WOW ppu": "$2.08 / 100G"
  },
  {
    "Brand_Product_Size": "Pumpkin Jarrahdale Grey Cut each",
    "WOW Price": 4,
    "WOW Size": "each",
    "WOW ppu": "$4.00 / 1EA"
  },
  {
    "Brand_Product_Size": "Woolworths Pane Di Casa Light Rye Roll 4 pack",
    "WOW Price": 3,
    "WOW Size": "4 pack",
    "WOW ppu": "$0.75 / 1EA"
  },
  {
    "Brand_Product_Size": "Bekaa Ayran Yoghurt 1L",
    "WOW Price": 4,
    "WOW Size": "1L",
    "WOW ppu": "$4.00 / 1L"
  },
  {
    "Brand_Product_Size": "From The Deli Seafood Platter For Two each",
    "WOW Price": 25,
    "WOW Size": "each",
    "WOW ppu": ""
  },
  {
    "Brand_Product_Size": "Woolworths Fillets Thawed Freshwater Basa 5kg",
    "WOW Price": 50,
    "WOW Size": "5kg",
    "WOW ppu": "$10.00 / 1KG"
  },
  {
    "Brand_Product_Size": "Freedom Farms Southern Style Buttermilk Pops 400g",
    "WOW Price": 7.5,
    "WOW Size": "400g",
    "WOW ppu": "$18.75 / 1KG"
  },
  {
    "Brand_Product_Size": "Energizer Phone Case Iphone 11 each",
    "WOW Price": 20,
    "WOW Size": "each",
    "WOW ppu": ""
  },
  {
    "Brand_Product_Size": "Decor Bamboo Salad Bowl each",
    "WOW Price": 6,
    "WOW Size": "each",
    "WOW ppu": "$6.00 / 1EA"
  },
  {
    "Brand_Product_Size": "Green's Gravy Granules For Roast Meat 120g",
    "WOW Price": 3.8,
    "WOW Size": "120g",
    "WOW ppu": "$0.32 / 10G"
  },
  {
    "Brand_Product_Size": "Hot Topic Baby Shark Smock Bib each",
    "WOW Price": 15,
    "WOW Size": "each",
    "WOW ppu": "$15.00 / 1EA"
  },
  {
    "Brand_Product_Size": "Fresh Barramundi Fillets Teriyaki Ginger per kg",
    "WOW Price": 33,
    "WOW Size": "per kg",
    "WOW ppu": "$33.00 / 1KG"
  },
  {
    "Brand_Product_Size": "Woolworths Butternut Pumpkin Cut each",
    "WOW Price": 2.2,
    "WOW Size": "each",
    "WOW ppu": "$2.20 / 1EA"
  },
  {
    "Brand_Product_Size": "Redds Micros Shot Cups 60ml 50 pack",
    "WOW Price": 4,
    "WOW Size": "50 pack",
    "WOW ppu": ""
  },
  {
    "Brand_Product_Size": "Lynx Limited Edition Deodorant Bodyspray 165mL",
    "WOW Price": 3.5,
    "WOW Size": "165mL",
    "WOW ppu": "$2.12 / 100ML"
  },
  {
    "Brand_Product_Size": "Woolworths Green Cabbage haLf each",
    "WOW Price": 3.5,
    "WOW Size": "haLf each",
    "WOW ppu": "$3.50 / 1EA"
  },
  {
    "Brand_Product_Size": "Bega Tasty Stick Cheese 160g",
    "WOW Price": 4.4,
    "WOW Size": "160g",
    "WOW ppu": "$27.50 / 1KG"
  },
  {
    "Brand_Product_Size": "Nestle Milkybar Whirl Chocolate Block 170g",
    "WOW Price": 3,
    "WOW Size": "170g",
    "WOW ppu": "$1.76 / 100G"
  },
  {
    "Brand_Product_Size": "Bar None Shampoo Normal Hair 400mL",
    "WOW Price": 20,
    "WOW Size": "400mL",
    "WOW ppu": "$5.00 / 100ML"
  },
  {
    "Brand_Product_Size": "Bertocchi Double Smoked Ham Off The Bone Freshly Shaved From The Deli per kg",
    "WOW Price": 31.5,
    "WOW Size": "per kg",
    "WOW ppu": "$31.50 / 1KG"
  },
  {
    "Brand_Product_Size": "Purina One Adult Sensitive Salmon Dry Cat Food 1.5kg",
    "WOW Price": 15,
    "WOW Size": "1.5kg",
    "WOW ppu": "$1.00 / 100G"
  },
  {
    "Brand_Product_Size": "From The Deli Entertainers Platter each",
    "WOW Price": 55,
    "WOW Size": "each",
    "WOW ppu": ""
  },
  {
    "Brand_Product_Size": "Monster Ultra Paradise Energy Drink 4 pack",
    "WOW Price": 12.5,
    "WOW Size": "4 pack",
    "WOW ppu": "$6.25 / 1L"
  },
  {
    "Brand_Product_Size": "Arnott's Tim Tam Crafted Collection Murray River Salted Caramel 160g",
    "WOW Price": 4,
    "WOW Size": "160g",
    "WOW ppu": "$2.29 / 100G"
  },
  {
    "Brand_Product_Size": "Mckenzie's Yellow Split Pea Flour 330g",
    "WOW Price": 3.6,
    "WOW Size": "330g",
    "WOW ppu": "$1.09 / 100G"
  },
  {
    "Brand_Product_Size": "Chevron Aaa Batteries Alkaline 10 pack",
    "WOW Price": 5,
    "WOW Size": "10 pack",
    "WOW ppu": "$0.50 / 1EA"
  },
  {
    "Brand_Product_Size": "Glow Lab Leave In Conditioner 120mL",
    "WOW Price": 18,
    "WOW Size": "120mL",
    "WOW ppu": "$15.00 / 100ML"
  },
  {
    "Brand_Product_Size": "Carman's Classic Fruit & Nut Muesli 500g",
    "WOW Price": 4.5,
    "WOW Size": "500g",
    "WOW ppu": "$0.90 / 100G"
  },
  {
    "Brand_Product_Size": "Hercules Sustain Compostable Paper Snack Sealable Bags 40 pack",
    "WOW Price": 3,
    "WOW Size": "40 pack",
    "WOW ppu": "$0.08 / 1EA"
  },
  {
    "Brand_Product_Size": "Four Seasons Aloe Vera Lubricant Water Based 200mL",
    "WOW Price": 8.9,
    "WOW Size": "200mL",
    "WOW ppu": "$4.45 / 100ML"
  },
  {
    "Brand_Product_Size": "Mentholatum Ice Cold Patches 4 pack",
    "WOW Price": 7.2,
    "WOW Size": "4 pack",
    "WOW ppu": "$14.40 / 100G"
  },
  {
    "Brand_Product_Size": "Remedy Ginger Lemon Kombucha 300mL",
    "WOW Price": 2.5,
    "WOW Size": "300mL",
    "WOW ppu": "$8.33 / 1L"
  },
  {
    "Brand_Product_Size": "Masterfoods Seafood Sauce Tartare 220g",
    "WOW Price": 1.9,
    "WOW Size": "220g",
    "WOW ppu": "$0.86 / 100G"
  },
  {
    "Brand_Product_Size": "Crisco Canola Oil 750mL",
    "WOW Price": 3.45,
    "WOW Size": "750mL",
    "WOW ppu": "$0.46 / 100ML"
  },
  {
    "Brand_Product_Size": "Colgate Sensitive Teeth Multi Protection Fluoride Toothpaste 110g",
    "WOW Price": 4,
    "WOW Size": "110g",
    "WOW ppu": "$3.64 / 100G"
  },
  {
    "Brand_Product_Size": "Masterfoods Garlic & Chilli Sauce 250mL",
    "WOW Price": 2.45,
    "WOW Size": "250mL",
    "WOW ppu": "$0.98 / 100ML"
  },
  {
    "Brand_Product_Size": "Lao Gan Ma Chilli Oil Three Ting 210g",
    "WOW Price": 2.7,
    "WOW Size": "210g",
    "WOW ppu": "$1.29 / 100G"
  },
  {
    "Brand_Product_Size": "Pascall Marshmallows Pink White Lollies Large Bag 520g",
    "WOW Price": 5,
    "WOW Size": "520g",
    "WOW ppu": "$0.96 / 100G"
  },
  {
    "Brand_Product_Size": "U By Kotex Cotton Liners 26 pack",
    "WOW Price": 2.8,
    "WOW Size": "26 pack",
    "WOW ppu": "$0.11 / 1EA"
  },
  {
    "Brand_Product_Size": "Always Discreet Small For Bladder Leaks 20 pack",
    "WOW Price": 4.8,
    "WOW Size": "20 pack",
    "WOW ppu": "$0.24 / 1EA"
  },
  {
    "Brand_Product_Size": "Schwarzkopf Extra Care Shampoo Push Up Volume Hair Repair 400mL",
    "WOW Price": 4.8,
    "WOW Size": "400mL",
    "WOW ppu": "$1.20 / 100ML"
  },
  {
    "Brand_Product_Size": "Sup Stress Less 30 pack",
    "WOW Price": 15,
    "WOW Size": "30 pack",
    "WOW ppu": "$50.00 / 100EA"
  },
  {
    "Brand_Product_Size": "Macro Organic Spaghetti Pasta 500g",
    "WOW Price": 1.65,
    "WOW Size": "500g",
    "WOW ppu": "$0.33 / 100G"
  },
  {
    "Brand_Product_Size": "Prima Apple & Raspberry Fruit Drink 6x200mL",
    "WOW Price": 3.25,
    "WOW Size": "6x200mL",
    "WOW ppu": "$2.71 / 1L"
  },
  {
    "Brand_Product_Size": "Prima Apple & Raspberry Fruit Drink 6x200mL",
    "WOW Price": 3.25,
    "WOW Size": "6x200mL",
    "WOW ppu": "$2.71 / 1L"
  },
  {
    "Brand_Product_Size": "Greenseas Tuna Chunks In Brine 95g",
    "WOW Price": 1.7,
    "WOW Size": "95g",
    "WOW ppu": "$17.89 / 1KG"
  },
  {
    "Brand_Product_Size": "Australian Botanical Sea Salt Soap 200g",
    "WOW Price": 3.2,
    "WOW Size": "200g",
    "WOW ppu": "$1.60 / 100G"
  },
  {
    "Brand_Product_Size": "Leggos Pasta Sauce Garden Vegetable 500g",
    "WOW Price": 3,
    "WOW Size": "500g",
    "WOW ppu": "$0.60 / 100G"
  },
  {
    "Brand_Product_Size": "White Wings Choc Mint Brownie Mix 475g",
    "WOW Price": 3,
    "WOW Size": "475g",
    "WOW ppu": "$0.63 / 100G"
  },
  {
    "Brand_Product_Size": "Leggos Tomato Paste No Salt 280g",
    "WOW Price": 2.6,
    "WOW Size": "280g",
    "WOW ppu": "$0.93 / 100G"
  },
  {
    "Brand_Product_Size": "Dove Hand Wash Restoring Care 330mL",
    "WOW Price": 3.15,
    "WOW Size": "330mL",
    "WOW ppu": "$0.95 / 100ML"
  },
  {
    "Brand_Product_Size": "Belvita Mini Chocolate 210g",
    "WOW Price": 3.5,
    "WOW Size": "210g",
    "WOW ppu": "$1.67 / 100G"
  },
  {
    "Brand_Product_Size": "Kan Tong Black Bean Stir Fry Cooking Sauce 510g",
    "WOW Price": 3,
    "WOW Size": "510g",
    "WOW ppu": "$0.59 / 100G"
  },
  {
    "Brand_Product_Size": "Cussons Bliss Cleans + Softens Wild Rose & Lily Laundry Powder 2kg",
    "WOW Price": 6,
    "WOW Size": "2kg",
    "WOW ppu": "$3.00 / 1KG"
  },
  {
    "Brand_Product_Size": "Revlon Volume + Length Blackest Black Waterproof Magnified Mascara 8.5mL",
    "WOW Price": 11,
    "WOW Size": "8.5mL",
    "WOW ppu": "$12.94 / 10ML"
  },
  {
    "Brand_Product_Size": "Nice & Natural Fruit Fun Mix 272g",
    "WOW Price": 6,
    "WOW Size": "272g",
    "WOW ppu": "$2.21 / 100G"
  },
  {
    "Brand_Product_Size": "Sunsol Probiotic Gluten Free Muesli Almond, Coconut & Cranberry 350g",
    "WOW Price": 5,
    "WOW Size": "350g",
    "WOW ppu": "$1.43 / 100G"
  },
  {
    "Brand_Product_Size": "V Energy Sugar Free Blue 500mL",
    "WOW Price": 3.15,
    "WOW Size": "500mL",
    "WOW ppu": "$6.30 / 1L"
  },
  {
    "Brand_Product_Size": "Well Naturally No Sugar Added Dark Choc Raspberry 90g",
    "WOW Price": 3.5,
    "WOW Size": "90g",
    "WOW ppu": "$3.89 / 100G"
  },
  {
    "Brand_Product_Size": "Barkers Rich Chocolate Sauce 365g",
    "WOW Price": 2.5,
    "WOW Size": "365g",
    "WOW ppu": "$0.68 / 100G"
  },
  {
    "Brand_Product_Size": "Jiinju Avocado Sheet Mask each",
    "WOW Price": 2.5,
    "WOW Size": "each",
    "WOW ppu": "$2.50 / 1EA"
  },
  {
    "Brand_Product_Size": "Prima Tropical Fruit Drink 6x200mL",
    "WOW Price": 3.25,
    "WOW Size": "6x200mL",
    "WOW ppu": "$2.71 / 1L"
  },
  {
    "Brand_Product_Size": "Prima Tropical Fruit Drink 6x200mL",
    "WOW Price": 3.25,
    "WOW Size": "6x200mL",
    "WOW ppu": "$2.71 / 1L"
  },
  {
    "Brand_Product_Size": "U By Kotex Tampons Regular 16 pack",
    "WOW Price": 3.4,
    "WOW Size": "16 pack",
    "WOW ppu": "$0.21 / 1EA"
  },
  {
    "Brand_Product_Size": "John West Herrings In Tomato Sauce 200g",
    "WOW Price": 2.5,
    "WOW Size": "200g",
    "WOW ppu": "$12.50 / 1KG"
  },
  {
    "Brand_Product_Size": "Masterfoods Barbecue Sauce 500mL",
    "WOW Price": 1.47,
    "WOW Size": "500mL",
    "WOW ppu": "$0.29 / 100ML"
  },
  {
    "Brand_Product_Size": "White Wings Milk Choc Ganache Tarts Mix 230g",
    "WOW Price": 4.8,
    "WOW Size": "230g",
    "WOW ppu": "$2.09 / 100G"
  },
  {
    "Brand_Product_Size": "Lipton Peach Iced Tea Sachets 20 pack",
    "WOW Price": 4.85,
    "WOW Size": "20 pack",
    "WOW ppu": "$0.24 / 1EA"
  },
  {
    "Brand_Product_Size": "Lipton Peach Iced Tea Sachets 20 pack",
    "WOW Price": 4.85,
    "WOW Size": "20 pack",
    "WOW ppu": "$0.24 / 1EA"
  },
  {
    "Brand_Product_Size": "Edgell Baby Peas & Corn Baby Peas & Super Sweet Corn 420g",
    "WOW Price": 1.5,
    "WOW Size": "420g",
    "WOW ppu": "$3.57 / 1KG"
  },
  {
    "Brand_Product_Size": "Cussons Bliss Cleans + Freshens Iris Monsoon Laundry Powder 2kg",
    "WOW Price": 6,
    "WOW Size": "2kg",
    "WOW ppu": "$3.00 / 1KG"
  },
  {
    "Brand_Product_Size": "Nescafe Coffee Mixer Sachets Cappuccino 10 pack",
    "WOW Price": 3.15,
    "WOW Size": "10 pack",
    "WOW ppu": "$0.32 / 1EA"
  },
  {
    "Brand_Product_Size": "Nescafe Coffee Mixer Sachets Cappuccino 10 pack",
    "WOW Price": 3.15,
    "WOW Size": "10 pack",
    "WOW ppu": "$0.32 / 1EA"
  },
  {
    "Brand_Product_Size": "My Dog Gourmet Beef Loaf Classics Wet Dog Food Can 400g",
    "WOW Price": 1.8,
    "WOW Size": "400g",
    "WOW ppu": "$0.45 / 100G"
  },
  {
    "Brand_Product_Size": "Sunbeam Mixed Fruit 375g",
    "WOW Price": 3.75,
    "WOW Size": "375g",
    "WOW ppu": "$10.00 / 1KG"
  },
  {
    "Brand_Product_Size": "Heinz Canned Soup Big Red Tomato Salt Reduced 420g",
    "WOW Price": 2.2,
    "WOW Size": "420g",
    "WOW ppu": "$0.52 / 100G"
  },
  {
    "Brand_Product_Size": "Uncle Tobys Oats Traditional Porridge 1kg",
    "WOW Price": 4,
    "WOW Size": "1kg",
    "WOW ppu": "$0.40 / 100G"
  },
  {
    "Brand_Product_Size": "Annalisa Chick Peas 400g X12 Bundle",
    "WOW Price": 12,
    "WOW Size": "",
    "WOW ppu": "$2.50 / 1KG"
  },
  {
    "Brand_Product_Size": "Inspire Plush Throw Solid Colour Assorted each",
    "WOW Price": 15,
    "WOW Size": "each",
    "WOW ppu": ""
  },
  {
    "Brand_Product_Size": "Kettle Classic Herb & Spice Chips 165g",
    "WOW Price": 3.25,
    "WOW Size": "165g",
    "WOW ppu": "$1.97 / 100G"
  },
  {
    "Brand_Product_Size": "Cadbury Dairy Milk Top Deck 180g",
    "WOW Price": 3.5,
    "WOW Size": "180g",
    "WOW ppu": "$1.94 / 100G"
  },
  {
    "Brand_Product_Size": "Colgate Total Charcoal Deep Clean Antibacterial Toothpaste 115g",
    "WOW Price": 4,
    "WOW Size": "115g",
    "WOW ppu": "$3.48 / 100G"
  },
  {
    "Brand_Product_Size": "Hoyt's Chilli Powder 50g",
    "WOW Price": 1.45,
    "WOW Size": "50g",
    "WOW ppu": "$0.29 / 10G"
  },
  {
    "Brand_Product_Size": "Massel Gourmet Liquid Stock Chicken 1L",
    "WOW Price": 2.5,
    "WOW Size": "1L",
    "WOW ppu": "$0.25 / 100ML"
  },
  {
    "Brand_Product_Size": "Clio Silky Control Tights Natural Tall 1 pack",
    "WOW Price": 2.5,
    "WOW Size": "1 pack",
    "WOW ppu": ""
  },
  {
    "Brand_Product_Size": "Smith's Crinkle Cut Potato Chips Chicken 170g",
    "WOW Price": 1.75,
    "WOW Size": "170g",
    "WOW ppu": "$1.03 / 100G"
  },
  {
    "Brand_Product_Size": "John West Tuna Tempters Mango Chilli 95g",
    "WOW Price": 1.15,
    "WOW Size": "95g",
    "WOW ppu": "$12.11 / 1KG"
  },
  {
    "Brand_Product_Size": "Heinz Classic Canned Soup Creamy Chicken & Mushroom 520g",
    "WOW Price": 2,
    "WOW Size": "520g",
    "WOW ppu": "$0.38 / 100G"
  },
  {
    "Brand_Product_Size": "Sensodyne Toothpaste Sensitive Teeth Daily Care Whitening 110g",
    "WOW Price": 5.5,
    "WOW Size": "110g",
    "WOW ppu": "$5.00 / 100G"
  },
  {
    "Brand_Product_Size": "Annalisa Diced Tomatoes 400g X24 Bundle",
    "WOW Price": 24,
    "WOW Size": "",
    "WOW ppu": "$2.50 / 1KG"
  },
  {
    "Brand_Product_Size": "Veeda 100% Natural Cotton Tampons Regular 16 pack",
    "WOW Price": 2.4,
    "WOW Size": "16 pack",
    "WOW ppu": "$0.15 / 1EA"
  },
  {
    "Brand_Product_Size": "John West Tempters Tuna Mild Indian Curry 95g",
    "WOW Price": 1.15,
    "WOW Size": "95g",
    "WOW ppu": "$12.11 / 1KG"
  },
  {
    "Brand_Product_Size": "Queen Limited Edition Flavour For Icing 50mL",
    "WOW Price": 1.8,
    "WOW Size": "50mL",
    "WOW ppu": "$3.60 / 100ML"
  },
  {
    "Brand_Product_Size": "Maybelline Superstay 24hr Full Coverage Liquid Foundation - Sand 30 30mL",
    "WOW Price": 12.5,
    "WOW Size": "30mL",
    "WOW ppu": "$4.17 / 10ML"
  },
  {
    "Brand_Product_Size": "Ritz Crackers Original 100g",
    "WOW Price": 0.75,
    "WOW Size": "100g",
    "WOW ppu": "$0.75 / 100G"
  },
  {
    "Brand_Product_Size": "M&m's Peanut Chocolate Medium Bag 180g",
    "WOW Price": 2.25,
    "WOW Size": "180g",
    "WOW ppu": "$1.25 / 100G"
  },
  {
    "Brand_Product_Size": "Wiltshire 2 In 1 Bag Clip And Pourer each",
    "WOW Price": 2.7,
    "WOW Size": "each",
    "WOW ppu": ""
  },
  {
    "Brand_Product_Size": "Heinz Big N Chunky Canned Steak & Mushroom 535g",
    "WOW Price": 2,
    "WOW Size": "535g",
    "WOW ppu": "$0.37 / 100G"
  },
  {
    "Brand_Product_Size": "Lakanto Golden Malt Flavoured Syrup 300mL",
    "WOW Price": 7,
    "WOW Size": "300mL",
    "WOW ppu": "$2.33 / 100ML"
  },
  {
    "Brand_Product_Size": "Kan Tong Peanut Satay Stir Fry Cooking Sauce 505g",
    "WOW Price": 3,
    "WOW Size": "505g",
    "WOW ppu": "$0.59 / 100G"
  },
  {
    "Brand_Product_Size": "L'oreal True Match Liquid Foundation 6n Honey 30mL",
    "WOW Price": 15,
    "WOW Size": "30mL",
    "WOW ppu": "$5.00 / 10ML"
  },
  {
    "Brand_Product_Size": "Dove Body Lotion Coconut & Almond Milk 400mL",
    "WOW Price": 5.95,
    "WOW Size": "400mL",
    "WOW ppu": "$1.49 / 100ML"
  },
  {
    "Brand_Product_Size": "Campbell's Country Ladle Canned Soup Potato & Leek 505g",
    "WOW Price": 1.75,
    "WOW Size": "505g",
    "WOW ppu": "$0.35 / 100G"
  },
  {
    "Brand_Product_Size": "Heinz Classic Canned Soup Pea & Ham 535g",
    "WOW Price": 2,
    "WOW Size": "535g",
    "WOW ppu": "$0.37 / 100G"
  },
  {
    "Brand_Product_Size": "Uno Playing Cards each",
    "WOW Price": 8,
    "WOW Size": "each",
    "WOW ppu": ""
  },
  {
    "Brand_Product_Size": "Lindt Excellence Supreme Dark Chocolate 90% Cocoa 100g bLock",
    "WOW Price": 2.7,
    "WOW Size": "100g bLock",
    "WOW ppu": "$2.70 / 100G"
  },
  {
    "Brand_Product_Size": "L'oreal Paris Flash Telescopic Mascara Magnetic Black 9mL",
    "WOW Price": 13.5,
    "WOW Size": "9mL",
    "WOW ppu": "$15.00 / 10ML"
  },
  {
    "Brand_Product_Size": "L'oreal La Petite Palette Eyeshadow Nudist 4g",
    "WOW Price": 12.5,
    "WOW Size": "4g",
    "WOW ppu": "$31.25 / 10G"
  },
  {
    "Brand_Product_Size": "Priya Soap Body Balance Oat Milk 100g",
    "WOW Price": 1.8,
    "WOW Size": "100g",
    "WOW ppu": "$1.80 / 100G"
  },
  {
    "Brand_Product_Size": "Kushi Pomegranate Juice 1L",
    "WOW Price": 2,
    "WOW Size": "1L",
    "WOW ppu": "$0.20 / 100ML"
  },
  {
    "Brand_Product_Size": "L'oreal Magic Retouch Precision Brush 1 Black each",
    "WOW Price": 14.4,
    "WOW Size": "each",
    "WOW ppu": "$180.00 / 100ML"
  },
  {
    "Brand_Product_Size": "Old El Paso Fajita Spice Mix 40g",
    "WOW Price": 1.8,
    "WOW Size": "40g",
    "WOW ppu": "$4.50 / 100G"
  },
  {
    "Brand_Product_Size": "Maybelline Dream Urban Cover Liquid Foundation - Natural Ivory 30mL",
    "WOW Price": 13,
    "WOW Size": "30mL",
    "WOW ppu": "$4.33 / 10ML"
  },
  {
    "Brand_Product_Size": "Energizer Max Plus Advanced Aa 16 pack",
    "WOW Price": 12,
    "WOW Size": "16 pack",
    "WOW ppu": "$0.75 / 1EA"
  },
  {
    "Brand_Product_Size": "L'oreal Paris Color Riche Shine 352 Yolo each",
    "WOW Price": 12,
    "WOW Size": "each",
    "WOW ppu": "$27.91 / 10G"
  },
  {
    "Brand_Product_Size": "Kellogg's Coco Pops Chocolatey Breakfast Cereal 650g",
    "WOW Price": 3.75,
    "WOW Size": "650g",
    "WOW ppu": "$0.58 / 100G"
  },
  {
    "Brand_Product_Size": "Vittoria Chocochino Drinking Chocolate 375g",
    "WOW Price": 4,
    "WOW Size": "375g",
    "WOW ppu": "$1.07 / 100G"
  },
  {
    "Brand_Product_Size": "Maggi 2 Minute Noodles Spicy Chicken 5 pack",
    "WOW Price": 3.8,
    "WOW Size": "5 pack",
    "WOW ppu": "$1.00 / 100G"
  },
  {
    "Brand_Product_Size": "Edgell Diced Beetroot 425g",
    "WOW Price": 1.5,
    "WOW Size": "425g",
    "WOW ppu": "$3.53 / 1KG"
  },
  {
    "Brand_Product_Size": "Dilmah Extra Strength Tea Bags 50 pack",
    "WOW Price": 3,
    "WOW Size": "50 pack",
    "WOW ppu": "$0.06 / 1EA"
  },
  {
    "Brand_Product_Size": "Dilmah Extra Strength Tea Bags 50 pack",
    "WOW Price": 3,
    "WOW Size": "50 pack",
    "WOW ppu": "$0.06 / 1EA"
  },
  {
    "Brand_Product_Size": "Mother Earth Oaty Slice Salted Caramel 240g",
    "WOW Price": 3,
    "WOW Size": "240g",
    "WOW ppu": "$1.25 / 100G"
  },
  {
    "Brand_Product_Size": "Smith's Crinkle Cut Potato Chips Barbecue 170g",
    "WOW Price": 1.75,
    "WOW Size": "170g",
    "WOW ppu": "$1.03 / 100G"
  },
  {
    "Brand_Product_Size": "Hoyt's Curry Powder Mild 50g",
    "WOW Price": 1.8,
    "WOW Size": "50g",
    "WOW ppu": "$0.36 / 10G"
  },
  {
    "Brand_Product_Size": "Heinz Soup Classic Country Chicken 535g",
    "WOW Price": 2,
    "WOW Size": "535g",
    "WOW ppu": "$0.37 / 100G"
  },
  {
    "Brand_Product_Size": "Heinz Seriously Good Lite Aioli each",
    "WOW Price": 3.5,
    "WOW Size": "each",
    "WOW ppu": "$1.19 / 100ML"
  },
  {
    "Brand_Product_Size": "Lindt Excellence 95% Cocoa Block 80g",
    "WOW Price": 2.7,
    "WOW Size": "80g",
    "WOW ppu": "$3.38 / 100G"
  },
  {
    "Brand_Product_Size": "Lindt Excellence Dark Chocolate 70% Cocoa Block 100g",
    "WOW Price": 2.7,
    "WOW Size": "100g",
    "WOW ppu": "$2.70 / 100G"
  },
  {
    "Brand_Product_Size": "Nestle Rolo 200g bLock",
    "WOW Price": 3,
    "WOW Size": "200g bLock",
    "WOW ppu": "$1.50 / 100G"
  },
  {
    "Brand_Product_Size": "Cadbury Crunchie 50g bar",
    "WOW Price": 1.5,
    "WOW Size": "50g bar",
    "WOW ppu": "$3.00 / 100G"
  },
  {
    "Brand_Product_Size": "Lindt Excellence Dark Chocolate 85% Cocoa Block 100g",
    "WOW Price": 2.7,
    "WOW Size": "100g",
    "WOW ppu": "$2.70 / 100G"
  },
  {
    "Brand_Product_Size": "Lindt Excellence Dark Chocolate Chilli 100g bLock",
    "WOW Price": 2.7,
    "WOW Size": "100g bLock",
    "WOW ppu": "$2.70 / 100G"
  },
  {
    "Brand_Product_Size": "Nestle Aero Peppermint 118g bLock",
    "WOW Price": 3,
    "WOW Size": "118g bLock",
    "WOW ppu": "$2.54 / 100G"
  },
  {
    "Brand_Product_Size": "M&m's Milk Chocolate Medium Bag 180g",
    "WOW Price": 2.25,
    "WOW Size": "180g",
    "WOW ppu": "$1.25 / 100G"
  },
  {
    "Brand_Product_Size": "Nestle Kitkat Dark Block 170g",
    "WOW Price": 3,
    "WOW Size": "170g",
    "WOW ppu": "$1.76 / 100G"
  },
  {
    "Brand_Product_Size": "Nestle Kitkat Gold Block 170g",
    "WOW Price": 3,
    "WOW Size": "170g",
    "WOW ppu": "$1.76 / 100G"
  },
  {
    "Brand_Product_Size": "Lindt Excellence Dark Chocolate Sea Salt Caramel 100g bLock",
    "WOW Price": 2.7,
    "WOW Size": "100g bLock",
    "WOW ppu": "$2.70 / 100G"
  },
  {
    "Brand_Product_Size": "Scholl Shock Reducer Shoe Base Insoles each",
    "WOW Price": 8,
    "WOW Size": "each",
    "WOW ppu": "$8.00 / 1EA"
  },
  {
    "Brand_Product_Size": "Schick Hydro 5 Razor Refill 4 pack",
    "WOW Price": 14.35,
    "WOW Size": "4 pack",
    "WOW ppu": "$3.59 / 1EA"
  },
  {
    "Brand_Product_Size": "Always Fresh Kalamata Olives Jalapeno Stuffed 220g",
    "WOW Price": 4.5,
    "WOW Size": "220g",
    "WOW ppu": "$20.45 / 1KG"
  },
  {
    "Brand_Product_Size": "Continental Value Pack Pasta & Sauce Chicken Curry 150g",
    "WOW Price": 3,
    "WOW Size": "150g",
    "WOW ppu": "$2.00 / 100G"
  },
  {
    "Brand_Product_Size": "Continental Pumpkin Risotto Bacon & Sour Cream 115g",
    "WOW Price": 1.36,
    "WOW Size": "115g",
    "WOW ppu": "$1.18 / 100G"
  },
  {
    "Brand_Product_Size": "Continental Side Dish Teriyaki & Garlic Rice 115g",
    "WOW Price": 1.36,
    "WOW Size": "115g",
    "WOW ppu": "$1.18 / 100G"
  },
  {
    "Brand_Product_Size": "Hart & Soul All Natural Pad Thai Recipe Base 80g",
    "WOW Price": 1.25,
    "WOW Size": "80g",
    "WOW ppu": "$1.56 / 100G"
  },
  {
    "Brand_Product_Size": "Olay Ultimate Hydration Calming Aloe Leaf & Chamomile Extract 98mL",
    "WOW Price": 24.5,
    "WOW Size": "98mL",
    "WOW ppu": "$25.00 / 100ML"
  },
  {
    "Brand_Product_Size": "Sabco Stainless Steel Toilet Set X2 Bundle",
    "WOW Price": 20,
    "WOW Size": "",
    "WOW ppu": "$10.00/ Each"
  },
  {
    "Brand_Product_Size": "Heinz Spaghetti Tomato Sauce 535g",
    "WOW Price": 2,
    "WOW Size": "535g",
    "WOW ppu": "$0.37 / 100G"
  },
  {
    "Brand_Product_Size": "Cobram Estate Extra Virgin Olive Oil Lemon Infused 250mL",
    "WOW Price": 6,
    "WOW Size": "250mL",
    "WOW ppu": "$2.40 / 100ML"
  },
  {
    "Brand_Product_Size": "Omo Dilute At Home Refill Sensitive 665mL",
    "WOW Price": 8.75,
    "WOW Size": "665mL",
    "WOW ppu": "$13.16 / 1L"
  },
  {
    "Brand_Product_Size": "Byron Bay Chilli Co. Heavenly Habanero Hot Sauce 150mL",
    "WOW Price": 3.5,
    "WOW Size": "150mL",
    "WOW ppu": "$2.33 / 100ML"
  },
  {
    "Brand_Product_Size": "Lindt Excellence Dark Chocolate Raspberry Intense 100g bLock",
    "WOW Price": 2.7,
    "WOW Size": "100g bLock",
    "WOW ppu": "$2.70 / 100G"
  },
  {
    "Brand_Product_Size": "Sunrice Quick Cups Microwave Fragrant Brown Rice 250g",
    "WOW Price": 2,
    "WOW Size": "250g",
    "WOW ppu": "$0.80 / 100G"
  },
  {
    "Brand_Product_Size": "Revlon Photoready Concealer Light 3.2g",
    "WOW Price": 12.5,
    "WOW Size": "3.2g",
    "WOW ppu": "$39.06 / 10G"
  },
  {
    "Brand_Product_Size": "Cobram Estate Extra Virgin Rich & Robust Olive Oil 375mL",
    "WOW Price": 8.5,
    "WOW Size": "375mL",
    "WOW ppu": "$2.27 / 100ML"
  },
  {
    "Brand_Product_Size": "Nivea Naturally Good Anti Age Day Cream 50mL",
    "WOW Price": 15.4,
    "WOW Size": "50mL",
    "WOW ppu": "$30.80 / 100ML"
  },
  {
    "Brand_Product_Size": "Goodnessme Fruit Sticks Strawberry & Blueberry Duo 8 pack",
    "WOW Price": 3,
    "WOW Size": "8 pack",
    "WOW ppu": "$2.50 / 100G"
  },
  {
    "Brand_Product_Size": "Gippsland Apricot Coconut Slice Yoghurt 140g",
    "WOW Price": 2.5,
    "WOW Size": "140g",
    "WOW ppu": "$1.79 / 100G"
  },
  {
    "Brand_Product_Size": "Bonds Newbies Coverall Cozysuit Size 0000 - 00 each",
    "WOW Price": 10.8,
    "WOW Size": "each",
    "WOW ppu": ""
  },
  {
    "Brand_Product_Size": "Bega Tasty Natural Cheese Slices 15 pack 250g",
    "WOW Price": 4.5,
    "WOW Size": "15 pack 250g",
    "WOW ppu": "$18.00 / 1KG"
  },
  {
    "Brand_Product_Size": "Golden Circle Apple Juice 2L",
    "WOW Price": 2.7,
    "WOW Size": "2L",
    "WOW ppu": "$1.35 / 1L"
  },
  {
    "Brand_Product_Size": "Cold Power Sensitive Pure Clean Laundry Powder 2kg",
    "WOW Price": 8.75,
    "WOW Size": "2kg",
    "WOW ppu": "$4.38 / 1KG"
  },
  {
    "Brand_Product_Size": "Elmer's Cosmic Glue 147mL",
    "WOW Price": 4.9,
    "WOW Size": "147mL",
    "WOW ppu": ""
  },
  {
    "Brand_Product_Size": "Banana Boat Kids Sunscreen Spray 50+ 240mL",
    "WOW Price": 16.5,
    "WOW Size": "240mL",
    "WOW ppu": "$6.88 / 100ML"
  },
  {
    "Brand_Product_Size": "Continental Value Pack Flavoured Rice Chicken 190g",
    "WOW Price": 3,
    "WOW Size": "190g",
    "WOW ppu": "$1.58 / 100G"
  },
  {
    "Brand_Product_Size": "Kellogg's Special K Fruit & Nut Breakfast Cereal 430g",
    "WOW Price": 4.5,
    "WOW Size": "430g",
    "WOW ppu": "$1.05 / 100G"
  },
  {
    "Brand_Product_Size": "Cuddly Concentrate Fabric Softener Conditioner Soft & Sensitive 1L",
    "WOW Price": 4.5,
    "WOW Size": "1L",
    "WOW ppu": "$4.50 / 1L"
  },
  {
    "Brand_Product_Size": "Campbell's Country Ladle Garden Vegetable & Wholegrain Barley 500g",
    "WOW Price": 1.75,
    "WOW Size": "500g",
    "WOW ppu": "$0.35 / 100G"
  },
  {
    "Brand_Product_Size": "Mars Chocolate Medium Party Share Bag 12 Piece 216g",
    "WOW Price": 3,
    "WOW Size": "216g",
    "WOW ppu": "$1.39 / 100G"
  },
  {
    "Brand_Product_Size": "Campbell's Chunky Canned Soup Hearty Irish Stew 505g",
    "WOW Price": 1.75,
    "WOW Size": "505g",
    "WOW ppu": "$0.35 / 100G"
  },
  {
    "Brand_Product_Size": "Sakata Rice Crackers Wholegrain Original 90g",
    "WOW Price": 2,
    "WOW Size": "90g",
    "WOW ppu": "$2.22 / 100G"
  },
  {
    "Brand_Product_Size": "Bluey Plush Assorted each",
    "WOW Price": 12,
    "WOW Size": "each",
    "WOW ppu": ""
  },
  {
    "Brand_Product_Size": "Bluey Plush Assorted each",
    "WOW Price": 12,
    "WOW Size": "each",
    "WOW ppu": ""
  },
  {
    "Brand_Product_Size": "Messina Strawberry Cheesecake Gelato Bar 4 pack",
    "WOW Price": 5,
    "WOW Size": "4 pack",
    "WOW ppu": "$1.25 / 100ML"
  },
  {
    "Brand_Product_Size": "Old El Paso Mexican Wholegrain Tortillas 6 pack",
    "WOW Price": 2.7,
    "WOW Size": "6 pack",
    "WOW ppu": "$1.13 / 100G"
  },
  {
    "Brand_Product_Size": "Head & Shoulders Ultra Men Shampoo Old Spice 400mL",
    "WOW Price": 10.5,
    "WOW Size": "400mL",
    "WOW ppu": "$2.63 / 100ML"
  },
  {
    "Brand_Product_Size": "Hart & Soul All Natural Tikka Masala Recipe Base 80g",
    "WOW Price": 1.25,
    "WOW Size": "80g",
    "WOW ppu": "$1.56 / 100G"
  },
  {
    "Brand_Product_Size": "Pringles Sichuan Style Spicy Chicken Flavour Chips 134g",
    "WOW Price": 3,
    "WOW Size": "134g",
    "WOW ppu": "$2.24 / 100G"
  },
  {
    "Brand_Product_Size": "Revlon Super Lustrous Matte Lipstick Pick Me Up 4.2g",
    "WOW Price": 12.5,
    "WOW Size": "4.2g",
    "WOW ppu": "$29.76 / 10G"
  },
  {
    "Brand_Product_Size": "Black+decker 3.6v Wet Plus Dry Dustbuster Hand Vacuum each",
    "WOW Price": 34.3,
    "WOW Size": "each",
    "WOW ppu": ""
  },
  {
    "Brand_Product_Size": "Herbal Essences Bio Renew Conditioner Repair Argan Oil 600mL",
    "WOW Price": 9,
    "WOW Size": "600mL",
    "WOW ppu": "$1.50 / 100ML"
  },
  {
    "Brand_Product_Size": "Vege Chips Natural 100g",
    "WOW Price": 1.9,
    "WOW Size": "100g",
    "WOW ppu": "$1.90 / 100G"
  },
  {
    "Brand_Product_Size": "Be Natural Breakfast Cereal With Pink Lady Apple & Flame Raisins 405g",
    "WOW Price": 4.4,
    "WOW Size": "405g",
    "WOW ppu": "$1.09 / 100G"
  },
  {
    "Brand_Product_Size": "Glen 20 Disinfectant Spray Original Scent 300g",
    "WOW Price": 4,
    "WOW Size": "300g",
    "WOW ppu": ""
  },
  {
    "Brand_Product_Size": "The Collective Dairy Free Plant Passionfruit 450g",
    "WOW Price": 5,
    "WOW Size": "450g",
    "WOW ppu": "$1.11 / 100G"
  },
  {
    "Brand_Product_Size": "Philadelphia Lactose Free Cream Cheese Block 250g",
    "WOW Price": 3.75,
    "WOW Size": "250g",
    "WOW ppu": "$15.00 / 1KG"
  },
  {
    "Brand_Product_Size": "Arnott's Triple Wafers 200g",
    "WOW Price": 2.5,
    "WOW Size": "200g",
    "WOW ppu": "$1.25 / 100G"
  },
  {
    "Brand_Product_Size": "Continental Stock Pot Chicken 4 pack 28g",
    "WOW Price": 3,
    "WOW Size": "4 pack 28g",
    "WOW ppu": "$0.27 / 10G"
  },
  {
    "Brand_Product_Size": "Cadbury Old Gold Dark Chocolate Old Jamaica Rum 'n' Raisin 180g",
    "WOW Price": 4.5,
    "WOW Size": "180g",
    "WOW ppu": "$2.50 / 100G"
  },
  {
    "Brand_Product_Size": "Cadbury Dairy Milk Hazelnut 180g",
    "WOW Price": 3.5,
    "WOW Size": "180g",
    "WOW ppu": "$1.94 / 100G"
  },
  {
    "Brand_Product_Size": "Katoomba Ghee 700g",
    "WOW Price": 9.95,
    "WOW Size": "700g",
    "WOW ppu": "$1.42 / 100G"
  },
  {
    "Brand_Product_Size": "Nescafe Coffee Mixer Sachets Strong Cappucino 10 pack",
    "WOW Price": 3.15,
    "WOW Size": "10 pack",
    "WOW ppu": "$0.32 / 1EA"
  },
  {
    "Brand_Product_Size": "Nescafe Coffee Mixer Sachets Strong Cappucino 10 pack",
    "WOW Price": 3.15,
    "WOW Size": "10 pack",
    "WOW ppu": "$0.32 / 1EA"
  },
  {
    "Brand_Product_Size": "Bekaa Kishik 500g",
    "WOW Price": 12,
    "WOW Size": "500g",
    "WOW ppu": "$2.40 / 100G"
  },
  {
    "Brand_Product_Size": "Uncle Tobys Oats Quick Porridge 1kg",
    "WOW Price": 4,
    "WOW Size": "1kg",
    "WOW ppu": "$0.40 / 100G"
  },
  {
    "Brand_Product_Size": "Cadbury Twirl Caramilk 39g",
    "WOW Price": 1.5,
    "WOW Size": "39g",
    "WOW ppu": "$3.85 / 100G"
  },
  {
    "Brand_Product_Size": "Oreo Cookie Choc Split 133g",
    "WOW Price": 1.5,
    "WOW Size": "133g",
    "WOW ppu": "$1.13 / 100G"
  },
  {
    "Brand_Product_Size": "Oreo Cookie Red Velvet 133g",
    "WOW Price": 1.5,
    "WOW Size": "133g",
    "WOW ppu": "$1.13 / 100G"
  },
  {
    "Brand_Product_Size": "Cadbury Twirl 39g bar",
    "WOW Price": 1.5,
    "WOW Size": "39g bar",
    "WOW ppu": "$3.85 / 100G"
  },
  {
    "Brand_Product_Size": "Cadbury Cherry Ripe 52g bar",
    "WOW Price": 1.5,
    "WOW Size": "52g bar",
    "WOW ppu": "$2.88 / 100G"
  },
  {
    "Brand_Product_Size": "Belvita Soft Bake Cranberry & Sultana 200g",
    "WOW Price": 3,
    "WOW Size": "200g",
    "WOW ppu": "$1.50 / 100G"
  },
  {
    "Brand_Product_Size": "Nice & Natural Chocolate Nut Bar Peanut & Almond 6 pack",
    "WOW Price": 2,
    "WOW Size": "6 pack",
    "WOW ppu": "$1.11 / 100G"
  },
  {
    "Brand_Product_Size": "Nice & Natural Chocolate Nut Bar Peanut & Almond 6 pack",
    "WOW Price": 2,
    "WOW Size": "6 pack",
    "WOW ppu": "$1.11 / 100G"
  },
  {
    "Brand_Product_Size": "Byron Chai Indian Spiced Tea 100g",
    "WOW Price": 5.5,
    "WOW Size": "100g",
    "WOW ppu": "$5.50 / 100G"
  },
  {
    "Brand_Product_Size": "Byron Chai Indian Spiced Tea 100g",
    "WOW Price": 5.5,
    "WOW Size": "100g",
    "WOW ppu": "$5.50 / 100G"
  },
  {
    "Brand_Product_Size": "Nando's Peri Peri Bag & Bake Medium 20g",
    "WOW Price": 3,
    "WOW Size": "20g",
    "WOW ppu": "$1.50 / 10G"
  },
  {
    "Brand_Product_Size": "Icare Recyclable 100% Recyled Paper Aloe Vera 140 pack",
    "WOW Price": 2,
    "WOW Size": "140 pack",
    "WOW ppu": "$1.43 / 100SS"
  },
  {
    "Brand_Product_Size": "Icare Recyclable 100% Recyled Paper Aloe Vera 140 pack",
    "WOW Price": 2,
    "WOW Size": "140 pack",
    "WOW ppu": "$1.43 / 100SS"
  },
  {
    "Brand_Product_Size": "Golden Circle Apple & Blackcurrant Juice 2L",
    "WOW Price": 2.7,
    "WOW Size": "2L",
    "WOW ppu": "$1.35 / 1L"
  },
  {
    "Brand_Product_Size": "Schmackos Tasty Bites Chewy Cubes With Chicken Dog Treats 130g",
    "WOW Price": 3,
    "WOW Size": "130g",
    "WOW ppu": "$2.31 / 100G"
  },
  {
    "Brand_Product_Size": "Greenseas Tuna Tomato & Onion 95g",
    "WOW Price": 1.7,
    "WOW Size": "95g",
    "WOW ppu": "$17.89 / 1KG"
  },
  {
    "Brand_Product_Size": "Masterfoods Hot English Mustard 175g",
    "WOW Price": 2.5,
    "WOW Size": "175g",
    "WOW ppu": "$1.43 / 100G"
  },
  {
    "Brand_Product_Size": "Masterfoods Mustard Dijon Original 170g",
    "WOW Price": 2.5,
    "WOW Size": "170g",
    "WOW ppu": "$1.47 / 100G"
  },
  {
    "Brand_Product_Size": "Heinz Big N Chunky Canned Mexican Bean 535g",
    "WOW Price": 2,
    "WOW Size": "535g",
    "WOW ppu": "$0.37 / 100G"
  },
  {
    "Brand_Product_Size": "Applelachia Organic Sparkling Raspberry & Lime Apple Cider Vinegar 330mL x4 pack",
    "WOW Price": 9.4,
    "WOW Size": "330mL x4 pack",
    "WOW ppu": "$7.12 / 1L"
  },
  {
    "Brand_Product_Size": "Edgell Peas Corn & Carrots Corn & Carrots 420g",
    "WOW Price": 1.5,
    "WOW Size": "420g",
    "WOW ppu": "$3.57 / 1KG"
  },
  {
    "Brand_Product_Size": "Garnier Hydra Bomb Tissue Face Mask Pomegranate each",
    "WOW Price": 3.55,
    "WOW Size": "each",
    "WOW ppu": "$11.09 / 100G"
  },
  {
    "Brand_Product_Size": "Old El Paso Tortilla Pockets 223g",
    "WOW Price": 3.8,
    "WOW Size": "223g",
    "WOW ppu": "$1.70 / 100G"
  },
  {
    "Brand_Product_Size": "Sandhurst Tomatoes Semi Dried Canola Oil 270g",
    "WOW Price": 4.4,
    "WOW Size": "270g",
    "WOW ppu": "$16.30 / 1KG"
  },
  {
    "Brand_Product_Size": "Rexona Men Antiperspirant Deodorant Spray Ice Cool 250mL",
    "WOW Price": 5,
    "WOW Size": "250mL",
    "WOW ppu": "$2.00 / 100ML"
  },
  {
    "Brand_Product_Size": "Mayver's Dark Peanut Butter Crunchy 375g",
    "WOW Price": 4,
    "WOW Size": "375g",
    "WOW ppu": "$1.07 / 100G"
  },
  {
    "Brand_Product_Size": "John West Kipper Fillets In Brine 200g",
    "WOW Price": 2.5,
    "WOW Size": "200g",
    "WOW ppu": "$12.50 / 1KG"
  },
  {
    "Brand_Product_Size": "Vicks Immune Cold Defence Tablets 30 pack",
    "WOW Price": 25,
    "WOW Size": "30 pack",
    "WOW ppu": "$0.83 / 1EA"
  },
  {
    "Brand_Product_Size": "Hercules Click Zip Resealable Sandwich Bags 75 pack",
    "WOW Price": 3,
    "WOW Size": "75 pack",
    "WOW ppu": "$0.04 / 1EA"
  },
  {
    "Brand_Product_Size": "Hercules Click Zip Resealable Sandwich Bags 75 pack",
    "WOW Price": 3,
    "WOW Size": "75 pack",
    "WOW ppu": "$0.04 / 1EA"
  },
  {
    "Brand_Product_Size": "Woolworths Prep Set Go Frozen Crushed Ginger 90g",
    "WOW Price": 3.5,
    "WOW Size": "90g",
    "WOW ppu": "$38.89 / 1KG"
  },
  {
    "Brand_Product_Size": "Atkins Endulge Bar Caramel Nut Multi Pack 5x34g",
    "WOW Price": 13.5,
    "WOW Size": "5x34g",
    "WOW ppu": "$2.70 / 1EA"
  },
  {
    "Brand_Product_Size": "Silvo Silver Polish 250mL",
    "WOW Price": 10,
    "WOW Size": "250mL",
    "WOW ppu": "$4.00 / 100ML"
  },
  {
    "Brand_Product_Size": "Woolworths Paprika Smoked 30g",
    "WOW Price": 2,
    "WOW Size": "30g",
    "WOW ppu": "$0.67 / 10G"
  },
  {
    "Brand_Product_Size": "Woolworths Cook Cauliflower Broccoli & Carrot With Herb Butter 200g",
    "WOW Price": 4.5,
    "WOW Size": "200g",
    "WOW ppu": "$22.50 / 1KG"
  },
  {
    "Brand_Product_Size": "Woolworths Cook Cauliflower Broccoli & Carrot With Herb Butter 200g",
    "WOW Price": 4.5,
    "WOW Size": "200g",
    "WOW ppu": "$22.50 / 1KG"
  },
  {
    "Brand_Product_Size": "Cashmere Bouquet Talcum Powder With A Fresh Scent Of Lavender 250g",
    "WOW Price": 3.2,
    "WOW Size": "250g",
    "WOW ppu": "$1.28 / 100G"
  },
  {
    "Brand_Product_Size": "Allowrie Unsalted Butter 250g",
    "WOW Price": 4,
    "WOW Size": "250g",
    "WOW ppu": "$1.60 / 100G"
  },
  {
    "Brand_Product_Size": "Bonds Womens Socks Logo 1/4 Sports Size 3-8 3 pack",
    "WOW Price": 15,
    "WOW Size": "3 pack",
    "WOW ppu": "$5.00 / 1EA"
  },
  {
    "Brand_Product_Size": "Swisse Collagen Glow With Collagen Peptides 60 pack",
    "WOW Price": 35,
    "WOW Size": "60 pack",
    "WOW ppu": "$58.33 / 100EA"
  },
  {
    "Brand_Product_Size": "Mentos Pure Fresh Mint Gum 30g",
    "WOW Price": 2,
    "WOW Size": "30g",
    "WOW ppu": "$6.67 / 100G"
  },
  {
    "Brand_Product_Size": "Baxter's Dog Food Puppy Chicken & Rice 3kg",
    "WOW Price": 6,
    "WOW Size": "3kg",
    "WOW ppu": "$0.20 / 100G"
  },
  {
    "Brand_Product_Size": "Maybelline City Bronzer Powder - Deep Cool 9.25g",
    "WOW Price": 8.5,
    "WOW Size": "9.25g",
    "WOW ppu": "$9.19 / 10G"
  },
  {
    "Brand_Product_Size": "Woolworths Chicken Kiev Garlic each",
    "WOW Price": 1.3,
    "WOW Size": "each",
    "WOW ppu": "$1.30 / 1EA"
  },
  {
    "Brand_Product_Size": "Fanta Orange Bottle 600mL",
    "WOW Price": 3.65,
    "WOW Size": "600mL",
    "WOW ppu": "$6.08 / 1L"
  },
  {
    "Brand_Product_Size": "Woolworths Corned Beef Sliced From The Deli per kg",
    "WOW Price": 18,
    "WOW Size": "per kg",
    "WOW ppu": "$18.00 / 1KG"
  },
  {
    "Brand_Product_Size": "Pauls Zymil Custard Vanilla 1kg",
    "WOW Price": 5.2,
    "WOW Size": "1kg",
    "WOW ppu": "$0.52 / 100G"
  },
  {
    "Brand_Product_Size": "Woolworths Potato Whole 410g",
    "WOW Price": 1.6,
    "WOW Size": "410g",
    "WOW ppu": "$3.90 / 1KG"
  },
  {
    "Brand_Product_Size": "Woolworths Frozen Beef Lasagne 375g",
    "WOW Price": 3,
    "WOW Size": "375g",
    "WOW ppu": "$0.80 / 100G"
  },
  {
    "Brand_Product_Size": "O'cedar Polish Furniture 300mL",
    "WOW Price": 8,
    "WOW Size": "300mL",
    "WOW ppu": "$2.67 / 100ML"
  },
  {
    "Brand_Product_Size": "Cocolife Avocado Oil Spray 150mL",
    "WOW Price": 6.5,
    "WOW Size": "150mL",
    "WOW ppu": "$4.33 / 100ML"
  },
  {
    "Brand_Product_Size": "Strength Meals Co Italian Pork Pasta 350g",
    "WOW Price": 9,
    "WOW Size": "350g",
    "WOW ppu": "$2.57 / 100G"
  },
  {
    "Brand_Product_Size": "Avofresh Soft Avocado Lime & Black Pepper 160g tube",
    "WOW Price": 5.5,
    "WOW Size": "160g tube",
    "WOW ppu": "$3.44 / 100G"
  },
  {
    "Brand_Product_Size": "Avofresh Soft Avocado Lime & Black Pepper 160g tube",
    "WOW Price": 5.5,
    "WOW Size": "160g tube",
    "WOW ppu": "$3.44 / 100G"
  },
  {
    "Brand_Product_Size": "Dairyworks Tasty Cheese & Rice Cracker 10 pack",
    "WOW Price": 10,
    "WOW Size": "10 pack",
    "WOW ppu": "$33.33 / 1KG"
  },
  {
    "Brand_Product_Size": "Woolworths New York Style Baked Cheesecake 700g",
    "WOW Price": 12,
    "WOW Size": "700g",
    "WOW ppu": "$1.71 / 100G"
  },
  {
    "Brand_Product_Size": "Woolworths Pumpkin Cubes 480g",
    "WOW Price": 4,
    "WOW Size": "480g",
    "WOW ppu": "$8.33 / 1KG"
  },
  {
    "Brand_Product_Size": "Palmolive Naturals Moisture Care Aloe & Olive Extracts Bar Soap 90g x4 pack",
    "WOW Price": 2.85,
    "WOW Size": "90g x4 pack",
    "WOW ppu": "$0.79 / 100G"
  },
  {
    "Brand_Product_Size": "Woolworths No Added Sugar Pineapple Juice 1L",
    "WOW Price": 1.85,
    "WOW Size": "1L",
    "WOW ppu": "$1.85 / 1L"
  },
  {
    "Brand_Product_Size": "Carefree Procomfort Tampons Regular 32 pack",
    "WOW Price": 6.35,
    "WOW Size": "32 pack",
    "WOW ppu": "$0.20 / 1EA"
  },
  {
    "Brand_Product_Size": "Smitten Recycled Paper Cat Litter 10L",
    "WOW Price": 9.5,
    "WOW Size": "10L",
    "WOW ppu": "$0.95 / 1L"
  },
  {
    "Brand_Product_Size": "Woolworths Cracked Black Pepper & Wagyu Beef Sausages 500g",
    "WOW Price": 8.5,
    "WOW Size": "500g",
    "WOW ppu": "$17.00 / 1KG"
  },
  {
    "Brand_Product_Size": "Primo Kransky Cheese From The Deli per kg",
    "WOW Price": 17,
    "WOW Size": "per kg",
    "WOW ppu": "$17.00 / 1KG"
  },
  {
    "Brand_Product_Size": "Energizer Aaa Rechargable Batteries 850mah 4 pack",
    "WOW Price": 23.5,
    "WOW Size": "4 pack",
    "WOW ppu": "$5.88 / 1EA"
  },
  {
    "Brand_Product_Size": "Nature's Own Triple Strength Garlic + C, Horseradish Tablets 60 pack",
    "WOW Price": 20,
    "WOW Size": "60 pack",
    "WOW ppu": "$33.33 / 100EA"
  },
  {
    "Brand_Product_Size": "Libra Goodnights Pads Ultra Thins Extra Long Wings 10 pack",
    "WOW Price": 3.7,
    "WOW Size": "10 pack",
    "WOW ppu": "$0.37 / 1EA"
  },
  {
    "Brand_Product_Size": "Lucky Dog Adult Meaty Chew Kangaroo Dog Treats 4 pack",
    "WOW Price": 4.5,
    "WOW Size": "4 pack",
    "WOW ppu": "$4.69 / 100G"
  },
  {
    "Brand_Product_Size": "Fussy Cat Grain Free Cat Food Chicken Turkey & Cranberry 500g",
    "WOW Price": 3.5,
    "WOW Size": "500g",
    "WOW ppu": "$0.70 / 100G"
  },
  {
    "Brand_Product_Size": "Woolworths Gold Sweet Potatoes 1kg",
    "WOW Price": 4.9,
    "WOW Size": "1kg",
    "WOW ppu": "$4.90 / 1KG"
  },
  {
    "Brand_Product_Size": "Woolworths Fennel Seed Whole 26g",
    "WOW Price": 2.35,
    "WOW Size": "26g",
    "WOW ppu": "$0.90 / 10G"
  },
  {
    "Brand_Product_Size": "Glow Lab Active Body Wash Exfoliating Aha 900mL",
    "WOW Price": 16,
    "WOW Size": "900mL",
    "WOW ppu": "$1.78 / 100ML"
  },
  {
    "Brand_Product_Size": "Sanitarium Weet-bix Organic Breakfast Cereal 750g",
    "WOW Price": 5.65,
    "WOW Size": "750g",
    "WOW ppu": "$0.75 / 100G"
  },
  {
    "Brand_Product_Size": "Spc Diced Apricots In Juice 4 pack 480g",
    "WOW Price": 4,
    "WOW Size": "4 pack 480g",
    "WOW ppu": "$8.33 / 1KG"
  },
  {
    "Brand_Product_Size": "Spc Diced Apricots In Juice 4 pack 480g",
    "WOW Price": 4,
    "WOW Size": "4 pack 480g",
    "WOW ppu": "$8.33 / 1KG"
  },
  {
    "Brand_Product_Size": "Nivea Soft Moisturiser Cream Lotion With Jojoba Oil & Vitamin E 200mL",
    "WOW Price": 10,
    "WOW Size": "200mL",
    "WOW ppu": "$5.00 / 100ML"
  },
  {
    "Brand_Product_Size": "Salamanca Seafood Company Atlantic Salmon Skin-on Fillets 460g",
    "WOW Price": 12,
    "WOW Size": "460g",
    "WOW ppu": "$26.09 / 1KG"
  },
  {
    "Brand_Product_Size": "Lemon Fresh each",
    "WOW Price": 0.69,
    "WOW Size": "each",
    "WOW ppu": "$0.69 / 1EA"
  },
  {
    "Brand_Product_Size": "Woolworths Pineapple In Juice 4x125g",
    "WOW Price": 2,
    "WOW Size": "4x125g",
    "WOW ppu": "$4.00 / 1KG"
  },
  {
    "Brand_Product_Size": "Woolworths Pineapple In Juice 4x125g",
    "WOW Price": 2,
    "WOW Size": "4x125g",
    "WOW ppu": "$4.00 / 1KG"
  },
  {
    "Brand_Product_Size": "La Ice Cola Maxi Bottle 2L",
    "WOW Price": 1.6,
    "WOW Size": "2L",
    "WOW ppu": "$0.80 / 1L"
  },
  {
    "Brand_Product_Size": "Mary Mack's Instant Batter Mix 150g",
    "WOW Price": 2.5,
    "WOW Size": "150g",
    "WOW ppu": "$0.17 / 10G"
  },
  {
    "Brand_Product_Size": "Pauls Kids Yoghurt Pouch Banana 70g",
    "WOW Price": 1.4,
    "WOW Size": "70g",
    "WOW ppu": "$2.00 / 100G"
  },
  {
    "Brand_Product_Size": "Woolworths Carrot Dutch Bunch each",
    "WOW Price": 3.5,
    "WOW Size": "each",
    "WOW ppu": "$3.50 / 1EA"
  },
  {
    "Brand_Product_Size": "Fancy Feast Adult Royale Broths Tuna, Surimi & Prawns Wet Cat Food 40g",
    "WOW Price": 1.2,
    "WOW Size": "40g",
    "WOW ppu": "$3.00 / 100G"
  },
  {
    "Brand_Product_Size": "Woolworths Mango In Mango Jelly 480g 4 pack",
    "WOW Price": 2.2,
    "WOW Size": "480g 4 pack",
    "WOW ppu": "$4.58 / 1KG"
  },
  {
    "Brand_Product_Size": "Woolworths Mango In Mango Jelly 480g 4 pack",
    "WOW Price": 2.2,
    "WOW Size": "480g 4 pack",
    "WOW ppu": "$4.58 / 1KG"
  },
  {
    "Brand_Product_Size": "Meredith Dairy Dill Cheese 150g",
    "WOW Price": 7.5,
    "WOW Size": "150g",
    "WOW ppu": "$50.00 / 1KG"
  },
  {
    "Brand_Product_Size": "Meredith Dairy Dill Cheese 150g",
    "WOW Price": 7.5,
    "WOW Size": "150g",
    "WOW ppu": "$50.00 / 1KG"
  },
  {
    "Brand_Product_Size": "Woolworths Chicken Mince 500g",
    "WOW Price": 6,
    "WOW Size": "500g",
    "WOW ppu": "$12.00 / 1KG"
  },
  {
    "Brand_Product_Size": "Devondale 3 Cheese Blend Shredded Cheese 600g",
    "WOW Price": 7.5,
    "WOW Size": "600g",
    "WOW ppu": "$12.50 / 1KG"
  },
  {
    "Brand_Product_Size": "Aveeno Active Naturals Positively Radiant Daily Scrub 141g",
    "WOW Price": 13.99,
    "WOW Size": "141g",
    "WOW ppu": "$9.99 / 100G"
  },
  {
    "Brand_Product_Size": "Suimin Red Curry Noodles 124g",
    "WOW Price": 3,
    "WOW Size": "124g",
    "WOW ppu": "$2.50 / 100G"
  },
  {
    "Brand_Product_Size": "Woolworths Vegetable Cocktail Spring Rolls 60 pack",
    "WOW Price": 5.8,
    "WOW Size": "60 pack",
    "WOW ppu": "$0.58 / 100G"
  },
  {
    "Brand_Product_Size": "Only Organic 6 Months+ Apple Banana & Mango 120g",
    "WOW Price": 1.5,
    "WOW Size": "120g",
    "WOW ppu": "$1.25 / 100G"
  },
  {
    "Brand_Product_Size": "Dolmio Extra Red Wine & Italian Herbs Tomato Pasta Sauce 500g",
    "WOW Price": 2.9,
    "WOW Size": "500g",
    "WOW ppu": "$0.58 / 100G"
  },
  {
    "Brand_Product_Size": "Passionfruit Panama each",
    "WOW Price": 1,
    "WOW Size": "each",
    "WOW ppu": "$1.00 / 1EA"
  },
  {
    "Brand_Product_Size": "Smith's Crinkle Cut Potato Chips Chicken 60g",
    "WOW Price": 2.1,
    "WOW Size": "60g",
    "WOW ppu": "$3.50 / 100G"
  },
  {
    "Brand_Product_Size": "Revlon Youth Fx Concealer Light 3.2mL",
    "WOW Price": 15,
    "WOW Size": "3.2mL",
    "WOW ppu": "$50.00 / 10ML"
  },
  {
    "Brand_Product_Size": "Essentials Neapolitan Chocolate, Vanilla, Strawberry Ice Cream 4L",
    "WOW Price": 4.9,
    "WOW Size": "4L",
    "WOW ppu": "$0.12 / 100ML"
  },
  {
    "Brand_Product_Size": "Baby Bellies Organic Softcorn Banana 8g",
    "WOW Price": 1.7,
    "WOW Size": "8g",
    "WOW ppu": "$21.25 / 100G"
  },
  {
    "Brand_Product_Size": "Uncle Tobys Roll Ups Lemonade Flavour 6 pack",
    "WOW Price": 4,
    "WOW Size": "6 pack",
    "WOW ppu": "$4.26 / 100G"
  },
  {
    "Brand_Product_Size": "Uncle Tobys Roll Ups Lemonade Flavour 6 pack",
    "WOW Price": 4,
    "WOW Size": "6 pack",
    "WOW ppu": "$4.26 / 100G"
  },
  {
    "Brand_Product_Size": "Streets Paddle Pop Rainbow 8 pack",
    "WOW Price": 5,
    "WOW Size": "8 pack",
    "WOW ppu": "$0.92 / 100ML"
  },
  {
    "Brand_Product_Size": "South Cape Brie 200g",
    "WOW Price": 5.99,
    "WOW Size": "200g",
    "WOW ppu": "$29.95 / 1KG"
  },
  {
    "Brand_Product_Size": "South Cape Brie 200g",
    "WOW Price": 5.99,
    "WOW Size": "200g",
    "WOW ppu": "$29.95 / 1KG"
  },
  {
    "Brand_Product_Size": "Woolworths Beef Mince 1kg",
    "WOW Price": 12,
    "WOW Size": "1kg",
    "WOW ppu": "$12.00 / 1KG"
  },
  {
    "Brand_Product_Size": "Woolworths Lite Milk 1L",
    "WOW Price": 1.29,
    "WOW Size": "1L",
    "WOW ppu": "$1.29 / 1L"
  },
  {
    "Brand_Product_Size": "My Dog Gourmet Beef Loaf Classics Wet Dog Food Tray 100g",
    "WOW Price": 1,
    "WOW Size": "100g",
    "WOW ppu": "$1.00 / 100G"
  },
  {
    "Brand_Product_Size": "Baker & Co. Cinnamon Donut Pretzel 2 pack",
    "WOW Price": 4,
    "WOW Size": "2 pack",
    "WOW ppu": "$2.35 / 100G"
  },
  {
    "Brand_Product_Size": "Woolworths Cook Roast Mixed Vegetables Mediterranean Style 350g",
    "WOW Price": 5,
    "WOW Size": "350g",
    "WOW ppu": "$14.29 / 1KG"
  },
  {
    "Brand_Product_Size": "Rimmel Match Perfection Foundation True Ivory 30mL",
    "WOW Price": 9.5,
    "WOW Size": "30mL",
    "WOW ppu": "$3.17 / 10ML"
  },
  {
    "Brand_Product_Size": "Armada Plastic Forks Assorted 20 pack",
    "WOW Price": 2,
    "WOW Size": "20 pack",
    "WOW ppu": "$0.10 / 1EA"
  },
  {
    "Brand_Product_Size": "Vileda Mop Easy Wring & Clean each",
    "WOW Price": 50,
    "WOW Size": "each",
    "WOW ppu": "$50.00 / 1EA"
  },
  {
    "Brand_Product_Size": "Woolworths Chicken Thigh Cutlets Skinless 450g - 750g",
    "WOW Price": 5.63,
    "WOW Size": "450g - 750g",
    "WOW ppu": "$7.50 / 1KG"
  },
  {
    "Brand_Product_Size": "Sabco Complete Clean Spin Mop Set Refill each",
    "WOW Price": 11,
    "WOW Size": "each",
    "WOW ppu": "$11.00 / 1EA"
  },
  {
    "Brand_Product_Size": "Woolworths Plastic Bowls Mixed Colour 20 pack",
    "WOW Price": 3,
    "WOW Size": "20 pack",
    "WOW ppu": "$0.15 / 1EA"
  },
  {
    "Brand_Product_Size": "Sunrice White Rice Premium Long Grain 1kg",
    "WOW Price": 2,
    "WOW Size": "1kg",
    "WOW ppu": "$0.20 / 100G"
  },
  {
    "Brand_Product_Size": "Woolworths Two Fruits In Juice In Juice 4x125g",
    "WOW Price": 2,
    "WOW Size": "4x125g",
    "WOW ppu": "$4.00 / 1KG"
  },
  {
    "Brand_Product_Size": "Woolworths Two Fruits In Juice In Juice 4x125g",
    "WOW Price": 2,
    "WOW Size": "4x125g",
    "WOW ppu": "$4.00 / 1KG"
  },
  {
    "Brand_Product_Size": "Well Naturally No Sugar Added White Chocolate 70g",
    "WOW Price": 3.5,
    "WOW Size": "70g",
    "WOW ppu": "$5.00 / 100G"
  },
  {
    "Brand_Product_Size": "Weis Real Good Feel Good Dark Chocolate 1L",
    "WOW Price": 8,
    "WOW Size": "1L",
    "WOW ppu": "$0.80 / 100ML"
  },
  {
    "Brand_Product_Size": "Woolworths Liquorice Twists Strawberry Flavoured 300g",
    "WOW Price": 2,
    "WOW Size": "300g",
    "WOW ppu": "$0.67 / 100G"
  },
  {
    "Brand_Product_Size": "Pureharvest Organic Oat Milk 1L",
    "WOW Price": 2,
    "WOW Size": "1L",
    "WOW ppu": "$2.00 / 1L"
  },
  {
    "Brand_Product_Size": "Pureharvest Organic Oat Milk 1L",
    "WOW Price": 2,
    "WOW Size": "1L",
    "WOW ppu": "$2.00 / 1L"
  },
  {
    "Brand_Product_Size": "Tofurky Italian Sausages 250g",
    "WOW Price": 6.5,
    "WOW Size": "250g",
    "WOW ppu": "$26.00 / 1KG"
  },
  {
    "Brand_Product_Size": "Nivea Ultra Sport Moisturising Sunscreen Spray Lotion Spf50+ 200mL",
    "WOW Price": 18,
    "WOW Size": "200mL",
    "WOW ppu": "$9.00 / 100ML"
  },
  {
    "Brand_Product_Size": "Woolworths Smiling Tums 6 Months+ Apple & Banana With Oats 120g",
    "WOW Price": 1,
    "WOW Size": "120g",
    "WOW ppu": "$0.83 / 100G"
  },
  {
    "Brand_Product_Size": "Pedigree Puppy With Chicken & Rice Dry Dog Food 2.5kg",
    "WOW Price": 12,
    "WOW Size": "2.5kg",
    "WOW ppu": "$0.48 / 100G"
  },
  {
    "Brand_Product_Size": "Waterfords Lite & Fruity Tahitian Lime 250mL x4 pack",
    "WOW Price": 2.3,
    "WOW Size": "250mL x4 pack",
    "WOW ppu": "$2.30 / 1L"
  },
  {
    "Brand_Product_Size": "Woolworths Brown Medium Grain Rice 1kg",
    "WOW Price": 2.5,
    "WOW Size": "1kg",
    "WOW ppu": "$0.25 / 100G"
  },
  {
    "Brand_Product_Size": "Allen's Cheekies Lollies 190g",
    "WOW Price": 3,
    "WOW Size": "190g",
    "WOW ppu": "$1.58 / 100G"
  },
  {
    "Brand_Product_Size": "Dine Saucy Morsels With Tuna Mornay & Cheese Wet Cat Food Tray 85g",
    "WOW Price": 0.8,
    "WOW Size": "85g",
    "WOW ppu": "$0.94 / 100G"
  },
  {
    "Brand_Product_Size": "Yankee Candle Home Inspiration Stony Cove 340g",
    "WOW Price": 20,
    "WOW Size": "340g",
    "WOW ppu": ""
  },
  {
    "Brand_Product_Size": "Cobs Popcorn Lightly Salted Slightly Sweet Gluten Free 120g",
    "WOW Price": 2.85,
    "WOW Size": "120g",
    "WOW ppu": "$2.38 / 100G"
  },
  {
    "Brand_Product_Size": "Cobs Popcorn Lightly Salted Slightly Sweet Gluten Free 120g",
    "WOW Price": 2.85,
    "WOW Size": "120g",
    "WOW ppu": "$2.38 / 100G"
  },
  {
    "Brand_Product_Size": "Masterfoods Chinese 5 Spice 30g",
    "WOW Price": 2.8,
    "WOW Size": "30g",
    "WOW ppu": "$0.93 / 10G"
  },
  {
    "Brand_Product_Size": "Macro Organic Beetroot 250g",
    "WOW Price": 4.5,
    "WOW Size": "250g",
    "WOW ppu": "$18.00 / 1KG"
  },
  {
    "Brand_Product_Size": "Coca-cola No Sugar Soft Drink Multipack Cans 375mL x30 pack",
    "WOW Price": 22.75,
    "WOW Size": "375mL x30 pack",
    "WOW ppu": "$2.02 / 1L"
  },
  {
    "Brand_Product_Size": "Fresh Chokoes each",
    "WOW Price": 1.57,
    "WOW Size": "each",
    "WOW ppu": "$1.57 / 1EA"
  },
  {
    "Brand_Product_Size": "Bodiez Vitalise Berry 15g Protein Water 500mL",
    "WOW Price": 3.6,
    "WOW Size": "500mL",
    "WOW ppu": "$7.20 / 1L"
  },
  {
    "Brand_Product_Size": "Woolworths Prosciutto Wrapped Chicken 400g",
    "WOW Price": 11,
    "WOW Size": "400g",
    "WOW ppu": "$2.75 / 100G"
  },
  {
    "Brand_Product_Size": "Bic Atlantis Retractable Pen Blue 4 pack",
    "WOW Price": 3.6,
    "WOW Size": "4 pack",
    "WOW ppu": ""
  },
  {
    "Brand_Product_Size": "Moving Mountains Plant Based Hot Dogs 240g",
    "WOW Price": 4.5,
    "WOW Size": "240g",
    "WOW ppu": "$18.75 / 1KG"
  },
  {
    "Brand_Product_Size": "Woolworths Pear Banana & Mango 120g",
    "WOW Price": 1,
    "WOW Size": "120g",
    "WOW ppu": "$0.83 / 100G"
  },
  {
    "Brand_Product_Size": "Woolworths Free From Gluten Seeded Bread 550g",
    "WOW Price": 4.5,
    "WOW Size": "550g",
    "WOW ppu": "$0.82 / 100G"
  },
  {
    "Brand_Product_Size": "Organic Lettuce Iceberg Prepacked each",
    "WOW Price": 4.2,
    "WOW Size": "each",
    "WOW ppu": "$4.20 / 1EA"
  },
  {
    "Brand_Product_Size": "Onion Shallot French each",
    "WOW Price": 0.65,
    "WOW Size": "each",
    "WOW ppu": "$0.65 / 1EA"
  },
  {
    "Brand_Product_Size": "Go Natural Power Protein Snap Bars Double Choc Crunch 40g",
    "WOW Price": 3,
    "WOW Size": "40g",
    "WOW ppu": "$7.50 / 100G"
  },
  {
    "Brand_Product_Size": "Pascall Chocolate Eclairs Lollies 300g",
    "WOW Price": 5,
    "WOW Size": "300g",
    "WOW ppu": "$1.67 / 100G"
  },
  {
    "Brand_Product_Size": "Quilton Facial Tissues Soft White 95 pack",
    "WOW Price": 1.25,
    "WOW Size": "95 pack",
    "WOW ppu": "$1.32 / 100SS"
  },
  {
    "Brand_Product_Size": "Quilton Facial Tissues Soft White 95 pack",
    "WOW Price": 1.25,
    "WOW Size": "95 pack",
    "WOW ppu": "$1.32 / 100SS"
  },
  {
    "Brand_Product_Size": "Nivea Oil In Lotion Cherry Blossom Body Moisturiser 400mL",
    "WOW Price": 8,
    "WOW Size": "400mL",
    "WOW ppu": "$2.00 / 100ML"
  },
  {
    "Brand_Product_Size": "Woolworths Peaches In Juice 10 pack",
    "WOW Price": 5,
    "WOW Size": "10 pack",
    "WOW ppu": "$4.00 / 1KG"
  },
  {
    "Brand_Product_Size": "Schweppes Solo Lemon Cans 10x375mL pack",
    "WOW Price": 12.4,
    "WOW Size": "10x375mL pack",
    "WOW ppu": "$3.31 / 1L"
  },
  {
    "Brand_Product_Size": "Danone Yopro Pouch Mango Yoghurt 150g",
    "WOW Price": 2.4,
    "WOW Size": "150g",
    "WOW ppu": "$1.60 / 100G"
  },
  {
    "Brand_Product_Size": "Woolworths Roasted Vegetable Quiche 700g",
    "WOW Price": 11.5,
    "WOW Size": "700g",
    "WOW ppu": "$1.64 / 100G"
  },
  {
    "Brand_Product_Size": "Nature's Gift Chicken Brown Rice & Vege Chilled Roll Dog Food 1.4kg",
    "WOW Price": 5,
    "WOW Size": "1.4kg",
    "WOW ppu": "$0.36 / 100G"
  },
  {
    "Brand_Product_Size": "Nescafe Coffee Mixer Sachets Latte Vanilla 10 pack",
    "WOW Price": 3.15,
    "WOW Size": "10 pack",
    "WOW ppu": "$0.32 / 1EA"
  },
  {
    "Brand_Product_Size": "Nescafe Coffee Mixer Sachets Latte Vanilla 10 pack",
    "WOW Price": 3.15,
    "WOW Size": "10 pack",
    "WOW ppu": "$0.32 / 1EA"
  },
  {
    "Brand_Product_Size": "Thomas Dux Blue Stilton 150g",
    "WOW Price": 5,
    "WOW Size": "150g",
    "WOW ppu": "$33.33 / 1KG"
  },
  {
    "Brand_Product_Size": "Thomas Dux Blue Stilton 150g",
    "WOW Price": 5,
    "WOW Size": "150g",
    "WOW ppu": "$33.33 / 1KG"
  },
  {
    "Brand_Product_Size": "Dentalife Adult Small/medium Breed Dog Dental Treats 10 pack",
    "WOW Price": 5.5,
    "WOW Size": "10 pack",
    "WOW ppu": "$2.78 / 100G"
  },
  {
    "Brand_Product_Size": "Designer White Tooth Toner Purple Polish Whitening Toothpaste 75mL",
    "WOW Price": 10,
    "WOW Size": "75mL",
    "WOW ppu": "$13.33 / 100ML"
  },
  {
    "Brand_Product_Size": "L'oreal Infallible Matte Foundation 175 Sand 30mL",
    "WOW Price": 15,
    "WOW Size": "30mL",
    "WOW ppu": "$5.00 / 10ML"
  },
  {
    "Brand_Product_Size": "L'oreal Dermo Expert Waterproof Eye Makeup Remover 125mL",
    "WOW Price": 8.35,
    "WOW Size": "125mL",
    "WOW ppu": "$6.68 / 100ML"
  },
  {
    "Brand_Product_Size": "Woolworths Lean Pork Mince 500g",
    "WOW Price": 6,
    "WOW Size": "500g",
    "WOW ppu": "$12.00 / 1KG"
  },
  {
    "Brand_Product_Size": "Peppercorn Beef Burger Extra Lean 500g",
    "WOW Price": 8.5,
    "WOW Size": "500g",
    "WOW ppu": "$17.00 / 1KG"
  },
  {
    "Brand_Product_Size": "Mccain Superfries Straight Cut 900g",
    "WOW Price": 3.3,
    "WOW Size": "900g",
    "WOW ppu": "$3.67 / 1KG"
  },
  {
    "Brand_Product_Size": "Bundaberg Ginger Beer 4x375mL",
    "WOW Price": 6.35,
    "WOW Size": "4x375mL",
    "WOW ppu": "$4.23 / 1L"
  },
  {
    "Brand_Product_Size": "Strike Mould Killer 500mL",
    "WOW Price": 2.8,
    "WOW Size": "500mL",
    "WOW ppu": "$0.56 / 100ML"
  },
  {
    "Brand_Product_Size": "Thins Multipack Classic Original Chips 6 pack",
    "WOW Price": 3.35,
    "WOW Size": "6 pack",
    "WOW ppu": "$2.94 / 100G"
  },
  {
    "Brand_Product_Size": "Thins Multipack Classic Original Chips 6 pack",
    "WOW Price": 3.35,
    "WOW Size": "6 pack",
    "WOW ppu": "$2.94 / 100G"
  },
  {
    "Brand_Product_Size": "Scotch-brite Non Scratch Scrub Sponge 3 pack",
    "WOW Price": 4.5,
    "WOW Size": "3 pack",
    "WOW ppu": "$1.50 / 1EA"
  },
  {
    "Brand_Product_Size": "Woolworths Green Basil Fresh Herb 15g punnet",
    "WOW Price": 3,
    "WOW Size": "15g punnet",
    "WOW ppu": "$2.00 / 10G"
  },
  {
    "Brand_Product_Size": "Woolworths Green Basil Fresh Herb 15g punnet",
    "WOW Price": 3,
    "WOW Size": "15g punnet",
    "WOW ppu": "$2.00 / 10G"
  },
  {
    "Brand_Product_Size": "Obela Plant Based Hommus Bowl Roasted Sweet Potato 285g",
    "WOW Price": 7.5,
    "WOW Size": "285g",
    "WOW ppu": "$2.63 / 100G"
  },
  {
    "Brand_Product_Size": "Woolworths Carrot Loaf 540g",
    "WOW Price": 4.5,
    "WOW Size": "540g",
    "WOW ppu": "$0.83 / 100G"
  },
  {
    "Brand_Product_Size": "Home Chef Quiche Lorraine 700g",
    "WOW Price": 8,
    "WOW Size": "700g",
    "WOW ppu": "$1.14 / 100G"
  },
  {
    "Brand_Product_Size": "Ingham's Frozen Chicken Nuggets Microwave 400g",
    "WOW Price": 4,
    "WOW Size": "400g",
    "WOW ppu": "$10.00 / 1KG"
  },
  {
    "Brand_Product_Size": "Steggles Crumbed Chicken Breast Fingers 360g",
    "WOW Price": 5,
    "WOW Size": "360g",
    "WOW ppu": "$13.89 / 1KG"
  },
  {
    "Brand_Product_Size": "Head & Shoulders Clean & Balanced Shampoo 200mL",
    "WOW Price": 7,
    "WOW Size": "200mL",
    "WOW ppu": "$3.50 / 100ML"
  },
  {
    "Brand_Product_Size": "V Energy Energy Drink Sugar Free With Guarana 250mL",
    "WOW Price": 2.8,
    "WOW Size": "250mL",
    "WOW ppu": "$11.20 / 1L"
  },
  {
    "Brand_Product_Size": "Cenovis B Complex Tablets 150 pack",
    "WOW Price": 14,
    "WOW Size": "150 pack",
    "WOW ppu": "$9.33 / 100EA"
  },
  {
    "Brand_Product_Size": "Energizer Iphone Cable 1.2 Metre each",
    "WOW Price": 30,
    "WOW Size": "each",
    "WOW ppu": ""
  },
  {
    "Brand_Product_Size": "L'oreal Paris Casting Creme Gloss 200 Ebony Black each",
    "WOW Price": 16,
    "WOW Size": "each",
    "WOW ppu": ""
  },
  {
    "Brand_Product_Size": "The Healthy Baker Plain Flour Easy Store 1kg",
    "WOW Price": 3,
    "WOW Size": "1kg",
    "WOW ppu": "$3.00 / 1KG"
  },
  {
    "Brand_Product_Size": "Funtime Kids Bubble Bath Space Bubbles 1L",
    "WOW Price": 2.15,
    "WOW Size": "1L",
    "WOW ppu": "$0.22 / 100ML"
  },
  {
    "Brand_Product_Size": "Airborne Pure New Zealand Honey 500g",
    "WOW Price": 6,
    "WOW Size": "500g",
    "WOW ppu": "$1.20 / 100G"
  },
  {
    "Brand_Product_Size": "Harry's Ice Cream Chocolate Peanut Butter & Fudge 475mL",
    "WOW Price": 6,
    "WOW Size": "475mL",
    "WOW ppu": "$1.26 / 100ML"
  },
  {
    "Brand_Product_Size": "Mccain Man Size Butter Chicken 480g",
    "WOW Price": 8,
    "WOW Size": "480g",
    "WOW ppu": "$1.67 / 100G"
  },
  {
    "Brand_Product_Size": "Sistema Klip It Plus Rectangle 180ml 3 pack",
    "WOW Price": 3.25,
    "WOW Size": "3 pack",
    "WOW ppu": "$3.25 / 1EA"
  },
  {
    "Brand_Product_Size": "Neutrogena Ultra Sheer Body Mist Spf 50 140g",
    "WOW Price": 12,
    "WOW Size": "140g",
    "WOW ppu": "$8.57 / 100G"
  },
  {
    "Brand_Product_Size": "Herbal Essences Conditioner Colour Me Happy 300mL",
    "WOW Price": 3.25,
    "WOW Size": "300mL",
    "WOW ppu": "$1.08 / 100ML"
  },
  {
    "Brand_Product_Size": "Csr Raw Sugar 1kg",
    "WOW Price": 2.3,
    "WOW Size": "1kg",
    "WOW ppu": "$0.23 / 100G"
  },
  {
    "Brand_Product_Size": "Ixl Apricot Jam 50% Less Sugar 220g",
    "WOW Price": 2,
    "WOW Size": "220g",
    "WOW ppu": "$0.91 / 100G"
  },
  {
    "Brand_Product_Size": "Apollo Adult Dog Food Gourmet Beef 100g",
    "WOW Price": 0.8,
    "WOW Size": "100g",
    "WOW ppu": "$0.80 / 100G"
  },
  {
    "Brand_Product_Size": "Fropro Singles Double Choc Sticks 4 pack",
    "WOW Price": 10,
    "WOW Size": "4 pack",
    "WOW ppu": "$2.50 / 100ML"
  },
  {
    "Brand_Product_Size": "Pringles Minis Salted Chips Multipack 5 pack",
    "WOW Price": 3.2,
    "WOW Size": "5 pack",
    "WOW ppu": "$3.37 / 100G"
  },
  {
    "Brand_Product_Size": "Essentials Cooking Chocolate Melts 375g",
    "WOW Price": 2.5,
    "WOW Size": "375g",
    "WOW ppu": "$0.67 / 100G"
  },
  {
    "Brand_Product_Size": "Green's Cake Mix Traditional Golden Butter 440g",
    "WOW Price": 2.75,
    "WOW Size": "440g",
    "WOW ppu": "$0.63 / 100G"
  },
  {
    "Brand_Product_Size": "Chux Magic Eraser Spot Cleaner 8 pack",
    "WOW Price": 4,
    "WOW Size": "8 pack",
    "WOW ppu": "$0.50 / 1EA"
  },
  {
    "Brand_Product_Size": "Devondale Unsalted Butter 250g",
    "WOW Price": 4,
    "WOW Size": "250g",
    "WOW ppu": "$1.60 / 100G"
  },
  {
    "Brand_Product_Size": "Urbane Mess Beard & Hair Trimmer each",
    "WOW Price": 20,
    "WOW Size": "each",
    "WOW ppu": "$20.00 / 1EA"
  },
  {
    "Brand_Product_Size": "Keep It Cleaner Plant Based Protein Powder Dark Choc Coconut Flavour 375g",
    "WOW Price": 30,
    "WOW Size": "375g",
    "WOW ppu": "$8.00 / 100G"
  },
  {
    "Brand_Product_Size": "Macro Organic Quinoa 500g",
    "WOW Price": 7,
    "WOW Size": "500g",
    "WOW ppu": "$1.40 / 100G"
  },
  {
    "Brand_Product_Size": "Flying Goose Sriracha Mayo 455mL",
    "WOW Price": 7.5,
    "WOW Size": "455mL",
    "WOW ppu": "$1.65 / 100ML"
  },
  {
    "Brand_Product_Size": "South Cape Greek Style Fetta 200g",
    "WOW Price": 4,
    "WOW Size": "200g",
    "WOW ppu": "$20.00 / 1KG"
  },
  {
    "Brand_Product_Size": "South Cape Greek Style Fetta 200g",
    "WOW Price": 4,
    "WOW Size": "200g",
    "WOW ppu": "$20.00 / 1KG"
  },
  {
    "Brand_Product_Size": "Disney Digital Thermometer Assorted each",
    "WOW Price": 9,
    "WOW Size": "each",
    "WOW ppu": "$9.00 / 1EA"
  },
  {
    "Brand_Product_Size": "Golden Circle Orange Juice 2L",
    "WOW Price": 2.7,
    "WOW Size": "2L",
    "WOW ppu": "$1.35 / 1L"
  },
  {
    "Brand_Product_Size": "Murray River Organics Coconut Oil 330mL",
    "WOW Price": 5.5,
    "WOW Size": "330mL",
    "WOW ppu": "$1.67 / 100ML"
  },
  {
    "Brand_Product_Size": "Cuddly Fabric Softner Aroma Relaxing Wild Lavender 900mL",
    "WOW Price": 9,
    "WOW Size": "900mL",
    "WOW ppu": "$10.00 / 1L"
  },
  {
    "Brand_Product_Size": "Kez's Brownie Bar Protein Boost Fudgy Choc Crunch 45g",
    "WOW Price": 1.45,
    "WOW Size": "45g",
    "WOW ppu": "$3.22 / 100G"
  },
  {
    "Brand_Product_Size": "Maesri Paste Masaman Curry 114g",
    "WOW Price": 1.65,
    "WOW Size": "114g",
    "WOW ppu": "$1.45 / 100G"
  },
  {
    "Brand_Product_Size": "Decor Go 2 In 1 Expandable Insulated Cooler Assorted each",
    "WOW Price": 8,
    "WOW Size": "each",
    "WOW ppu": ""
  },
  {
    "Brand_Product_Size": "Lindt Dark No Sugar Added Block 100g",
    "WOW Price": 5,
    "WOW Size": "100g",
    "WOW ppu": "$5.00 / 100G"
  },
  {
    "Brand_Product_Size": "Goldenfry Gravy Smooth Rich Granules 300g",
    "WOW Price": 6.3,
    "WOW Size": "300g",
    "WOW ppu": "$2.10 / 100G"
  },
  {
    "Brand_Product_Size": "Dove Beauty Soap Bar Fresh Touch 4x100g",
    "WOW Price": 4.4,
    "WOW Size": "4x100g",
    "WOW ppu": "$1.10 / 100G"
  },
  {
    "Brand_Product_Size": "Woolworths Tuna Pasta Sicilian 170g",
    "WOW Price": 3,
    "WOW Size": "170g",
    "WOW ppu": "$17.65 / 1KG"
  },
  {
    "Brand_Product_Size": "Bhuja Cracker Mix 180g",
    "WOW Price": 4,
    "WOW Size": "180g",
    "WOW ppu": "$22.22 / 1KG"
  },
  {
    "Brand_Product_Size": "Lynx Black Night Deodorant Bodyspray 165mL",
    "WOW Price": 3.5,
    "WOW Size": "165mL",
    "WOW ppu": "$2.12 / 100ML"
  },
  {
    "Brand_Product_Size": "Tetley Tagless Tea Bags 200 pack",
    "WOW Price": 6,
    "WOW Size": "200 pack",
    "WOW ppu": "$0.03 / 1EA"
  },
  {
    "Brand_Product_Size": "Tetley Tagless Tea Bags 200 pack",
    "WOW Price": 6,
    "WOW Size": "200 pack",
    "WOW ppu": "$0.03 / 1EA"
  },
  {
    "Brand_Product_Size": "The Natural Confectionery Co. 25% Less Sugar Mini Fruity Gems Lollies 30g x10 pack",
    "WOW Price": 5,
    "WOW Size": "30g x10 pack",
    "WOW ppu": "$1.67 / 100G"
  },
  {
    "Brand_Product_Size": "Mcobeauty Lashes For Liner Bond System Natural each",
    "WOW Price": 7.5,
    "WOW Size": "each",
    "WOW ppu": ""
  },
  {
    "Brand_Product_Size": "Moccona Freeze Dried Instant Coffee Indulgence 100g",
    "WOW Price": 7.5,
    "WOW Size": "100g",
    "WOW ppu": "$7.50 / 100G"
  },
  {
    "Brand_Product_Size": "Moccona Freeze Dried Instant Coffee Indulgence 100g",
    "WOW Price": 7.5,
    "WOW Size": "100g",
    "WOW ppu": "$7.50 / 100G"
  },
  {
    "Brand_Product_Size": "Ambi Pur Mini Clip Car Mould Fighter Aqua & Violet Jasmine each",
    "WOW Price": 5.25,
    "WOW Size": "each",
    "WOW ppu": "$23.86 / 10ML"
  },
  {
    "Brand_Product_Size": "Fodmapped For You Red Wine & Italian Herbs Tomato Pasta Sauce 375g",
    "WOW Price": 5.5,
    "WOW Size": "375g",
    "WOW ppu": "$1.47 / 100G"
  },
  {
    "Brand_Product_Size": "Atkins Low Carb Penne Pasta 250g",
    "WOW Price": 6.35,
    "WOW Size": "250g",
    "WOW ppu": "$2.54 / 100G"
  },
  {
    "Brand_Product_Size": "Nuby Nana Nubs Massaging Toothbrush each",
    "WOW Price": 6,
    "WOW Size": "each",
    "WOW ppu": "$6.00 / 1EA"
  },
  {
    "Brand_Product_Size": "Zafarelli Penne Rigati Pasta No 18 500g",
    "WOW Price": 1.2,
    "WOW Size": "500g",
    "WOW ppu": "$0.24 / 100G"
  },
  {
    "Brand_Product_Size": "Tom Organic Pads Super Ultra Thin 10 pack",
    "WOW Price": 5,
    "WOW Size": "10 pack",
    "WOW ppu": "$0.50 / 1EA"
  },
  {
    "Brand_Product_Size": "Mint Meat Thermometer each",
    "WOW Price": 6,
    "WOW Size": "each",
    "WOW ppu": ""
  },
  {
    "Brand_Product_Size": "Hunt And Brew Cold Brew Coffee Brazil 400mL",
    "WOW Price": 3,
    "WOW Size": "400mL",
    "WOW ppu": "$7.50 / 1L"
  },
  {
    "Brand_Product_Size": "Heinz Mashed Food 6 Months Apple & Blueberry Muesli 110g",
    "WOW Price": 1,
    "WOW Size": "110g",
    "WOW ppu": "$0.91 / 100G"
  },
  {
    "Brand_Product_Size": "Tasmanian Mountain Spring Water 10L",
    "WOW Price": 6.4,
    "WOW Size": "10L",
    "WOW ppu": "$0.64 / 1L"
  },
  {
    "Brand_Product_Size": "Chris' Dips Spicy Capsicum 200g",
    "WOW Price": 3.5,
    "WOW Size": "200g",
    "WOW ppu": "$1.75 / 100G"
  },
  {
    "Brand_Product_Size": "Fancy Plants Plant Based Vanilla Chia Pod 150g",
    "WOW Price": 3,
    "WOW Size": "150g",
    "WOW ppu": "$2.00 / 100G"
  },
  {
    "Brand_Product_Size": "Kellogg's Special K Forest Berries Cereal 380g",
    "WOW Price": 4.4,
    "WOW Size": "380g",
    "WOW ppu": "$1.16 / 100G"
  },
  {
    "Brand_Product_Size": "Green's Temptations Choc Chip Buttermilk Pancake Shake 335g",
    "WOW Price": 4,
    "WOW Size": "335g",
    "WOW ppu": "$1.19 / 100G"
  },
  {
    "Brand_Product_Size": "Arnott's Tim Tam Murray River Salted Double Choc 175g",
    "WOW Price": 4,
    "WOW Size": "175g",
    "WOW ppu": "$2.29 / 100G"
  },
  {
    "Brand_Product_Size": "Sunbeam Mixed Fruit 1kg",
    "WOW Price": 9.6,
    "WOW Size": "1kg",
    "WOW ppu": "$9.60 / 1KG"
  },
  {
    "Brand_Product_Size": "Morning Sun Muesli Natural Style 97% Fat Free 650g",
    "WOW Price": 3.5,
    "WOW Size": "650g",
    "WOW ppu": "$0.54 / 100G"
  },
  {
    "Brand_Product_Size": "San Remo Cannelloni 250g",
    "WOW Price": 2.9,
    "WOW Size": "250g",
    "WOW ppu": "$1.16 / 100G"
  },
  {
    "Brand_Product_Size": "Sorbent Frangipani Fragrance Collection Facial Tissue 170 pack",
    "WOW Price": 1.65,
    "WOW Size": "170 pack",
    "WOW ppu": "$0.97 / 100SS"
  },
  {
    "Brand_Product_Size": "Sorbent Frangipani Fragrance Collection Facial Tissue 170 pack",
    "WOW Price": 1.65,
    "WOW Size": "170 pack",
    "WOW ppu": "$0.97 / 100SS"
  },
  {
    "Brand_Product_Size": "Scotts Pies Meat 6 pack 900g",
    "WOW Price": 6,
    "WOW Size": "6 pack 900g",
    "WOW ppu": "$0.67 / 100G"
  },
  {
    "Brand_Product_Size": "Laucke Country Women's Scone Mix 1kg",
    "WOW Price": 5.75,
    "WOW Size": "1kg",
    "WOW ppu": "$5.75 / 1KG"
  },
  {
    "Brand_Product_Size": "Woolworths Ginger Kisses 8 pack",
    "WOW Price": 3.7,
    "WOW Size": "8 pack",
    "WOW ppu": "$1.85 / 100G"
  },
  {
    "Brand_Product_Size": "Woolworths Frozen Basa Fillets 1kg",
    "WOW Price": 7.5,
    "WOW Size": "1kg",
    "WOW ppu": "$7.50 / 1KG"
  },
  {
    "Brand_Product_Size": "Woolworths Frozen Basa Fillets 1kg",
    "WOW Price": 7.5,
    "WOW Size": "1kg",
    "WOW ppu": "$7.50 / 1KG"
  },
  {
    "Brand_Product_Size": "Peckish Thins Rice Crackers Cheddar Cheese 100g",
    "WOW Price": 2.2,
    "WOW Size": "100g",
    "WOW ppu": "$2.20 / 100G"
  },
  {
    "Brand_Product_Size": "Multix Council Liner Garbage Bags 10 pack",
    "WOW Price": 5.6,
    "WOW Size": "10 pack",
    "WOW ppu": "$0.56 / 1EA"
  },
  {
    "Brand_Product_Size": "Kellogg's Nutri-grain Original Cereal Snack Bars 10 pack",
    "WOW Price": 6,
    "WOW Size": "10 pack",
    "WOW ppu": "$2.50 / 100G"
  },
  {
    "Brand_Product_Size": "Kellogg's Nutri-grain Original Cereal Snack Bars 10 pack",
    "WOW Price": 6,
    "WOW Size": "10 pack",
    "WOW ppu": "$2.50 / 100G"
  },
  {
    "Brand_Product_Size": "Jack The Barber Double Edge Stainless Steel Razor Blades 12 pack",
    "WOW Price": 7.5,
    "WOW Size": "12 pack",
    "WOW ppu": "$0.63 / 1EA"
  },
  {
    "Brand_Product_Size": "Golden Days Fruit Snacks Bites Apricot 5x40g",
    "WOW Price": 4.5,
    "WOW Size": "5x40g",
    "WOW ppu": "$2.25 / 100G"
  },
  {
    "Brand_Product_Size": "Golden Days Fruit Snacks Bites Apricot 5x40g",
    "WOW Price": 4.5,
    "WOW Size": "5x40g",
    "WOW ppu": "$2.25 / 100G"
  },
  {
    "Brand_Product_Size": "Energizer Glass Screen Protector Iphone 6/7/8 Plus each",
    "WOW Price": 15,
    "WOW Size": "each",
    "WOW ppu": ""
  },
  {
    "Brand_Product_Size": "Bickford's Blueberry Juice Drink 1L",
    "WOW Price": 5.95,
    "WOW Size": "1L",
    "WOW ppu": "$5.95 / 1L"
  },
  {
    "Brand_Product_Size": "Palmer's Cocoa Butter Stretch Mark Lotion 250mL",
    "WOW Price": 16,
    "WOW Size": "250mL",
    "WOW ppu": "$6.40 / 100ML"
  },
  {
    "Brand_Product_Size": "Nestle Uncle Tobys Natural Style Swiss Blend Muesli 1kg",
    "WOW Price": 5,
    "WOW Size": "1kg",
    "WOW ppu": "$0.50 / 100G"
  },
  {
    "Brand_Product_Size": "Sard Wonder Colour Catcher 15 sheets",
    "WOW Price": 5.5,
    "WOW Size": "15 sheets",
    "WOW ppu": "$0.37 / 1EA"
  },
  {
    "Brand_Product_Size": "Plantry Plant Based Food Pad Thai 350g",
    "WOW Price": 8,
    "WOW Size": "350g",
    "WOW ppu": "$2.29 / 100G"
  },
  {
    "Brand_Product_Size": "Armada Freezer Bags Large 40 pack",
    "WOW Price": 0.6,
    "WOW Size": "40 pack",
    "WOW ppu": "$0.02 / 1EA"
  },
  {
    "Brand_Product_Size": "Fab Laundry Liquid Fresh Blossom 2L",
    "WOW Price": 8,
    "WOW Size": "2L",
    "WOW ppu": "$4.00 / 1L"
  },
  {
    "Brand_Product_Size": "Connoisseur Ice Cream Cookies & Cream 4 pack",
    "WOW Price": 6,
    "WOW Size": "4 pack",
    "WOW ppu": "$1.32 / 100ML"
  },
  {
    "Brand_Product_Size": "Garnier Eye Tissue Mask Hyaluronic Acid & Orange each",
    "WOW Price": 2.4,
    "WOW Size": "each",
    "WOW ppu": "$40.00 / 100G"
  },
  {
    "Brand_Product_Size": "Pledge Lemon Extra Care 330mL",
    "WOW Price": 4.5,
    "WOW Size": "330mL",
    "WOW ppu": "$1.36 / 100ML"
  },
  {
    "Brand_Product_Size": "Allen's Party Mix Classic Family Bag Lollies 465g",
    "WOW Price": 5,
    "WOW Size": "465g",
    "WOW ppu": "$1.08 / 100G"
  },
  {
    "Brand_Product_Size": "Mcobeauty Instant Concealer Light 10mL",
    "WOW Price": 9,
    "WOW Size": "10mL",
    "WOW ppu": "$9.00 / 10ML"
  },
  {
    "Brand_Product_Size": "Mccain Pub Style Potato Wedges 750g",
    "WOW Price": 4.5,
    "WOW Size": "750g",
    "WOW ppu": "$6.00 / 1KG"
  },
  {
    "Brand_Product_Size": "Centrum Mind & Memory Soft Capsules 50 pack",
    "WOW Price": 30,
    "WOW Size": "50 pack",
    "WOW ppu": "$0.60 / 1EA"
  },
  {
    "Brand_Product_Size": "Moccona Freeze Dried Instant Coffee Espresso 400g",
    "WOW Price": 24,
    "WOW Size": "400g",
    "WOW ppu": "$6.00 / 100G"
  },
  {
    "Brand_Product_Size": "Moccona Freeze Dried Instant Coffee Espresso 400g",
    "WOW Price": 24,
    "WOW Size": "400g",
    "WOW ppu": "$6.00 / 100G"
  },
  {
    "Brand_Product_Size": "Shine Bamboo Wipes 30 pack",
    "WOW Price": 7,
    "WOW Size": "30 pack",
    "WOW ppu": "$0.23 / 1EA"
  },
  {
    "Brand_Product_Size": "Essentials Pvc Bath Mat 68cm X 39cm each",
    "WOW Price": 10,
    "WOW Size": "each",
    "WOW ppu": ""
  },
  {
    "Brand_Product_Size": "Underworks Kids Sport Quarter Crew Black Assorted 5 pack",
    "WOW Price": 10,
    "WOW Size": "5 pack",
    "WOW ppu": ""
  },
  {
    "Brand_Product_Size": "Woolworths Raspberry Jam 500g",
    "WOW Price": 2.1,
    "WOW Size": "500g",
    "WOW ppu": "$0.42 / 100G"
  },
  {
    "Brand_Product_Size": "Woolworths Raspberry Jam 500g",
    "WOW Price": 2.1,
    "WOW Size": "500g",
    "WOW ppu": "$0.42 / 100G"
  },
  {
    "Brand_Product_Size": "Naturopathica Fat Blaster Keto Fit Fire 60 capsuLes",
    "WOW Price": 30,
    "WOW Size": "60 capsuLes",
    "WOW ppu": "$50.00 / 100EA"
  },
  {
    "Brand_Product_Size": "Hot Wheels Twister Tredz Assorted Tredz each",
    "WOW Price": 11,
    "WOW Size": "each",
    "WOW ppu": ""
  },
  {
    "Brand_Product_Size": "Disney Mickey Mouse Plush Doy Toy each",
    "WOW Price": 18,
    "WOW Size": "each",
    "WOW ppu": "$18.00 / 1EA"
  },
  {
    "Brand_Product_Size": "Macro Turmeric Latte 100g",
    "WOW Price": 6,
    "WOW Size": "100g",
    "WOW ppu": "$6.00 / 100G"
  },
  {
    "Brand_Product_Size": "Bounce Keto Almond Vanilla Low Carb Bar 5 pack",
    "WOW Price": 10,
    "WOW Size": "5 pack",
    "WOW ppu": "$5.71 / 100G"
  },
  {
    "Brand_Product_Size": "Hydralyte Sports Effervescent Tablets Berry 20 pack",
    "WOW Price": 13,
    "WOW Size": "20 pack",
    "WOW ppu": "$0.65 / 1EA"
  },
  {
    "Brand_Product_Size": "Mcobeauty Facial & Brow Razor Super Smooth each",
    "WOW Price": 6,
    "WOW Size": "each",
    "WOW ppu": "$6.00 / 1EA"
  },
  {
    "Brand_Product_Size": "Morning Fresh Dishwashing Liquid Lime 900mL",
    "WOW Price": 3.75,
    "WOW Size": "900mL",
    "WOW ppu": "$0.42 / 100ML"
  },
  {
    "Brand_Product_Size": "Obela Deli Style Parmesan Basil Pesto & Cashews 200g",
    "WOW Price": 5,
    "WOW Size": "200g",
    "WOW ppu": "$2.50 / 100G"
  },
  {
    "Brand_Product_Size": "Obela Deli Style Parmesan Basil Pesto & Cashews 200g",
    "WOW Price": 5,
    "WOW Size": "200g",
    "WOW ppu": "$2.50 / 100G"
  },
  {
    "Brand_Product_Size": "Golden Circle Lemon Cordial 2L",
    "WOW Price": 3,
    "WOW Size": "2L",
    "WOW ppu": "$1.50 / 1L"
  },
  {
    "Brand_Product_Size": "Bulla Real Dairy Vanilla Choc Chip Tub 4L",
    "WOW Price": 7.9,
    "WOW Size": "4L",
    "WOW ppu": "$0.20 / 100ML"
  },
  {
    "Brand_Product_Size": "Chris' Dips Traditional Hommus 200g",
    "WOW Price": 3.5,
    "WOW Size": "200g",
    "WOW ppu": "$1.75 / 100G"
  },
  {
    "Brand_Product_Size": "Energizer Lithium Ultimate Aa Batteries 2 pack",
    "WOW Price": 14,
    "WOW Size": "2 pack",
    "WOW ppu": "$7.00 / 1EA"
  },
  {
    "Brand_Product_Size": "Allen's Party Mix Lollies Bag Variety 190g",
    "WOW Price": 3,
    "WOW Size": "190g",
    "WOW ppu": "$1.58 / 100G"
  },
  {
    "Brand_Product_Size": "Atkins Endulge Bar Caramel Nut Chew 34g",
    "WOW Price": 3,
    "WOW Size": "34g",
    "WOW ppu": "$8.82 / 100G"
  },
  {
    "Brand_Product_Size": "White Wings Plain Flour 1kg",
    "WOW Price": 2.5,
    "WOW Size": "1kg",
    "WOW ppu": "$2.50 / 1KG"
  },
  {
    "Brand_Product_Size": "A2 Platinum Follow-on Formula Stage 2 6-12mnths 900g",
    "WOW Price": 38,
    "WOW Size": "900g",
    "WOW ppu": "$4.22 / 100G"
  },
  {
    "Brand_Product_Size": "Bonds Cottontails Full Brief Size 14 2 pack",
    "WOW Price": 20,
    "WOW Size": "2 pack",
    "WOW ppu": ""
  },
  {
    "Brand_Product_Size": "Jordans Cluster Bites Milk Chocolate 500g",
    "WOW Price": 7,
    "WOW Size": "500g",
    "WOW ppu": "$1.40 / 100G"
  },
  {
    "Brand_Product_Size": "Essentials Dog Food Beef 1.2kg",
    "WOW Price": 1.79,
    "WOW Size": "1.2kg",
    "WOW ppu": "$0.15 / 100G"
  },
  {
    "Brand_Product_Size": "Femfresh Soap Free Wash 250mL",
    "WOW Price": 5.4,
    "WOW Size": "250mL",
    "WOW ppu": "$2.16 / 100ML"
  },
  {
    "Brand_Product_Size": "Schweppes Natural Mineral Water Water 4 x300mL",
    "WOW Price": 5.9,
    "WOW Size": "4 x300mL",
    "WOW ppu": "$4.92 / 1L"
  },
  {
    "Brand_Product_Size": "Bosisto's Eucalyptus Oil 50mL",
    "WOW Price": 6,
    "WOW Size": "50mL",
    "WOW ppu": "$12.00 / 100ML"
  },
  {
    "Brand_Product_Size": "Carman's Protein Rich Porridge Sachets Almond, Vanilla & Cinnamon 6 pack",
    "WOW Price": 6,
    "WOW Size": "6 pack",
    "WOW ppu": "$2.50 / 100G"
  },
  {
    "Brand_Product_Size": "Maggie Beer Caramelised Onion Cheddar 170g",
    "WOW Price": 7,
    "WOW Size": "170g",
    "WOW ppu": "$41.18 / 1KG"
  },
  {
    "Brand_Product_Size": "Maggie Beer Caramelised Onion Cheddar 170g",
    "WOW Price": 7,
    "WOW Size": "170g",
    "WOW ppu": "$41.18 / 1KG"
  },
  {
    "Brand_Product_Size": "L'oreal Paris Magic Retouch Hair Colour 2 Dark Brown each",
    "WOW Price": 12.75,
    "WOW Size": "each",
    "WOW ppu": "$17.00 / 100ML"
  },
  {
    "Brand_Product_Size": "Karicare Soy Baby Infant Formula From 0 To 12 Months 900g",
    "WOW Price": 20,
    "WOW Size": "900g",
    "WOW ppu": "$2.22 / 100G"
  },
  {
    "Brand_Product_Size": "Woolworths Lasagne Sheets 250g",
    "WOW Price": 1.7,
    "WOW Size": "250g",
    "WOW ppu": "$0.68 / 100G"
  },
  {
    "Brand_Product_Size": "Crankt Vanilla 375mL",
    "WOW Price": 2.9,
    "WOW Size": "375mL",
    "WOW ppu": "$0.77 / 100ML"
  },
  {
    "Brand_Product_Size": "On The Menu Angus Roast Beef 320g",
    "WOW Price": 4.8,
    "WOW Size": "320g",
    "WOW ppu": "$1.50 / 100G"
  },
  {
    "Brand_Product_Size": "Gullon Biscuits Digestive Plain 400g",
    "WOW Price": 4.4,
    "WOW Size": "400g",
    "WOW ppu": "$1.10 / 100G"
  },
  {
    "Brand_Product_Size": "Masterfoods Garlic Powder 50g",
    "WOW Price": 3,
    "WOW Size": "50g",
    "WOW ppu": "$0.60 / 10G"
  },
  {
    "Brand_Product_Size": "Neutrogena Hydro Boost Night Concentrate 50g",
    "WOW Price": 27,
    "WOW Size": "50g",
    "WOW ppu": "$5.40 / 10G"
  },
  {
    "Brand_Product_Size": "Kiwi Shoe Care Boot Laces Black each",
    "WOW Price": 2.9,
    "WOW Size": "each",
    "WOW ppu": ""
  },
  {
    "Brand_Product_Size": "Norganic Spreads Golden Soy Mayonnaise 475mL",
    "WOW Price": 7,
    "WOW Size": "475mL",
    "WOW ppu": "$1.47 / 100ML"
  },
  {
    "Brand_Product_Size": "Edgell Diced Capsicum Diced 125g",
    "WOW Price": 1.4,
    "WOW Size": "125g",
    "WOW ppu": "$11.20 / 1KG"
  },
  {
    "Brand_Product_Size": "Goulburn Valley Two Fruits In Juice 2 pack",
    "WOW Price": 4,
    "WOW Size": "2 pack",
    "WOW ppu": "$11.76 / 1KG"
  },
  {
    "Brand_Product_Size": "U By Kotex Designer Series Protect Liners 30 pack",
    "WOW Price": 2.8,
    "WOW Size": "30 pack",
    "WOW ppu": "$0.09 / 1EA"
  },
  {
    "Brand_Product_Size": "Huggies Ultra Dry Nappies Crawler 6-11kg Girl 90 pack jumbo",
    "WOW Price": 30,
    "WOW Size": "90 pack jumbo",
    "WOW ppu": "$0.33 / 1EA"
  },
  {
    "Brand_Product_Size": "Schweppes Natural Mineral Water Lemon & Lime 1.1L",
    "WOW Price": 1.25,
    "WOW Size": "1.1L",
    "WOW ppu": "$1.14 / 1L"
  },
  {
    "Brand_Product_Size": "Fussy Cat Grain Free Beef, Kangaroo & Sweet Potato Wet Cat Food 400g",
    "WOW Price": 1.8,
    "WOW Size": "400g",
    "WOW ppu": "$0.45 / 100G"
  },
  {
    "Brand_Product_Size": "Goolwa Cooked Pipis 400g",
    "WOW Price": 10,
    "WOW Size": "400g",
    "WOW ppu": "$25.00 / 1KG"
  },
  {
    "Brand_Product_Size": "Zuru Xshot Excel Kickback 8 Darts each",
    "WOW Price": 8,
    "WOW Size": "each",
    "WOW ppu": ""
  },
  {
    "Brand_Product_Size": "Rana Porcini Mushroom Tortellini 565g",
    "WOW Price": 10,
    "WOW Size": "565g",
    "WOW ppu": "$1.77 / 100G"
  },
  {
    "Brand_Product_Size": "Berri Quelch Fruit Combos Ice Blocks 24x70mL",
    "WOW Price": 7,
    "WOW Size": "24x70mL",
    "WOW ppu": "$0.42 / 100ML"
  },
  {
    "Brand_Product_Size": "Quarter Past Coffee Syrup Caramel 250mL",
    "WOW Price": 5,
    "WOW Size": "250mL",
    "WOW ppu": "$2.00 / 100ML"
  },
  {
    "Brand_Product_Size": "Quarter Past Coffee Syrup Caramel 250mL",
    "WOW Price": 5,
    "WOW Size": "250mL",
    "WOW ppu": "$2.00 / 100ML"
  },
  {
    "Brand_Product_Size": "Palmolive Luminous Oils Liquid Hand Wash Soap Macadamia & Peony 500mL",
    "WOW Price": 5,
    "WOW Size": "500mL",
    "WOW ppu": "$1.00 / 100ML"
  },
  {
    "Brand_Product_Size": "Palmolive Naturals Body Wash Shea Butter Shower Gel 500mL",
    "WOW Price": 3.8,
    "WOW Size": "500mL",
    "WOW ppu": "$0.76 / 100ML"
  },
  {
    "Brand_Product_Size": "Toblerone Frozen Sticks 4 pack",
    "WOW Price": 6,
    "WOW Size": "4 pack",
    "WOW ppu": "$1.50 / 100ML"
  },
  {
    "Brand_Product_Size": "Cuddly Concentrate Fabric Softener Enchanted Rose 850mL",
    "WOW Price": 4.5,
    "WOW Size": "850mL",
    "WOW ppu": "$5.29 / 1L"
  },
  {
    "Brand_Product_Size": "Colgate Total Advanced Clean Fluoride Antibacterial Toothpaste 200g",
    "WOW Price": 8,
    "WOW Size": "200g",
    "WOW ppu": "$4.00 / 100G"
  },
  {
    "Brand_Product_Size": "Total Care Allwormer For Dogs 4 pack",
    "WOW Price": 14.5,
    "WOW Size": "4 pack",
    "WOW ppu": "$3.63 / 1EA"
  },
  {
    "Brand_Product_Size": "Daily Juice Breakfast 500mL",
    "WOW Price": 2.4,
    "WOW Size": "500mL",
    "WOW ppu": "$4.80 / 1L"
  },
  {
    "Brand_Product_Size": "Maybelline Fit Me Concealer - Fair 10 6.8mL",
    "WOW Price": 8,
    "WOW Size": "6.8mL",
    "WOW ppu": "$11.76 / 10ML"
  },
  {
    "Brand_Product_Size": "No Issues Toilet Paper 275 Sheets x6 pack",
    "WOW Price": 7,
    "WOW Size": "x6 pack",
    "WOW ppu": "$0.42 / 100SS"
  },
  {
    "Brand_Product_Size": "No Nasties Sugar Free-zies All Natural Icy Stix 15 pack",
    "WOW Price": 6.5,
    "WOW Size": "15 pack",
    "WOW ppu": "$0.72 / 100ML"
  },
  {
    "Brand_Product_Size": "Bonds Organics Boyleg Size 12 2 pack",
    "WOW Price": 24,
    "WOW Size": "2 pack",
    "WOW ppu": ""
  },
  {
    "Brand_Product_Size": "Razzamatazz Pantyhose Control Brazen Medium 2 pack",
    "WOW Price": 7,
    "WOW Size": "2 pack",
    "WOW ppu": ""
  },
  {
    "Brand_Product_Size": "Jack Hammer Clothes Line 15m each",
    "WOW Price": 4,
    "WOW Size": "each",
    "WOW ppu": "$4.00 / 1EA"
  },
  {
    "Brand_Product_Size": "Balnea Make Up Removing Facial Cleansing Cloth each",
    "WOW Price": 6,
    "WOW Size": "each",
    "WOW ppu": "$6.00 / 1EA"
  },
  {
    "Brand_Product_Size": "Evian Spring Still Water 750mL",
    "WOW Price": 2.75,
    "WOW Size": "750mL",
    "WOW ppu": "$3.67 / 1L"
  },
  {
    "Brand_Product_Size": "Evian Spring Still Water 750mL",
    "WOW Price": 2.75,
    "WOW Size": "750mL",
    "WOW ppu": "$3.67 / 1L"
  },
  {
    "Brand_Product_Size": "Julianne's Kitchen Apple And Thyme Paste Apple & Thyme 100g",
    "WOW Price": 6,
    "WOW Size": "100g",
    "WOW ppu": "$6.00 / 100G"
  },
  {
    "Brand_Product_Size": "Julianne's Kitchen Apple And Thyme Paste Apple & Thyme 100g",
    "WOW Price": 6,
    "WOW Size": "100g",
    "WOW ppu": "$6.00 / 100G"
  },
  {
    "Brand_Product_Size": "San Marino Artisan Chorizo Salami 250g",
    "WOW Price": 10,
    "WOW Size": "250g",
    "WOW ppu": "$40.00 / 1KG"
  },
  {
    "Brand_Product_Size": "Head & Shoulders Clean & Balanced Shampoo 400mL",
    "WOW Price": 9.1,
    "WOW Size": "400mL",
    "WOW ppu": "$2.28 / 100ML"
  },
  {
    "Brand_Product_Size": "Chris' Dips Green Olive 200g",
    "WOW Price": 3.5,
    "WOW Size": "200g",
    "WOW ppu": "$1.75 / 100G"
  },
  {
    "Brand_Product_Size": "Munchkin Flexi-straw Cup 207ml Assorted each",
    "WOW Price": 10,
    "WOW Size": "each",
    "WOW ppu": ""
  },
  {
    "Brand_Product_Size": "Brown Brothers Moscato Sparkling Rosa 4x200mL",
    "WOW Price": 20,
    "WOW Size": "4x200mL",
    "WOW ppu": ""
  },
  {
    "Brand_Product_Size": "Damprid Hanging Moisture Absorber Lavender & Vanilla 3 pack",
    "WOW Price": 17.5,
    "WOW Size": "3 pack",
    "WOW ppu": "$1.47 / 100G"
  },
  {
    "Brand_Product_Size": "Paperclick Expanding File each",
    "WOW Price": 6,
    "WOW Size": "each",
    "WOW ppu": ""
  },
  {
    "Brand_Product_Size": "Tommee Tippee Closer To Nature Fun Style Soothers 6-18 Months Assorted 2 pack",
    "WOW Price": 7.7,
    "WOW Size": "2 pack",
    "WOW ppu": ""
  },
  {
    "Brand_Product_Size": "La Casa Formaggio Mascarpone 250g",
    "WOW Price": 5,
    "WOW Size": "250g",
    "WOW ppu": "$20.00 / 1KG"
  },
  {
    "Brand_Product_Size": "La Casa Formaggio Mascarpone 250g",
    "WOW Price": 5,
    "WOW Size": "250g",
    "WOW ppu": "$20.00 / 1KG"
  },
  {
    "Brand_Product_Size": "Dove Men Antiperspirant Sport Fresh Deodorant Sports Fresh 254mL",
    "WOW Price": 3.5,
    "WOW Size": "254mL",
    "WOW ppu": "$1.38 / 100ML"
  },
  {
    "Brand_Product_Size": "Sunrice Thick Rice Cakes 150g",
    "WOW Price": 1.8,
    "WOW Size": "150g",
    "WOW ppu": "$1.20 / 100G"
  },
  {
    "Brand_Product_Size": "Sunrice Thick Rice Cakes 150g",
    "WOW Price": 1.8,
    "WOW Size": "150g",
    "WOW ppu": "$1.20 / 100G"
  },
  {
    "Brand_Product_Size": "Wd-40 Lubricant Multi Purpose 255g",
    "WOW Price": 6.5,
    "WOW Size": "255g",
    "WOW ppu": "$2.55 / 100G"
  },
  {
    "Brand_Product_Size": "L'oreal Paris Color Riche Lipstick Velvet Rose 4.8g",
    "WOW Price": 11,
    "WOW Size": "4.8g",
    "WOW ppu": "$22.92 / 10G"
  },
  {
    "Brand_Product_Size": "La Costena Mexican Style Chipotle In Adobo Sauce 230g",
    "WOW Price": 4.5,
    "WOW Size": "230g",
    "WOW ppu": "$1.96 / 100G"
  },
  {
    "Brand_Product_Size": "Keep It Cleaner Protein Almond Butter Cookie Ball 32g",
    "WOW Price": 2.4,
    "WOW Size": "32g",
    "WOW ppu": "$7.50 / 100G"
  },
  {
    "Brand_Product_Size": "L'oreal Paris Preference Helsinki Very Light Ash Blonde each",
    "WOW Price": 11.4,
    "WOW Size": "each",
    "WOW ppu": ""
  },
  {
    "Brand_Product_Size": "Omo 3in1 Capsule Active 442g",
    "WOW Price": 16,
    "WOW Size": "442g",
    "WOW ppu": "$0.94 / 1EA"
  },
  {
    "Brand_Product_Size": "Primo Chicken Dippers Bbq Sauce 85g",
    "WOW Price": 4,
    "WOW Size": "85g",
    "WOW ppu": "$47.06 / 1KG"
  },
  {
    "Brand_Product_Size": "Woolworths Whole Cumin Seeds 36g",
    "WOW Price": 2.9,
    "WOW Size": "36g",
    "WOW ppu": "$0.81 / 10G"
  },
  {
    "Brand_Product_Size": "Duck Toilet Fresh Disc Marine 36mL",
    "WOW Price": 6,
    "WOW Size": "36mL",
    "WOW ppu": "$16.67 / 100ML"
  },
  {
    "Brand_Product_Size": "Gillette Venus Comfortglide White Tea Women's Razor + 2 Blades each",
    "WOW Price": 13,
    "WOW Size": "each",
    "WOW ppu": "$13.00 / 1EA"
  },
  {
    "Brand_Product_Size": "Mission Low Fat Tortillas 8 pack",
    "WOW Price": 3.8,
    "WOW Size": "8 pack",
    "WOW ppu": "$0.99 / 100G"
  },
  {
    "Brand_Product_Size": "Curash Baby Wipes Simply Water 80 pack",
    "WOW Price": 5.5,
    "WOW Size": "80 pack",
    "WOW ppu": "$6.88 / 100EA"
  },
  {
    "Brand_Product_Size": "Grillworx 3 In 1 Hand Grill Brush each",
    "WOW Price": 6,
    "WOW Size": "each",
    "WOW ppu": "$6.00 / 1EA"
  },
  {
    "Brand_Product_Size": "Tom Organic Super Tampons 2x8 pack",
    "WOW Price": 5,
    "WOW Size": "2x8 pack",
    "WOW ppu": "$0.31 / 1EA"
  },
  {
    "Brand_Product_Size": "Fussy Cat Grain Free Beef And Kangaroo With Sweet Potato Dry Cat Food 500g",
    "WOW Price": 3.5,
    "WOW Size": "500g",
    "WOW ppu": "$0.70 / 100G"
  },
  {
    "Brand_Product_Size": "Perfect Italiano Grated Mozzarella 150g",
    "WOW Price": 3.25,
    "WOW Size": "150g",
    "WOW ppu": "$21.67 / 1KG"
  },
  {
    "Brand_Product_Size": "Pedigree High Protein Beef & Lamb Adult Dry Dog Food 7kg",
    "WOW Price": 20,
    "WOW Size": "7kg",
    "WOW ppu": "$0.29 / 100G"
  },
  {
    "Brand_Product_Size": "Voost Effervescent Magnesium Tablets 20 pack",
    "WOW Price": 6.5,
    "WOW Size": "20 pack",
    "WOW ppu": "$32.50 / 100EA"
  },
  {
    "Brand_Product_Size": "Fantastic Oriental Noodle Bowl 85g",
    "WOW Price": 1,
    "WOW Size": "85g",
    "WOW ppu": "$1.18 / 100G"
  },
  {
    "Brand_Product_Size": "Youfoodz Choc Peanut Protein Bites 80g",
    "WOW Price": 4,
    "WOW Size": "80g",
    "WOW ppu": "$5.00 / 100G"
  },
  {
    "Brand_Product_Size": "Unicorn Triple Cream Brie Cheese 125g",
    "WOW Price": 3.5,
    "WOW Size": "125g",
    "WOW ppu": "$28.00 / 1KG"
  },
  {
    "Brand_Product_Size": "Unicorn Triple Cream Brie Cheese 125g",
    "WOW Price": 3.5,
    "WOW Size": "125g",
    "WOW ppu": "$28.00 / 1KG"
  },
  {
    "Brand_Product_Size": "Nivea Pearl & Beauty Roll On Antiperspirant Deodorant 50mL",
    "WOW Price": 3.5,
    "WOW Size": "50mL",
    "WOW ppu": "$7.00 / 100ML"
  },
  {
    "Brand_Product_Size": "Macro Dried Blueberries 100g",
    "WOW Price": 5.5,
    "WOW Size": "100g",
    "WOW ppu": "$55.00 / 1KG"
  },
  {
    "Brand_Product_Size": "Ayam Paste Thai Red Curry 195g",
    "WOW Price": 3.5,
    "WOW Size": "195g",
    "WOW ppu": "$1.79 / 100G"
  },
  {
    "Brand_Product_Size": "Sellotape Desktop Dispenser each",
    "WOW Price": 10,
    "WOW Size": "each",
    "WOW ppu": ""
  },
  {
    "Brand_Product_Size": "Table Of Plenty Mini Rice Snacks Triple Berry Yoghurt Cakes 60g",
    "WOW Price": 3.6,
    "WOW Size": "60g",
    "WOW ppu": "$6.00 / 100G"
  },
  {
    "Brand_Product_Size": "Stabilo Swing Cool Pastels Highlighters 4 pack",
    "WOW Price": 6.5,
    "WOW Size": "4 pack",
    "WOW ppu": ""
  },
  {
    "Brand_Product_Size": "Sup Focus Mental Performance Supplements 25 pack",
    "WOW Price": 15,
    "WOW Size": "25 pack",
    "WOW ppu": "$60.00 / 100EA"
  },
  {
    "Brand_Product_Size": "Dynamo Professional Oxi Plus Stain Remover Laundry Liquid 1.8L",
    "WOW Price": 20,
    "WOW Size": "1.8L",
    "WOW ppu": "$11.11 / 1L"
  },
  {
    "Brand_Product_Size": "All Smiles Toothbrush Soft 2 pack",
    "WOW Price": 2,
    "WOW Size": "2 pack",
    "WOW ppu": "$1.00 / 1EA"
  },
  {
    "Brand_Product_Size": "Garnier Fructis Normal Strength & Shine Shampoo 850mL",
    "WOW Price": 7.5,
    "WOW Size": "850mL",
    "WOW ppu": "$0.88 / 100ML"
  },
  {
    "Brand_Product_Size": "Tamar Valley Vanilla Greek Style Yoghurt 1kg",
    "WOW Price": 6.4,
    "WOW Size": "1kg",
    "WOW ppu": "$0.64 / 100G"
  },
  {
    "Brand_Product_Size": "Armor All Car Care Glass Cleaner Wipes 25 pack",
    "WOW Price": 10.5,
    "WOW Size": "25 pack",
    "WOW ppu": "$0.42 / 1EA"
  },
  {
    "Brand_Product_Size": "Nestle Nan Comfort 2 Follow-on 6-12 Months Baby Formula Powder 800g",
    "WOW Price": 17,
    "WOW Size": "800g",
    "WOW ppu": "$2.13 / 100G"
  },
  {
    "Brand_Product_Size": "Schick Razor Disposable Quattro 4 Aloe & Vitamin E 3 pack",
    "WOW Price": 6,
    "WOW Size": "3 pack",
    "WOW ppu": "$2.00 / 1EA"
  },
  {
    "Brand_Product_Size": "Rite Aid Breast Discs Hydrogel 12 pack",
    "WOW Price": 8.3,
    "WOW Size": "12 pack",
    "WOW ppu": "$0.69 / 1EA"
  },
  {
    "Brand_Product_Size": "Masterfoods All Purpose Pepper Seasoning 50g",
    "WOW Price": 3,
    "WOW Size": "50g",
    "WOW ppu": "$0.60 / 10G"
  },
  {
    "Brand_Product_Size": "Cadbury Old Gold Dark Chocolate 70% Cocoa 180g",
    "WOW Price": 4.5,
    "WOW Size": "180g",
    "WOW ppu": "$2.50 / 100G"
  },
  {
    "Brand_Product_Size": "Inspire Dark Coloured Mug each",
    "WOW Price": 2,
    "WOW Size": "each",
    "WOW ppu": ""
  },
  {
    "Brand_Product_Size": "Ceres Organic Brown Rice Crackers Seaweed 115g",
    "WOW Price": 2.6,
    "WOW Size": "115g",
    "WOW ppu": "$2.26 / 100G"
  },
  {
    "Brand_Product_Size": "Tic Tac Fruit Adventure 24g",
    "WOW Price": 2,
    "WOW Size": "24g",
    "WOW ppu": "$8.33 / 100G"
  },
  {
    "Brand_Product_Size": "Manicare Dual Cosmetic Sharpener each",
    "WOW Price": 5,
    "WOW Size": "each",
    "WOW ppu": "$5.00 / 1EA"
  },
  {
    "Brand_Product_Size": "Bonds Underwear Mens Action Briefs Large each",
    "WOW Price": 24,
    "WOW Size": "each",
    "WOW ppu": ""
  },
  {
    "Brand_Product_Size": "Inside Out Almond Milk Unsweetened 1L",
    "WOW Price": 4,
    "WOW Size": "1L",
    "WOW ppu": "$4.00 / 1L"
  },
  {
    "Brand_Product_Size": "Uncle Tobys Muesli Bar Yoghurt Varieties 15 pack",
    "WOW Price": 6,
    "WOW Size": "15 pack",
    "WOW ppu": "$1.28 / 100G"
  },
  {
    "Brand_Product_Size": "Uncle Tobys Muesli Bar Yoghurt Varieties 15 pack",
    "WOW Price": 6,
    "WOW Size": "15 pack",
    "WOW ppu": "$1.28 / 100G"
  },
  {
    "Brand_Product_Size": "Poppin Microwave Popcorn Triple Butter Flavour Explosion 100g",
    "WOW Price": 1.75,
    "WOW Size": "100g",
    "WOW ppu": "$1.75 / 100G"
  },
  {
    "Brand_Product_Size": "Sole Mare Portuguese Style Sardines In Tomato Sauce 120g",
    "WOW Price": 2.8,
    "WOW Size": "120g",
    "WOW ppu": "$23.33 / 1KG"
  },
  {
    "Brand_Product_Size": "The Coach House Dairy Chocolate Milk 300mL",
    "WOW Price": 3.15,
    "WOW Size": "300mL",
    "WOW ppu": "$10.50 / 1L"
  },
  {
    "Brand_Product_Size": "La Zuppa Spring Veg & Brown Rice Pouch 540g",
    "WOW Price": 4.4,
    "WOW Size": "540g",
    "WOW ppu": "$0.81 / 100G"
  },
  {
    "Brand_Product_Size": "Nanna's Multipack Pies & Desserts Apple & Blackberry Pie 4 pack",
    "WOW Price": 4,
    "WOW Size": "4 pack",
    "WOW ppu": "$0.89 / 100G"
  },
  {
    "Brand_Product_Size": "Nando's Mild Peri Peri Sauce 250g",
    "WOW Price": 5.2,
    "WOW Size": "250g",
    "WOW ppu": "$2.08 / 100G"
  },
  {
    "Brand_Product_Size": "Pocky Strawberry Value Pack 8 pack",
    "WOW Price": 6,
    "WOW Size": "8 pack",
    "WOW ppu": "$3.57 / 100G"
  },
  {
    "Brand_Product_Size": "Pocky Strawberry Value Pack 8 pack",
    "WOW Price": 6,
    "WOW Size": "8 pack",
    "WOW ppu": "$3.57 / 100G"
  },
  {
    "Brand_Product_Size": "Swisse Kids Multi 60 pack",
    "WOW Price": 12.5,
    "WOW Size": "60 pack",
    "WOW ppu": "$20.83 / 100EA"
  },
  {
    "Brand_Product_Size": "Santa Vittoria Sparkling Mineral Water 750mL",
    "WOW Price": 1.8,
    "WOW Size": "750mL",
    "WOW ppu": "$2.40 / 1L"
  },
  {
    "Brand_Product_Size": "Heinz Simply Food 6 Months Vanilla Custard 120g",
    "WOW Price": 1.5,
    "WOW Size": "120g",
    "WOW ppu": "$1.25 / 100G"
  },
  {
    "Brand_Product_Size": "Cover Girl Exhbitionist Mascara 800 Very Black each",
    "WOW Price": 12,
    "WOW Size": "each",
    "WOW ppu": "$13.33 / 10ML"
  },
  {
    "Brand_Product_Size": "Miguel Maestre Free Range Tapas Plate 80g",
    "WOW Price": 7,
    "WOW Size": "80g",
    "WOW ppu": "$87.50 / 1KG"
  },
  {
    "Brand_Product_Size": "Korbond Party Balloons Assorted Colours 100 pack",
    "WOW Price": 7,
    "WOW Size": "100 pack",
    "WOW ppu": "$7.00 / 100EA"
  },
  {
    "Brand_Product_Size": "Akin Mild & Gentle Conditioner 500mL",
    "WOW Price": 18.85,
    "WOW Size": "500mL",
    "WOW ppu": "$3.77 / 100ML"
  },
  {
    "Brand_Product_Size": "Leggos Providore Tomato & Pepper 400g",
    "WOW Price": 5,
    "WOW Size": "400g",
    "WOW ppu": "$1.25 / 100G"
  },
  {
    "Brand_Product_Size": "Essentials Scourer Sponge 6 pack",
    "WOW Price": 1.98,
    "WOW Size": "6 pack",
    "WOW ppu": "$0.33 / 1EA"
  },
  {
    "Brand_Product_Size": "Just For Men Moustache & Beard Dark Brown 70g",
    "WOW Price": 12,
    "WOW Size": "70g",
    "WOW ppu": "$12.00 / 1EA"
  },
  {
    "Brand_Product_Size": "Epzen Relax Magnesium Body Spray 100mL",
    "WOW Price": 12,
    "WOW Size": "100mL",
    "WOW ppu": "$12.00 / 100ML"
  },
  {
    "Brand_Product_Size": "Fab Intense Fresh Front & Top Loader Laundry Powder 1.8kg",
    "WOW Price": 6,
    "WOW Size": "1.8kg",
    "WOW ppu": "$3.33 / 1KG"
  },
  {
    "Brand_Product_Size": "The Spice Tailor Delhi Biryani 360g",
    "WOW Price": 2.75,
    "WOW Size": "360g",
    "WOW ppu": "$0.76 / 100G"
  },
  {
    "Brand_Product_Size": "Woolworths Soft & Juicy Pitted Dates 250g",
    "WOW Price": 3,
    "WOW Size": "250g",
    "WOW ppu": "$12.00 / 1KG"
  },
  {
    "Brand_Product_Size": "Loacker Gran Pasticceria Dark Hazelnut 100g",
    "WOW Price": 2.5,
    "WOW Size": "100g",
    "WOW ppu": "$2.50 / 100G"
  },
  {
    "Brand_Product_Size": "Brioche Gourmet Brioche Burger Buns With Seasame Seeds 4 pack",
    "WOW Price": 5,
    "WOW Size": "4 pack",
    "WOW ppu": "$2.00 / 100G"
  },
  {
    "Brand_Product_Size": "Staedtler Student Set 6 pieces",
    "WOW Price": 5,
    "WOW Size": "6 pieces",
    "WOW ppu": ""
  },
  {
    "Brand_Product_Size": "Energizer Cable Usb-c 1.2 Metre Pink each",
    "WOW Price": 20,
    "WOW Size": "each",
    "WOW ppu": ""
  },
  {
    "Brand_Product_Size": "Decor Glass Vent & Seal Leak Proof Round 750mL",
    "WOW Price": 11,
    "WOW Size": "750mL",
    "WOW ppu": ""
  },
  {
    "Brand_Product_Size": "Always Fresh Capsicum Wood Roasted Piquillo Peppers 285g",
    "WOW Price": 3.5,
    "WOW Size": "285g",
    "WOW ppu": "$12.28 / 1KG"
  },
  {
    "Brand_Product_Size": "Fountain Soy & Honey Sauce 250mL",
    "WOW Price": 2.2,
    "WOW Size": "250mL",
    "WOW ppu": "$0.88 / 100ML"
  },
  {
    "Brand_Product_Size": "V Energy Drink Blue 4x275mL",
    "WOW Price": 6.6,
    "WOW Size": "4x275mL",
    "WOW ppu": "$6.00 / 1L"
  },
  {
    "Brand_Product_Size": "Gravox Gravy Liquid Best Ever Bangers & Mash 165g",
    "WOW Price": 2.5,
    "WOW Size": "165g",
    "WOW ppu": "$1.52 / 100G"
  },
  {
    "Brand_Product_Size": "Korbond Pretty Pink Balloons 12 pack",
    "WOW Price": 2,
    "WOW Size": "12 pack",
    "WOW ppu": "$0.17 / 1EA"
  },
  {
    "Brand_Product_Size": "Winners Sports Nutrition Energy Bar Apple Berry Crumble 55g",
    "WOW Price": 2.5,
    "WOW Size": "55g",
    "WOW ppu": "$4.55 / 100G"
  },
  {
    "Brand_Product_Size": "Berry Nice Multi Flavour Creamy Ice Bars 15 pack",
    "WOW Price": 4,
    "WOW Size": "15 pack",
    "WOW ppu": "$0.31 / 100ML"
  },
  {
    "Brand_Product_Size": "Hershey's Chocolate Syrup Squeeze 680g",
    "WOW Price": 5,
    "WOW Size": "680g",
    "WOW ppu": "$0.74 / 100G"
  },
  {
    "Brand_Product_Size": "Mint Large Oval Platter Stoneware each",
    "WOW Price": 10,
    "WOW Size": "each",
    "WOW ppu": ""
  },
  {
    "Brand_Product_Size": "Maggi 2 Minute Instant Cup Noodle Chicken 60g",
    "WOW Price": 1.8,
    "WOW Size": "60g",
    "WOW ppu": "$3.10 / 100G"
  },
  {
    "Brand_Product_Size": "Oak Chocolate Milk 600mL",
    "WOW Price": 3.1,
    "WOW Size": "600mL",
    "WOW ppu": "$5.17 / 1L"
  },
  {
    "Brand_Product_Size": "Flora Proactiv Margarine Buttery 250g",
    "WOW Price": 3.5,
    "WOW Size": "250g",
    "WOW ppu": "$1.40 / 100G"
  },
  {
    "Brand_Product_Size": "Palmolive Naturals Body Wash Pomegranate With Mango Shower Gel 1L",
    "WOW Price": 8.5,
    "WOW Size": "1L",
    "WOW ppu": "$0.85 / 100ML"
  },
  {
    "Brand_Product_Size": "Macro Almonds Tamari 500g",
    "WOW Price": 11,
    "WOW Size": "500g",
    "WOW ppu": "$22.00 / 1KG"
  },
  {
    "Brand_Product_Size": "Jack The Barber Steel Flip Comb Stainless Steel each",
    "WOW Price": 10,
    "WOW Size": "each",
    "WOW ppu": "$10.00 / 1EA"
  },
  {
    "Brand_Product_Size": "Tommee Tippee Discovera Trainer Cup 260mL",
    "WOW Price": 10,
    "WOW Size": "260mL",
    "WOW ppu": "$10.00 / 1EA"
  },
  {
    "Brand_Product_Size": "Woolworths Strawberry Flavoured Milk 2L",
    "WOW Price": 3.85,
    "WOW Size": "2L",
    "WOW ppu": "$1.93 / 1L"
  },
  {
    "Brand_Product_Size": "Unicorn Double Brie Cheese 125g",
    "WOW Price": 3.5,
    "WOW Size": "125g",
    "WOW ppu": "$28.00 / 1KG"
  },
  {
    "Brand_Product_Size": "Unicorn Double Brie Cheese 125g",
    "WOW Price": 3.5,
    "WOW Size": "125g",
    "WOW ppu": "$28.00 / 1KG"
  },
  {
    "Brand_Product_Size": "Ultimates Indulge Chicken Mince And Sardine 400g",
    "WOW Price": 2.5,
    "WOW Size": "400g",
    "WOW ppu": "$0.63 / 100G"
  },
  {
    "Brand_Product_Size": "Leggos Ricotta & Roast Vegetables Tortillini 360g",
    "WOW Price": 4.5,
    "WOW Size": "360g",
    "WOW ppu": "$1.25 / 100G"
  },
  {
    "Brand_Product_Size": "Jason Insulux Plush Heated Throw Navy each",
    "WOW Price": 50,
    "WOW Size": "each",
    "WOW ppu": ""
  },
  {
    "Brand_Product_Size": "Rimmel Lasting Finish 25hr Foundation True Beige 30mL",
    "WOW Price": 9.5,
    "WOW Size": "30mL",
    "WOW ppu": "$3.17 / 10ML"
  },
  {
    "Brand_Product_Size": "Maui Moisture Nourish & Moisture Coconut Milk Shampoo 385mL",
    "WOW Price": 22,
    "WOW Size": "385mL",
    "WOW ppu": "$5.71 / 100ML"
  },
  {
    "Brand_Product_Size": "Weight Watchers Beef Lasagne 370g",
    "WOW Price": 4,
    "WOW Size": "370g",
    "WOW ppu": "$1.08 / 100G"
  },
  {
    "Brand_Product_Size": "Heinz Baked Beans No Added Sugar 300g x3 pack",
    "WOW Price": 3,
    "WOW Size": "300g x3 pack",
    "WOW ppu": "$0.33 / 100G"
  },
  {
    "Brand_Product_Size": "Lion Tapioca Pearls 375g",
    "WOW Price": 2.8,
    "WOW Size": "375g",
    "WOW ppu": "$0.75 / 100G"
  },
  {
    "Brand_Product_Size": "Lindt Excellence Dark Chocolate Roasted Almond 100g bLock",
    "WOW Price": 2.7,
    "WOW Size": "100g bLock",
    "WOW ppu": "$2.70 / 100G"
  },
  {
    "Brand_Product_Size": "Oscar Orsen Hair Side Combs Shell 6 pack",
    "WOW Price": 3.3,
    "WOW Size": "6 pack",
    "WOW ppu": ""
  },
  {
    "Brand_Product_Size": "Coca-cola No Sugar Mini Cans 200mL x8 pack",
    "WOW Price": 7.2,
    "WOW Size": "200mL x8 pack",
    "WOW ppu": "$4.50 / 1L"
  },
  {
    "Brand_Product_Size": "Queen Pillar Box Red Food Colour 50mL",
    "WOW Price": 1.1,
    "WOW Size": "50mL",
    "WOW ppu": "$0.22 / 10ML"
  },
  {
    "Brand_Product_Size": "Philips Light Globe Led Filament 806lm B22 each",
    "WOW Price": 12,
    "WOW Size": "each",
    "WOW ppu": "$12.00 / 1EA"
  },
  {
    "Brand_Product_Size": "Armor All Car Care Wash Heavy Duty 1L",
    "WOW Price": 8,
    "WOW Size": "1L",
    "WOW ppu": "$0.80 / 100ML"
  },
  {
    "Brand_Product_Size": "Colgate Peppa Pig 2-5 Years Kids Toothpaste 90g",
    "WOW Price": 3,
    "WOW Size": "90g",
    "WOW ppu": "$3.33 / 100G"
  },
  {
    "Brand_Product_Size": "Bic Mega Lighters 2 pack",
    "WOW Price": 12,
    "WOW Size": "2 pack",
    "WOW ppu": "$6.00 / 1EA"
  },
  {
    "Brand_Product_Size": "Oak Strawberry Flavoured Milk 300mL",
    "WOW Price": 1.7,
    "WOW Size": "300mL",
    "WOW ppu": "$5.67 / 1L"
  },
  {
    "Brand_Product_Size": "Woolworths White Medium Grain Rice 1kg",
    "WOW Price": 3,
    "WOW Size": "1kg",
    "WOW ppu": "$0.30 / 100G"
  },
  {
    "Brand_Product_Size": "Rimmel Mascara Wonder'full Water Proof each",
    "WOW Price": 9.5,
    "WOW Size": "each",
    "WOW ppu": "$8.64 / 10ML"
  },
  {
    "Brand_Product_Size": "Nescafe Coffee Sachets Caramel Latte 26 pack",
    "WOW Price": 11,
    "WOW Size": "26 pack",
    "WOW ppu": "$0.42 / 1EA"
  },
  {
    "Brand_Product_Size": "Nescafe Coffee Sachets Caramel Latte 26 pack",
    "WOW Price": 11,
    "WOW Size": "26 pack",
    "WOW ppu": "$0.42 / 1EA"
  },
  {
    "Brand_Product_Size": "Jiinju Hydrating Sheet Mask With Hyaluronic Acid each",
    "WOW Price": 5,
    "WOW Size": "each",
    "WOW ppu": "$5.00 / 1EA"
  },
  {
    "Brand_Product_Size": "Spanish Onion Red Organic 500g",
    "WOW Price": 3.5,
    "WOW Size": "500g",
    "WOW ppu": "$7.00 / 1KG"
  },
  {
    "Brand_Product_Size": "Munchme Pumpkin Seed 120g",
    "WOW Price": 5.5,
    "WOW Size": "120g",
    "WOW ppu": "$4.58 / 100G"
  },
  {
    "Brand_Product_Size": "Bellyup Shotz Bio-fermented Lychee With Green Tea 6 pack",
    "WOW Price": 4.25,
    "WOW Size": "6 pack",
    "WOW ppu": "$14.17 / 1L"
  },
  {
    "Brand_Product_Size": "Toscano Pizza Base 2 pack",
    "WOW Price": 5.5,
    "WOW Size": "2 pack",
    "WOW ppu": "$1.83 / 100G"
  },
  {
    "Brand_Product_Size": "Canon Printer Ink Pg645 Black Ink Tank each",
    "WOW Price": 29,
    "WOW Size": "each",
    "WOW ppu": ""
  },
  {
    "Brand_Product_Size": "Bondi Sands Self Tan Eraser 200mL",
    "WOW Price": 20,
    "WOW Size": "200mL",
    "WOW ppu": "$10.00 / 100ML"
  },
  {
    "Brand_Product_Size": "Garnier Nutrisse Hair Colour 5 Chocolate Brown each",
    "WOW Price": 7.46,
    "WOW Size": "each",
    "WOW ppu": ""
  },
  {
    "Brand_Product_Size": "Woolworths Pasta Penne Rigate 500g",
    "WOW Price": 1,
    "WOW Size": "500g",
    "WOW ppu": "$0.20 / 100G"
  },
  {
    "Brand_Product_Size": "Sacla Basil Pesto 190g",
    "WOW Price": 4.9,
    "WOW Size": "190g",
    "WOW ppu": "$2.58 / 100G"
  },
  {
    "Brand_Product_Size": "Advil Capsules Liquid 20 pack",
    "WOW Price": 5,
    "WOW Size": "20 pack",
    "WOW ppu": "$0.25 / 1EA"
  },
  {
    "Brand_Product_Size": "Post-it Notes Canary Yellow 4 pack",
    "WOW Price": 4,
    "WOW Size": "4 pack",
    "WOW ppu": ""
  },
  {
    "Brand_Product_Size": "Vanish Napisan Gold Pro White Stain Remover Powder 900g",
    "WOW Price": 12,
    "WOW Size": "900g",
    "WOW ppu": "$13.33 / 1KG"
  },
  {
    "Brand_Product_Size": "Gluten Free Bakehouse Garlic Bread 300g",
    "WOW Price": 4.5,
    "WOW Size": "300g",
    "WOW ppu": "$1.50 / 100G"
  },
  {
    "Brand_Product_Size": "Frankie & Friends Budgie & Canary Bird Seed Mix 2kg",
    "WOW Price": 5,
    "WOW Size": "2kg",
    "WOW ppu": "$0.25 / 100G"
  },
  {
    "Brand_Product_Size": "Woolworths Lamb Rogan Josh With Rice 350g",
    "WOW Price": 7.5,
    "WOW Size": "350g",
    "WOW ppu": "$2.14 / 100G"
  },
  {
    "Brand_Product_Size": "Woolworths Wholemeal Self Raising Flour 1kg",
    "WOW Price": 2,
    "WOW Size": "1kg",
    "WOW ppu": "$2.00 / 1KG"
  },
  {
    "Brand_Product_Size": "Woolworths Chicken & Mushroom Arancini 8 pack",
    "WOW Price": 5,
    "WOW Size": "8 pack",
    "WOW ppu": "$2.50 / 100G"
  },
  {
    "Brand_Product_Size": "Woolworths Grass Fed Beef Sausage 500g",
    "WOW Price": 8,
    "WOW Size": "500g",
    "WOW ppu": "$16.00 / 1KG"
  },
  {
    "Brand_Product_Size": "Nature's Gift Meatballs Chicken Rice & Garden Veg Chilled Dog Food 700g",
    "WOW Price": 4,
    "WOW Size": "700g",
    "WOW ppu": "$0.57 / 100G"
  },
  {
    "Brand_Product_Size": "Woolworths Pork Fillet Heart Smart 270g - 650g",
    "WOW Price": 13.65,
    "WOW Size": "270g - 650g",
    "WOW ppu": "$21.00 / 1KG"
  },
  {
    "Brand_Product_Size": "Monster Energy Drink Ultra Zero 500mL x4 pack",
    "WOW Price": 12.5,
    "WOW Size": "500mL x4 pack",
    "WOW ppu": "$6.25 / 1L"
  },
  {
    "Brand_Product_Size": "Woolworths Brown Onions 2kg",
    "WOW Price": 5,
    "WOW Size": "2kg",
    "WOW ppu": "$2.50 / 1KG"
  },
  {
    "Brand_Product_Size": "Cobram Estate Extra Virgin Olive Oil 3L",
    "WOW Price": 45,
    "WOW Size": "3L",
    "WOW ppu": "$1.50 / 100ML"
  },
  {
    "Brand_Product_Size": "Mcobeauty Mega Balm Ointment 14g",
    "WOW Price": 4,
    "WOW Size": "14g",
    "WOW ppu": "$2.86 / 10G"
  },
  {
    "Brand_Product_Size": "Vegie Delights Crispy Chicken-style Burgers 300g",
    "WOW Price": 6,
    "WOW Size": "300g",
    "WOW ppu": "$2.00 / 100G"
  },
  {
    "Brand_Product_Size": "Fussy Cat Grain Free Cat Food Salmon & Whitefish With Olive Oil 2.5kg",
    "WOW Price": 19.99,
    "WOW Size": "2.5kg",
    "WOW ppu": "$0.80 / 100G"
  },
  {
    "Brand_Product_Size": "Supercoat Adult Healthy Weight Chicken Dry Dog Food 3kg",
    "WOW Price": 15.5,
    "WOW Size": "3kg",
    "WOW ppu": "$0.52 / 100G"
  },
  {
    "Brand_Product_Size": "Chapstick Lip Care Strawberry Lip Balm Spf 15 4.2g",
    "WOW Price": 3.3,
    "WOW Size": "4.2g",
    "WOW ppu": "$78.57 / 100G"
  },
  {
    "Brand_Product_Size": "On The Menu Spaghetti & Meatballs 260g",
    "WOW Price": 3,
    "WOW Size": "260g",
    "WOW ppu": "$1.15 / 100G"
  },
  {
    "Brand_Product_Size": "Birds Eye Microwave Chips Crinkle 140g",
    "WOW Price": 2.5,
    "WOW Size": "140g",
    "WOW ppu": "$17.86 / 1KG"
  },
  {
    "Brand_Product_Size": "Tassal Hot Smoked Salmon Natural 150g",
    "WOW Price": 9,
    "WOW Size": "150g",
    "WOW ppu": "$60.00 / 1KG"
  },
  {
    "Brand_Product_Size": "Sambucol Soothing Throat Lozenges Black Elderberry 16 pack",
    "WOW Price": 8,
    "WOW Size": "16 pack",
    "WOW ppu": "$0.50 / 1EA"
  },
  {
    "Brand_Product_Size": "Fresh Fodder Smokey Taramosalata 200g",
    "WOW Price": 4,
    "WOW Size": "200g",
    "WOW ppu": "$2.00 / 100G"
  },
  {
    "Brand_Product_Size": "Snickers White Chocolate Bar 49g",
    "WOW Price": 2,
    "WOW Size": "49g",
    "WOW ppu": "$5.00 / 100G"
  },
  {
    "Brand_Product_Size": "Hoyt's Poppy Seed 240g",
    "WOW Price": 4.25,
    "WOW Size": "240g",
    "WOW ppu": "$0.18 / 10G"
  },
  {
    "Brand_Product_Size": "Steggles Tempura Chicken Breast Nuggets 400g",
    "WOW Price": 5,
    "WOW Size": "400g",
    "WOW ppu": "$12.50 / 1KG"
  },
  {
    "Brand_Product_Size": "Macro Free Range Chicken Splits Lemon & Garlic 900g - 1.25kg",
    "WOW Price": 13.13,
    "WOW Size": "900g - 1.25kg",
    "WOW ppu": "$10.50 / 1KG"
  },
  {
    "Brand_Product_Size": "Essentials French Fries 1kg",
    "WOW Price": 2,
    "WOW Size": "1kg",
    "WOW ppu": "$2.00 / 1KG"
  },
  {
    "Brand_Product_Size": "Armada Cling Wrap 33cm x 150m",
    "WOW Price": 6.5,
    "WOW Size": "33cm x 150m",
    "WOW ppu": "$0.04 / 1M"
  },
  {
    "Brand_Product_Size": "Armada Cling Wrap 33cm x 150m",
    "WOW Price": 6.5,
    "WOW Size": "33cm x 150m",
    "WOW ppu": "$0.04 / 1M"
  },
  {
    "Brand_Product_Size": "Primo Chorizo 2 Pack 250g",
    "WOW Price": 6.5,
    "WOW Size": "250g",
    "WOW ppu": "$26.00 / 1KG"
  },
  {
    "Brand_Product_Size": "Head & Shoulders Supreme Moisture Conditioner 400mL",
    "WOW Price": 10.5,
    "WOW Size": "400mL",
    "WOW ppu": "$2.63 / 100ML"
  },
  {
    "Brand_Product_Size": "Maybelline Fit Me Concealer - Medium 6.8mL",
    "WOW Price": 8,
    "WOW Size": "6.8mL",
    "WOW ppu": "$11.76 / 10ML"
  },
  {
    "Brand_Product_Size": "Ceres Organic Sauerkraut 680g",
    "WOW Price": 5.5,
    "WOW Size": "680g",
    "WOW ppu": "$0.81 / 100G"
  },
  {
    "Brand_Product_Size": "Hygiene Plus All Rounder Powder Free Poly Gloves M/l 100 pack",
    "WOW Price": 10.5,
    "WOW Size": "100 pack",
    "WOW ppu": "$0.11 / 1EA"
  },
  {
    "Brand_Product_Size": "Ingham's Free Range Chicken Breast Sourdough Garlic Butter Kievs 350g",
    "WOW Price": 7.7,
    "WOW Size": "350g",
    "WOW ppu": "$22.00 / 1KG"
  },
  {
    "Brand_Product_Size": "Paperclick Document Folder Assorted 10 pack",
    "WOW Price": 4,
    "WOW Size": "10 pack",
    "WOW ppu": ""
  },
  {
    "Brand_Product_Size": "Sirena Sicilian Style Pasta With Tuna 170g",
    "WOW Price": 4,
    "WOW Size": "170g",
    "WOW ppu": "$23.53 / 1KG"
  },
  {
    "Brand_Product_Size": "Cenovis Magnesium Muscle Health Tablets 120 pack",
    "WOW Price": 19,
    "WOW Size": "120 pack",
    "WOW ppu": "$15.83 / 100EA"
  },
  {
    "Brand_Product_Size": "L'oreal Hair Spray Elnett Supreme Volume Hold 400mL",
    "WOW Price": 11,
    "WOW Size": "400mL",
    "WOW ppu": "$2.75 / 100ML"
  },
  {
    "Brand_Product_Size": "Rana Fresh Fettuccine Pasta 325g",
    "WOW Price": 5,
    "WOW Size": "325g",
    "WOW ppu": "$1.54 / 100G"
  },
  {
    "Brand_Product_Size": "Strike Glass Cleaner 750mL",
    "WOW Price": 1.7,
    "WOW Size": "750mL",
    "WOW ppu": "$0.23 / 100ML"
  },
  {
    "Brand_Product_Size": "Ansell Gloves Powder Free Disposable Large 24 pack",
    "WOW Price": 6,
    "WOW Size": "24 pack",
    "WOW ppu": "$0.25 / 1EA"
  },
  {
    "Brand_Product_Size": "Woolworths Chicken & Mushroom Pie 700g",
    "WOW Price": 13.5,
    "WOW Size": "700g",
    "WOW ppu": "$1.93 / 100G"
  },
  {
    "Brand_Product_Size": "Mccain Mixed Vegetables Peas Corn & Carrot 2kg",
    "WOW Price": 7.8,
    "WOW Size": "2kg",
    "WOW ppu": "$3.90 / 1KG"
  },
  {
    "Brand_Product_Size": "Radish Fresh bunch",
    "WOW Price": 3,
    "WOW Size": "bunch",
    "WOW ppu": "$3.00 / 1EA"
  },
  {
    "Brand_Product_Size": "Mint Non-stick Coating Frypan 30cm each",
    "WOW Price": 10.4,
    "WOW Size": "each",
    "WOW ppu": ""
  },
  {
    "Brand_Product_Size": "Allen's Strawberry & Cream Lollies Bag 190g",
    "WOW Price": 3,
    "WOW Size": "190g",
    "WOW ppu": "$1.58 / 100G"
  },
  {
    "Brand_Product_Size": "Sunraysia Apple & Strawberry Juice 200mL",
    "WOW Price": 1.4,
    "WOW Size": "200mL",
    "WOW ppu": "$7.00 / 1L"
  },
  {
    "Brand_Product_Size": "Halo Top Plant Based Choc Chip Cookie Dough Frozen Dessert 473mL",
    "WOW Price": 7,
    "WOW Size": "473mL",
    "WOW ppu": "$1.48 / 100ML"
  },
  {
    "Brand_Product_Size": "Raid One Shot Insect Spray Cik Target Kill 300g",
    "WOW Price": 9.7,
    "WOW Size": "300g",
    "WOW ppu": "$3.23 / 100G"
  },
  {
    "Brand_Product_Size": "Woolworths Grass Fed Beef Rump Medallion 300g",
    "WOW Price": 11.5,
    "WOW Size": "300g",
    "WOW ppu": "$38.33 / 1KG"
  },
  {
    "Brand_Product_Size": "Latina Fresh Creamy Carbonara Pasta Sauce 425g",
    "WOW Price": 4,
    "WOW Size": "425g",
    "WOW ppu": "$0.94 / 100G"
  },
  {
    "Brand_Product_Size": "Nexba Apple, Pear & Ginger Sugar-free Kombucha 330mL x 4 pack",
    "WOW Price": 8.55,
    "WOW Size": "330mL x 4 pack",
    "WOW ppu": "$6.48 / 1L"
  },
  {
    "Brand_Product_Size": "Aqualove Alkaline Water 1L",
    "WOW Price": 2.5,
    "WOW Size": "1L",
    "WOW ppu": "$2.50 / 1L"
  },
  {
    "Brand_Product_Size": "Aqualove Alkaline Water 1L",
    "WOW Price": 2.5,
    "WOW Size": "1L",
    "WOW ppu": "$2.50 / 1L"
  },
  {
    "Brand_Product_Size": "Healtheries Rice Wheels Chicken Multipack 6 pack",
    "WOW Price": 3.8,
    "WOW Size": "6 pack",
    "WOW ppu": "$3.02 / 100G"
  },
  {
    "Brand_Product_Size": "H2juice Passionfruit With Prebiotic 1L",
    "WOW Price": 3.85,
    "WOW Size": "1L",
    "WOW ppu": "$3.85 / 1L"
  },
  {
    "Brand_Product_Size": "Golden Days Fruit Apricot Coconut Slice 150g",
    "WOW Price": 2.5,
    "WOW Size": "150g",
    "WOW ppu": "$1.67 / 100G"
  },
  {
    "Brand_Product_Size": "Golden Days Fruit Apricot Coconut Slice 150g",
    "WOW Price": 2.5,
    "WOW Size": "150g",
    "WOW ppu": "$1.67 / 100G"
  },
  {
    "Brand_Product_Size": "Ingham's Quick Cook Crumbed Sweet Chilli Chicken Tenders 440g",
    "WOW Price": 9,
    "WOW Size": "440g",
    "WOW ppu": "$20.45 / 1KG"
  },
  {
    "Brand_Product_Size": "Batiste Dry Shampoo Original 200mL",
    "WOW Price": 10,
    "WOW Size": "200mL",
    "WOW ppu": "$5.00 / 100ML"
  },
  {
    "Brand_Product_Size": "Sunrice Heat & Serve Rice & Quinoa 250g",
    "WOW Price": 2.8,
    "WOW Size": "250g",
    "WOW ppu": "$1.12 / 100G"
  },
  {
    "Brand_Product_Size": "Mint Non-stick Coating Round Cake Pan each",
    "WOW Price": 4.8,
    "WOW Size": "each",
    "WOW ppu": ""
  },
  {
    "Brand_Product_Size": "Macro Onion Spring Organic each",
    "WOW Price": 4.5,
    "WOW Size": "each",
    "WOW ppu": "$4.50 / 1EA"
  },
  {
    "Brand_Product_Size": "Head & Shoulders Smooth & Silky Conditioner 660mL",
    "WOW Price": 11.9,
    "WOW Size": "660mL",
    "WOW ppu": "$1.80 / 100ML"
  },
  {
    "Brand_Product_Size": "Aptamil Gold+ 2 Baby Follow-on Formula From 6 To 12 Months 900g",
    "WOW Price": 24.8,
    "WOW Size": "900g",
    "WOW ppu": "$2.76 / 100G"
  },
  {
    "Brand_Product_Size": "Woolworths Sourdough Bagels 4 pack",
    "WOW Price": 5,
    "WOW Size": "4 pack",
    "WOW ppu": "$1.56 / 100G"
  },
  {
    "Brand_Product_Size": "Mint Cutlery Set Stainless Steel 16 pack",
    "WOW Price": 16,
    "WOW Size": "16 pack",
    "WOW ppu": ""
  },
  {
    "Brand_Product_Size": "Swisse Ultiboost Iron + Probiotic Tablets 30 pack",
    "WOW Price": 22.5,
    "WOW Size": "30 pack",
    "WOW ppu": "$0.75 / 1EA"
  },
  {
    "Brand_Product_Size": "Danone Yopro Yoghurt Vanilla 160g",
    "WOW Price": 2.4,
    "WOW Size": "160g",
    "WOW ppu": "$1.50 / 100G"
  },
  {
    "Brand_Product_Size": "L'oreal Magic Retouch Instant Root Concealer Spray Magic Retouch each",
    "WOW Price": 12.75,
    "WOW Size": "each",
    "WOW ppu": "$17.00 / 100ML"
  },
  {
    "Brand_Product_Size": "Vittoria Espresso Beans 500g",
    "WOW Price": 9,
    "WOW Size": "500g",
    "WOW ppu": "$1.80 / 100G"
  },
  {
    "Brand_Product_Size": "Vittoria Espresso Beans 500g",
    "WOW Price": 9,
    "WOW Size": "500g",
    "WOW ppu": "$1.80 / 100G"
  },
  {
    "Brand_Product_Size": "Wet Ones Moist Wipes Gentle 15 pack",
    "WOW Price": 2.05,
    "WOW Size": "15 pack",
    "WOW ppu": "$0.14 / 1EA"
  },
  {
    "Brand_Product_Size": "Wet Ones Moist Wipes Gentle 15 pack",
    "WOW Price": 2.05,
    "WOW Size": "15 pack",
    "WOW ppu": "$0.14 / 1EA"
  },
  {
    "Brand_Product_Size": "Bref Power Active Ocean Breeze 2x50g",
    "WOW Price": 7,
    "WOW Size": "2x50g",
    "WOW ppu": "$7.00 / 100G"
  },
  {
    "Brand_Product_Size": "On The Menu Pasta Arrabbiata 260g",
    "WOW Price": 3,
    "WOW Size": "260g",
    "WOW ppu": "$1.15 / 100G"
  },
  {
    "Brand_Product_Size": "Nyal Anti Viral Cold Sore Cream 5g",
    "WOW Price": 8.6,
    "WOW Size": "5g",
    "WOW ppu": "$172.00 / 100G"
  },
  {
    "Brand_Product_Size": "Street Foodie Dynasty Banquet 1kg",
    "WOW Price": 7,
    "WOW Size": "1kg",
    "WOW ppu": "$0.70 / 100G"
  },
  {
    "Brand_Product_Size": "Tradie Mens Trunk Medium Assorted 3 pack",
    "WOW Price": 20,
    "WOW Size": "3 pack",
    "WOW ppu": ""
  },
  {
    "Brand_Product_Size": "Woolworths Spinach, Cheese & Herb Croissants 4 pack",
    "WOW Price": 4,
    "WOW Size": "4 pack",
    "WOW ppu": "$2.11 / 100G"
  },
  {
    "Brand_Product_Size": "Kewpie Japanese Mayonnaise 500g",
    "WOW Price": 7,
    "WOW Size": "500g",
    "WOW ppu": "$1.40 / 100G"
  },
  {
    "Brand_Product_Size": "Nexba Vanilla Sugar-free Liquid Brekkie 250mL x3 pack",
    "WOW Price": 2.87,
    "WOW Size": "250mL x3 pack",
    "WOW ppu": ""
  },
  {
    "Brand_Product_Size": "Keep It Cleaner Egg White Protein Rocky Road Bar 40g",
    "WOW Price": 3.5,
    "WOW Size": "40g",
    "WOW ppu": "$8.75 / 100G"
  },
  {
    "Brand_Product_Size": "Woolworths Pineapple Bottle 1.25L",
    "WOW Price": 1,
    "WOW Size": "1.25L",
    "WOW ppu": "$0.80 / 1L"
  },
  {
    "Brand_Product_Size": "Birds Eye Deli Sweet Potato Chips 600g",
    "WOW Price": 6,
    "WOW Size": "600g",
    "WOW ppu": "$10.00 / 1KG"
  },
  {
    "Brand_Product_Size": "Sensodyne Mouthwash Alcohol Free Cool Mint Gentle 500mL",
    "WOW Price": 5.4,
    "WOW Size": "500mL",
    "WOW ppu": "$1.08 / 100ML"
  },
  {
    "Brand_Product_Size": "Rafferty's Garden Lentil & Herb Sticks 15g",
    "WOW Price": 1.9,
    "WOW Size": "15g",
    "WOW ppu": "$12.67 / 100G"
  },
  {
    "Brand_Product_Size": "Arctic Zone Collapsible Cooler 24 Cans each",
    "WOW Price": 15,
    "WOW Size": "each",
    "WOW ppu": ""
  },
  {
    "Brand_Product_Size": "Woolworths Buttermilk 600mL",
    "WOW Price": 2.1,
    "WOW Size": "600mL",
    "WOW ppu": "$0.35 / 100ML"
  },
  {
    "Brand_Product_Size": "Aptamil Gold+ 1 Baby Infant Formula Sachets From Birth To 6 Months 21.9g x5 pack",
    "WOW Price": 4,
    "WOW Size": "21.9g x5 pack",
    "WOW ppu": "$3.65 / 100G"
  },
  {
    "Brand_Product_Size": "Woolworths Free From Gluten Choc Chip Mini Cookies 8 pack",
    "WOW Price": 4,
    "WOW Size": "8 pack",
    "WOW ppu": "$2.00 / 100G"
  },
  {
    "Brand_Product_Size": "Pak Choy Baby Asian Greens each",
    "WOW Price": 2.5,
    "WOW Size": "each",
    "WOW ppu": "$2.50 / 1EA"
  },
  {
    "Brand_Product_Size": "Eveready Gold Aa Batteries 4 pack",
    "WOW Price": 4.5,
    "WOW Size": "4 pack",
    "WOW ppu": "$1.13 / 1EA"
  },
  {
    "Brand_Product_Size": "Macro Certified Organic Yoghurt Natural 1kg",
    "WOW Price": 5.2,
    "WOW Size": "1kg",
    "WOW ppu": "$0.52 / 100G"
  },
  {
    "Brand_Product_Size": "L'oreal Revitalift Face Cream Laser Day Cream 50mL",
    "WOW Price": 27,
    "WOW Size": "50mL",
    "WOW ppu": "$54.00 / 100ML"
  },
  {
    "Brand_Product_Size": "Coca-cola Classic Soft Drink Multipack Cans 375mL x24 pack",
    "WOW Price": 31.8,
    "WOW Size": "375mL x24 pack",
    "WOW ppu": "$3.53 / 1L"
  },
  {
    "Brand_Product_Size": "Macro Organic Ginger Punnet 150g",
    "WOW Price": 10.5,
    "WOW Size": "150g",
    "WOW ppu": "$70.00 / 1KG"
  },
  {
    "Brand_Product_Size": "Maharajah's Choice Rice Flakes 500g",
    "WOW Price": 1.55,
    "WOW Size": "500g",
    "WOW ppu": "$0.31 / 100G"
  },
  {
    "Brand_Product_Size": "Gillette Venus Platinum Extra Smooth Women's Razor + 2 Blades each",
    "WOW Price": 19.9,
    "WOW Size": "each",
    "WOW ppu": "$19.90 / 1EA"
  },
  {
    "Brand_Product_Size": "Sellotape Sticky Tape Roll 24mmx66m each",
    "WOW Price": 2.5,
    "WOW Size": "each",
    "WOW ppu": ""
  },
  {
    "Brand_Product_Size": "Woolworths Curry Leaf Fresh Herb 5g punnet",
    "WOW Price": 3,
    "WOW Size": "5g punnet",
    "WOW ppu": "$6.00 / 10G"
  },
  {
    "Brand_Product_Size": "Woolworths Curry Leaf Fresh Herb 5g punnet",
    "WOW Price": 3,
    "WOW Size": "5g punnet",
    "WOW ppu": "$6.00 / 10G"
  },
  {
    "Brand_Product_Size": "Olina's Lavosh Crackers Rosemary & Sea Salt 100g",
    "WOW Price": 3.5,
    "WOW Size": "100g",
    "WOW ppu": "$3.50 / 100G"
  },
  {
    "Brand_Product_Size": "Essentials Mayonnaise 770g",
    "WOW Price": 3,
    "WOW Size": "770g",
    "WOW ppu": "$0.39 / 100G"
  },
  {
    "Brand_Product_Size": "Thankyou. Hand Wash Refill Botanical Lemon Myrtle & Goat's Milk 1L",
    "WOW Price": 12.5,
    "WOW Size": "1L",
    "WOW ppu": "$1.25 / 100ML"
  },
  {
    "Brand_Product_Size": "Olsent Led Gls Es 15w 1400lm Cw 2 pack",
    "WOW Price": 12,
    "WOW Size": "2 pack",
    "WOW ppu": "$6.00 / 1EA"
  },
  {
    "Brand_Product_Size": "Omo Sensitive Laundry Detergent Liquid Front & Top Loader 4L",
    "WOW Price": 24,
    "WOW Size": "4L",
    "WOW ppu": "$6.00 / 1L"
  },
  {
    "Brand_Product_Size": "Safcol Tuna In Oil Italian Style 185g",
    "WOW Price": 2.2,
    "WOW Size": "185g",
    "WOW ppu": "$11.89 / 1KG"
  },
  {
    "Brand_Product_Size": "Energizer Max 9v Batteries 4 pack",
    "WOW Price": 17,
    "WOW Size": "4 pack",
    "WOW ppu": "$4.25 / 1EA"
  },
  {
    "Brand_Product_Size": "Milo Original Can 240mL",
    "WOW Price": 3.2,
    "WOW Size": "240mL",
    "WOW ppu": "$13.33 / 1L"
  },
  {
    "Brand_Product_Size": "Milo Original Can 240mL",
    "WOW Price": 3.2,
    "WOW Size": "240mL",
    "WOW ppu": "$13.33 / 1L"
  },
  {
    "Brand_Product_Size": "White King Multipurpose Power Cleaner Lemon 1L",
    "WOW Price": 3.5,
    "WOW Size": "1L",
    "WOW ppu": "$0.35 / 100ML"
  },
  {
    "Brand_Product_Size": "Clio Girl Summer Glow Tight Natural Xt 90mm(w) X 250mm(h) each",
    "WOW Price": 5,
    "WOW Size": "each",
    "WOW ppu": ""
  },
  {
    "Brand_Product_Size": "Sup Collagen Hair Skin & Nails 60 pack",
    "WOW Price": 19,
    "WOW Size": "60 pack",
    "WOW ppu": "$31.67 / 100EA"
  },
  {
    "Brand_Product_Size": "Tamar Valley Yoghurt No Added Sugar Strawberry 170g",
    "WOW Price": 2.25,
    "WOW Size": "170g",
    "WOW ppu": "$1.32 / 100G"
  },
  {
    "Brand_Product_Size": "Hansells Creme Brulee 70g",
    "WOW Price": 2,
    "WOW Size": "70g",
    "WOW ppu": "$2.86 / 100G"
  },
  {
    "Brand_Product_Size": "Woolworths Swiss Brown Mushrooms Punnet 200g",
    "WOW Price": 5,
    "WOW Size": "200g",
    "WOW ppu": "$25.00 / 1KG"
  },
  {
    "Brand_Product_Size": "Castello Double Cream Brie 300g",
    "WOW Price": 11.5,
    "WOW Size": "300g",
    "WOW ppu": "$38.33 / 1KG"
  },
  {
    "Brand_Product_Size": "Castello Double Cream Brie 300g",
    "WOW Price": 11.5,
    "WOW Size": "300g",
    "WOW ppu": "$38.33 / 1KG"
  },
  {
    "Brand_Product_Size": "So? Body Spray 150mL",
    "WOW Price": 3.75,
    "WOW Size": "150mL",
    "WOW ppu": "$2.50 / 100ML"
  },
  {
    "Brand_Product_Size": "Earth Choice Fabric Softener 1L",
    "WOW Price": 2,
    "WOW Size": "1L",
    "WOW ppu": "$2.00 / 1L"
  },
  {
    "Brand_Product_Size": "Omo Active Clean Laundry Detergent Washing Powder 2kg",
    "WOW Price": 15.4,
    "WOW Size": "2kg",
    "WOW ppu": "$7.70 / 1KG"
  },
  {
    "Brand_Product_Size": "Mckenzie's Rice Flour 375g",
    "WOW Price": 1.5,
    "WOW Size": "375g",
    "WOW ppu": "$4.00 / 1KG"
  },
  {
    "Brand_Product_Size": "Platinum Complete Collection each",
    "WOW Price": 25,
    "WOW Size": "each",
    "WOW ppu": "$25.00 / 1EA"
  },
  {
    "Brand_Product_Size": "Master Lock Padlock 20mm Combination Lock 2 pack",
    "WOW Price": 20,
    "WOW Size": "2 pack",
    "WOW ppu": "$10.00 / 1EA"
  },
  {
    "Brand_Product_Size": "Lucky Toasted Sliced Almonds 110g",
    "WOW Price": 5.5,
    "WOW Size": "110g",
    "WOW ppu": "$50.00 / 1KG"
  },
  {
    "Brand_Product_Size": "St.dalfour Wild Blueberry Spread 284g",
    "WOW Price": 4.5,
    "WOW Size": "284g",
    "WOW ppu": "$1.58 / 100G"
  },
  {
    "Brand_Product_Size": "Essentials Bamboo Chopsticks 20 pack",
    "WOW Price": 2,
    "WOW Size": "20 pack",
    "WOW ppu": "$0.10 / 1EA"
  },
  {
    "Brand_Product_Size": "Campbell's Real Stock Fish 500mL",
    "WOW Price": 2.29,
    "WOW Size": "500mL",
    "WOW ppu": "$0.46 / 100ML"
  },
  {
    "Brand_Product_Size": "Movicol Flavour Free Sachets 30 pack",
    "WOW Price": 15,
    "WOW Size": "30 pack",
    "WOW ppu": "$0.50 / 1EA"
  },
  {
    "Brand_Product_Size": "Lindt Excellence Dark Chocolate A Touch Of Sea Salt 100g bLock",
    "WOW Price": 2.7,
    "WOW Size": "100g bLock",
    "WOW ppu": "$2.70 / 100G"
  },
  {
    "Brand_Product_Size": "Riviana Brown Basmati Rice Extra Long Grain 1kg",
    "WOW Price": 4.5,
    "WOW Size": "1kg",
    "WOW ppu": "$0.45 / 100G"
  },
  {
    "Brand_Product_Size": "Omo Active Clean Laundry Washing Powder Front & Top Loader 1kg",
    "WOW Price": 10,
    "WOW Size": "1kg",
    "WOW ppu": "$10.00 / 1KG"
  },
  {
    "Brand_Product_Size": "Zerella Fresh Spudlite Baby Potato Pack 750g",
    "WOW Price": 3,
    "WOW Size": "750g",
    "WOW ppu": "$4.00 / 1KG"
  },
  {
    "Brand_Product_Size": "Mint Non-stick Coating Loaf Pan each",
    "WOW Price": 4.8,
    "WOW Size": "each",
    "WOW ppu": ""
  },
  {
    "Brand_Product_Size": "Golden Palm Medjool Dates Roll With Coconut Punnet 225g",
    "WOW Price": 7,
    "WOW Size": "225g",
    "WOW ppu": "$31.11 / 1KG"
  },
  {
    "Brand_Product_Size": "Dairy Farmers Limited Edition 150g",
    "WOW Price": 1.5,
    "WOW Size": "150g",
    "WOW ppu": "$1.00 / 100G"
  },
  {
    "Brand_Product_Size": "L'oreal Age Perfect Golden Age Rosy Radiant Eye Care 15mL",
    "WOW Price": 23.4,
    "WOW Size": "15mL",
    "WOW ppu": "$156.00 / 100ML"
  },
  {
    "Brand_Product_Size": "Nad's Hair Removal Wax Facial Strips 16 pack",
    "WOW Price": 8,
    "WOW Size": "16 pack",
    "WOW ppu": "$0.50 / 1EA"
  },
  {
    "Brand_Product_Size": "For Him Low Cut Sport Socks Black Size 11-14 5 pack",
    "WOW Price": 10,
    "WOW Size": "5 pack",
    "WOW ppu": ""
  },
  {
    "Brand_Product_Size": "Handy Andy Original Fresh Scent 750mL",
    "WOW Price": 3.7,
    "WOW Size": "750mL",
    "WOW ppu": "$0.49 / 100ML"
  },
  {
    "Brand_Product_Size": "Woolworths Parsley Continental Fresh Herb bunch",
    "WOW Price": 3,
    "WOW Size": "bunch",
    "WOW ppu": "$3.00 / 1EA"
  },
  {
    "Brand_Product_Size": "Woolworths Parsley Continental Fresh Herb bunch",
    "WOW Price": 3,
    "WOW Size": "bunch",
    "WOW ppu": "$3.00 / 1EA"
  },
  {
    "Brand_Product_Size": "Lavazza Crema E Gusto Classico Ground Coffee 250g x2 pack",
    "WOW Price": 12,
    "WOW Size": "250g x2 pack",
    "WOW ppu": "$2.40 / 100G"
  },
  {
    "Brand_Product_Size": "Lavazza Crema E Gusto Classico Ground Coffee 250g x2 pack",
    "WOW Price": 12,
    "WOW Size": "250g x2 pack",
    "WOW ppu": "$2.40 / 100G"
  },
  {
    "Brand_Product_Size": "Nature's Way Active B12 Tablets 60 pack",
    "WOW Price": 15,
    "WOW Size": "60 pack",
    "WOW ppu": "$25.00 / 100EA"
  },
  {
    "Brand_Product_Size": "Nestle Milo Yoghurt Snack Pouch 150g",
    "WOW Price": 2.1,
    "WOW Size": "150g",
    "WOW ppu": "$1.40 / 100G"
  },
  {
    "Brand_Product_Size": "Woolworths Chocolate Iced Donuts 4 pack",
    "WOW Price": 5,
    "WOW Size": "4 pack",
    "WOW ppu": "$1.25 / 1EA"
  },
  {
    "Brand_Product_Size": "Green's Vegetable Fritter Mix 375g",
    "WOW Price": 4,
    "WOW Size": "375g",
    "WOW ppu": "$1.07 / 100G"
  },
  {
    "Brand_Product_Size": "Woolworths Greenshell Mussels 1kg",
    "WOW Price": 7.5,
    "WOW Size": "1kg",
    "WOW ppu": "$7.50 / 1KG"
  },
  {
    "Brand_Product_Size": "Dine Saucy Morsels Wet Cat Food Salmon Tray 7 pack",
    "WOW Price": 5.2,
    "WOW Size": "7 pack",
    "WOW ppu": "$0.87 / 100G"
  },
  {
    "Brand_Product_Size": "Black Seedless Grapes each",
    "WOW Price": 5.61,
    "WOW Size": "each",
    "WOW ppu": "$5.61 / 1EA"
  },
  {
    "Brand_Product_Size": "Huggies Little Swimmers Large 10 pack",
    "WOW Price": 15,
    "WOW Size": "10 pack",
    "WOW ppu": "$1.50 / 1EA"
  },
  {
    "Brand_Product_Size": "Super Nature Wellness Bowl Wholegrain Butter Chicken & Ancient Grain 350g",
    "WOW Price": 6.3,
    "WOW Size": "350g",
    "WOW ppu": "$1.80 / 100G"
  },
  {
    "Brand_Product_Size": "Thawed Marinara Mix per kg",
    "WOW Price": 13.5,
    "WOW Size": "per kg",
    "WOW ppu": "$13.50 / 1KG"
  },
  {
    "Brand_Product_Size": "Mcvitie's Digestives Biscuit Dark Chocolate 300g",
    "WOW Price": 1.97,
    "WOW Size": "300g",
    "WOW ppu": "$0.66 / 100G"
  },
  {
    "Brand_Product_Size": "Thomas Dux Gorgonzola Dolce Block 200g",
    "WOW Price": 4.6,
    "WOW Size": "200g",
    "WOW ppu": "$23.00 / 1KG"
  },
  {
    "Brand_Product_Size": "Thomas Dux Gorgonzola Dolce Block 200g",
    "WOW Price": 4.6,
    "WOW Size": "200g",
    "WOW ppu": "$23.00 / 1KG"
  },
  {
    "Brand_Product_Size": "Fable Plant Based Rogan Josh 350g",
    "WOW Price": 10,
    "WOW Size": "350g",
    "WOW ppu": "$2.86 / 100G"
  },
  {
    "Brand_Product_Size": "Woolworths Cook Pork Belly 400g - 700g",
    "WOW Price": 16.8,
    "WOW Size": "400g - 700g",
    "WOW ppu": "$24.00 / 1KG"
  },
  {
    "Brand_Product_Size": "Fancy Feast Adult Inspirations Chicken Collection Wet Cat Food 85g x12 pack",
    "WOW Price": 14.5,
    "WOW Size": "85g x12 pack",
    "WOW ppu": "$1.73 / 100G"
  },
  {
    "Brand_Product_Size": "Ansell Gloves Silverlined Medium Size 8 1 pair",
    "WOW Price": 3.2,
    "WOW Size": "1 pair",
    "WOW ppu": "$3.20 / 1EA"
  },
  {
    "Brand_Product_Size": "The Happy Snack Company Roasted Fav-va Beans Balsamic Vinegar 6x25g",
    "WOW Price": 5.3,
    "WOW Size": "6x25g",
    "WOW ppu": "$3.53 / 100G"
  },
  {
    "Brand_Product_Size": "The Happy Snack Company Roasted Fav-va Beans Balsamic Vinegar 6x25g",
    "WOW Price": 5.3,
    "WOW Size": "6x25g",
    "WOW ppu": "$3.53 / 100G"
  },
  {
    "Brand_Product_Size": "Woolworths Roasted Vegetable Cous Cous Salad 400g",
    "WOW Price": 5,
    "WOW Size": "400g",
    "WOW ppu": "$1.25 / 100G"
  },
  {
    "Brand_Product_Size": "Woolworths Roasted Vegetable Cous Cous Salad 400g",
    "WOW Price": 5,
    "WOW Size": "400g",
    "WOW ppu": "$1.25 / 100G"
  },
  {
    "Brand_Product_Size": "Danone Yopro Pineapple Guava Yoghurt 160g",
    "WOW Price": 2.4,
    "WOW Size": "160g",
    "WOW ppu": "$1.50 / 100G"
  },
  {
    "Brand_Product_Size": "Only Organic Mango Chicken & Coconut Rice 170g",
    "WOW Price": 2,
    "WOW Size": "170g",
    "WOW ppu": "$1.18 / 100G"
  },
  {
    "Brand_Product_Size": "Woolworths Party Sausage Rolls 24 pack",
    "WOW Price": 5.85,
    "WOW Size": "24 pack",
    "WOW ppu": "$0.65 / 100G"
  },
  {
    "Brand_Product_Size": "Woolworths Free From Lactose Full Cream Milk 1L",
    "WOW Price": 1.7,
    "WOW Size": "1L",
    "WOW ppu": "$1.70 / 1L"
  },
  {
    "Brand_Product_Size": "Woolworths Free From Lactose Full Cream Milk 1L",
    "WOW Price": 1.7,
    "WOW Size": "1L",
    "WOW ppu": "$1.70 / 1L"
  },
  {
    "Brand_Product_Size": "Sunsilk Conditioner Addictive Brilliant Shine 350mL",
    "WOW Price": 5.5,
    "WOW Size": "350mL",
    "WOW ppu": "$1.57 / 100ML"
  },
  {
    "Brand_Product_Size": "Colgate Advanced Whitening Fluoride Whiter Teeth Toothpaste 110g",
    "WOW Price": 4.8,
    "WOW Size": "110g",
    "WOW ppu": "$4.36 / 100G"
  },
  {
    "Brand_Product_Size": "Little One's Nappy Bags Odour Neutralising 200 pack",
    "WOW Price": 3.2,
    "WOW Size": "200 pack",
    "WOW ppu": "$1.60 / 100EA"
  },
  {
    "Brand_Product_Size": "Woolworths Fresh Herb Coriander bunch",
    "WOW Price": 3,
    "WOW Size": "bunch",
    "WOW ppu": "$3.00 / 1EA"
  },
  {
    "Brand_Product_Size": "Woolworths Fresh Herb Coriander bunch",
    "WOW Price": 3,
    "WOW Size": "bunch",
    "WOW ppu": "$3.00 / 1EA"
  },
  {
    "Brand_Product_Size": "Woolworths Apricot Halves In Juice Halves In Juice 695g",
    "WOW Price": 3.5,
    "WOW Size": "695g",
    "WOW ppu": "$5.04 / 1KG"
  },
  {
    "Brand_Product_Size": "Hydralyte Effervescent Electrolyte Tablets Apple Blackcurrant 10 pack",
    "WOW Price": 8,
    "WOW Size": "10 pack",
    "WOW ppu": "$0.80 / 1EA"
  },
  {
    "Brand_Product_Size": "Yoplait Forme Zero Strawberry Yoghurt 1kg",
    "WOW Price": 4,
    "WOW Size": "1kg",
    "WOW ppu": "$0.40 / 100G"
  },
  {
    "Brand_Product_Size": "Woolworths Macadamias Honey 400g pack",
    "WOW Price": 18,
    "WOW Size": "400g pack",
    "WOW ppu": "$45.00 / 1KG"
  },
  {
    "Brand_Product_Size": "Dine Perfect Portions Pate With Turkey Wet Cat Food Trays 2x37.5g",
    "WOW Price": 1.2,
    "WOW Size": "2x37.5g",
    "WOW ppu": "$1.60 / 100G"
  },
  {
    "Brand_Product_Size": "Macro Chicken Thigh Fillets Free Range 440g - 800g",
    "WOW Price": 13.6,
    "WOW Size": "440g - 800g",
    "WOW ppu": "$17.00 / 1KG"
  },
  {
    "Brand_Product_Size": "Australia's Own Skim Uht Milk 1L",
    "WOW Price": 1.3,
    "WOW Size": "1L",
    "WOW ppu": "$1.30 / 1L"
  },
  {
    "Brand_Product_Size": "Australia's Own Skim Uht Milk 1L",
    "WOW Price": 1.3,
    "WOW Size": "1L",
    "WOW ppu": "$1.30 / 1L"
  },
  {
    "Brand_Product_Size": "Essentials Reusable 200ml Containers 3 pack",
    "WOW Price": 3,
    "WOW Size": "3 pack",
    "WOW ppu": ""
  },
  {
    "Brand_Product_Size": "Woolworths Lamb Leg Butterflied 850g - 1.3kg",
    "WOW Price": 26,
    "WOW Size": "850g - 1.3kg",
    "WOW ppu": "$20.00 / 1KG"
  },
  {
    "Brand_Product_Size": "Woolworths Plantitude Frozen Dessert Vanilla 1L",
    "WOW Price": 8,
    "WOW Size": "1L",
    "WOW ppu": "$0.80 / 100ML"
  },
  {
    "Brand_Product_Size": "Leap Frog Learning Lights Remote Assorted each",
    "WOW Price": 15,
    "WOW Size": "each",
    "WOW ppu": ""
  },
  {
    "Brand_Product_Size": "Leap Frog Learning Lights Remote Assorted each",
    "WOW Price": 15,
    "WOW Size": "each",
    "WOW ppu": ""
  },
  {
    "Brand_Product_Size": "Sukin Art Series Anna Cole Hand Wash 500mL",
    "WOW Price": 8,
    "WOW Size": "500mL",
    "WOW ppu": "$1.60 / 100ML"
  },
  {
    "Brand_Product_Size": "Fresh Broccoli each",
    "WOW Price": 0.96,
    "WOW Size": "each",
    "WOW ppu": "$0.96 / 1EA"
  },
  {
    "Brand_Product_Size": "Byron Beef Jerky Chargrill 40g",
    "WOW Price": 5.45,
    "WOW Size": "40g",
    "WOW ppu": "$13.63 / 100G"
  },
  {
    "Brand_Product_Size": "Rufus & Coco Designer Dog Collar Extra Small each",
    "WOW Price": 13.79,
    "WOW Size": "each",
    "WOW ppu": ""
  },
  {
    "Brand_Product_Size": "Twinings Decaffeinated English Breakfast Tea 40 pack",
    "WOW Price": 6,
    "WOW Size": "40 pack",
    "WOW ppu": "$0.15 / 1EA"
  },
  {
    "Brand_Product_Size": "Twinings Decaffeinated English Breakfast Tea 40 pack",
    "WOW Price": 6,
    "WOW Size": "40 pack",
    "WOW ppu": "$0.15 / 1EA"
  },
  {
    "Brand_Product_Size": "Carman's Dark Choc Macadamia Coconut Nut Bars 160g",
    "WOW Price": 6,
    "WOW Size": "160g",
    "WOW ppu": "$3.75 / 100G"
  },
  {
    "Brand_Product_Size": "Carman's Dark Choc Macadamia Coconut Nut Bars 160g",
    "WOW Price": 6,
    "WOW Size": "160g",
    "WOW ppu": "$3.75 / 100G"
  },
  {
    "Brand_Product_Size": "Fresh Fennel each",
    "WOW Price": 2.5,
    "WOW Size": "each",
    "WOW ppu": "$2.50 / 1EA"
  },
  {
    "Brand_Product_Size": "Stayfree Pads Ultra Thin Regular Wing 14 pack",
    "WOW Price": 4.5,
    "WOW Size": "14 pack",
    "WOW ppu": "$0.32 / 1EA"
  },
  {
    "Brand_Product_Size": "Castello Fetta Cubes In Brine With Citrus & Herbs 430g",
    "WOW Price": 5,
    "WOW Size": "430g",
    "WOW ppu": "$11.63 / 1KG"
  },
  {
    "Brand_Product_Size": "Castello Fetta Cubes In Brine With Citrus & Herbs 430g",
    "WOW Price": 5,
    "WOW Size": "430g",
    "WOW ppu": "$11.63 / 1KG"
  },
  {
    "Brand_Product_Size": "Bonds Ladies Hipster Bikini Size 8 Assorted 2 pack",
    "WOW Price": 22,
    "WOW Size": "2 pack",
    "WOW ppu": ""
  },
  {
    "Brand_Product_Size": "Woolworths Cook Lemon Herb Salmon Portions 315g",
    "WOW Price": 12,
    "WOW Size": "315g",
    "WOW ppu": "$38.10 / 1KG"
  },
  {
    "Brand_Product_Size": "L'oreal Paris Colorista Wash Out Purple 80mL",
    "WOW Price": 16.5,
    "WOW Size": "80mL",
    "WOW ppu": "$20.63 / 100ML"
  },
  {
    "Brand_Product_Size": "Tasmanian Heritage Mild Blue Cheese 120g",
    "WOW Price": 6.4,
    "WOW Size": "120g",
    "WOW ppu": "$53.33 / 1KG"
  },
  {
    "Brand_Product_Size": "Tasmanian Heritage Mild Blue Cheese 120g",
    "WOW Price": 6.4,
    "WOW Size": "120g",
    "WOW ppu": "$53.33 / 1KG"
  },
  {
    "Brand_Product_Size": "Air Wick Botanica Candle Pomegranate & Italian Bergamot 205g",
    "WOW Price": 16.5,
    "WOW Size": "205g",
    "WOW ppu": ""
  },
  {
    "Brand_Product_Size": "Pauls Chocolate Custard 70g",
    "WOW Price": 1.5,
    "WOW Size": "70g",
    "WOW ppu": "$2.14 / 100G"
  },
  {
    "Brand_Product_Size": "Finish Powerball All In One Dishwasher Tablets Lemon 120 pack",
    "WOW Price": 35,
    "WOW Size": "120 pack",
    "WOW ppu": "$0.29 / 1EA"
  },
  {
    "Brand_Product_Size": "Oscar Orsen Hair Clip Ibis Black/shell 2 pack",
    "WOW Price": 4.5,
    "WOW Size": "2 pack",
    "WOW ppu": ""
  },
  {
    "Brand_Product_Size": "Macro Australian Currants 400g",
    "WOW Price": 6,
    "WOW Size": "400g",
    "WOW ppu": "$15.00 / 1KG"
  },
  {
    "Brand_Product_Size": "Woolworths Notebook 64 Pages 3 pack",
    "WOW Price": 2.5,
    "WOW Size": "3 pack",
    "WOW ppu": ""
  },
  {
    "Brand_Product_Size": "Lemnos Cheese Fetta 2 pack",
    "WOW Price": 6.5,
    "WOW Size": "2 pack",
    "WOW ppu": "$32.50 / 1KG"
  },
  {
    "Brand_Product_Size": "Lemnos Cheese Fetta 2 pack",
    "WOW Price": 6.5,
    "WOW Size": "2 pack",
    "WOW ppu": "$32.50 / 1KG"
  },
  {
    "Brand_Product_Size": "Quilton Tuffy Paper Towel White 4 Ply 180 Sheets 3 pack",
    "WOW Price": 4.3,
    "WOW Size": "3 pack",
    "WOW ppu": "$2.39 / 100SS"
  },
  {
    "Brand_Product_Size": "Woolworths Classic Coleslaw 400g",
    "WOW Price": 4.5,
    "WOW Size": "400g",
    "WOW ppu": "$1.13 / 100G"
  },
  {
    "Brand_Product_Size": "Woolworths Classic Coleslaw 400g",
    "WOW Price": 4.5,
    "WOW Size": "400g",
    "WOW ppu": "$1.13 / 100G"
  },
  {
    "Brand_Product_Size": "Dilmah Family Pack Loose Leaf Tea 500g",
    "WOW Price": 8.5,
    "WOW Size": "500g",
    "WOW ppu": "$1.70 / 100G"
  },
  {
    "Brand_Product_Size": "Dilmah Family Pack Loose Leaf Tea 500g",
    "WOW Price": 8.5,
    "WOW Size": "500g",
    "WOW ppu": "$1.70 / 100G"
  },
  {
    "Brand_Product_Size": "Cancer Council Face Day Wear Moisturiser Matte Invisible Spf 50+ 75mL",
    "WOW Price": 13,
    "WOW Size": "75mL",
    "WOW ppu": "$17.33 / 100ML"
  },
  {
    "Brand_Product_Size": "Ingham's Frozen Chicken Breast Tenders Original 400g",
    "WOW Price": 4.5,
    "WOW Size": "400g",
    "WOW ppu": "$11.25 / 1KG"
  },
  {
    "Brand_Product_Size": "Tassal Smoked Salmon 250g",
    "WOW Price": 11,
    "WOW Size": "250g",
    "WOW ppu": "$44.00 / 1KG"
  },
  {
    "Brand_Product_Size": "Norco Reduced Fat Milk 2L",
    "WOW Price": 4,
    "WOW Size": "2L",
    "WOW ppu": "$2.00 / 1L"
  },
  {
    "Brand_Product_Size": "Pear Red Angel each",
    "WOW Price": 1.09,
    "WOW Size": "each",
    "WOW ppu": "$1.09 / 1EA"
  },
  {
    "Brand_Product_Size": "Gourmet Garden Lightly Dried Ginger 12g",
    "WOW Price": 3.5,
    "WOW Size": "12g",
    "WOW ppu": "$2.92 / 10G"
  },
  {
    "Brand_Product_Size": "Gourmet Garden Lightly Dried Ginger 12g",
    "WOW Price": 3.5,
    "WOW Size": "12g",
    "WOW ppu": "$2.92 / 10G"
  },
  {
    "Brand_Product_Size": "The Natural Confectionery Co. Fruity Chews Lollies 420g",
    "WOW Price": 5,
    "WOW Size": "420g",
    "WOW ppu": "$1.19 / 100G"
  },
  {
    "Brand_Product_Size": "Higher Living Chai Green each",
    "WOW Price": 3.7,
    "WOW Size": "each",
    "WOW ppu": "$0.19 / 1EA"
  },
  {
    "Brand_Product_Size": "Higher Living Chai Green each",
    "WOW Price": 3.7,
    "WOW Size": "each",
    "WOW ppu": "$0.19 / 1EA"
  },
  {
    "Brand_Product_Size": "Woolworths Jam Filled Donuts 4 pack",
    "WOW Price": 5,
    "WOW Size": "4 pack",
    "WOW ppu": "$1.25 / 1EA"
  },
  {
    "Brand_Product_Size": "Primo Cocktail Frankfurts Cocktail 1kg",
    "WOW Price": 6.5,
    "WOW Size": "1kg",
    "WOW ppu": "$6.50 / 1KG"
  },
  {
    "Brand_Product_Size": "Nature's Own Odourless Fish Oil High Strength 1500mg 200 pack",
    "WOW Price": 21.5,
    "WOW Size": "200 pack",
    "WOW ppu": "$10.75 / 100EA"
  },
  {
    "Brand_Product_Size": "Moccona Ristretto 200g",
    "WOW Price": 11,
    "WOW Size": "200g",
    "WOW ppu": "$5.50 / 100G"
  },
  {
    "Brand_Product_Size": "Moccona Ristretto 200g",
    "WOW Price": 11,
    "WOW Size": "200g",
    "WOW ppu": "$5.50 / 100G"
  },
  {
    "Brand_Product_Size": "John Frieda Beach Blonde Ocean Waves Spray 150mL",
    "WOW Price": 17,
    "WOW Size": "150mL",
    "WOW ppu": "$11.33 / 100ML"
  },
  {
    "Brand_Product_Size": "Super Nature Super Pulses Lemon Ginger Chicken 300g",
    "WOW Price": 4,
    "WOW Size": "300g",
    "WOW ppu": "$1.33 / 100G"
  },
  {
    "Brand_Product_Size": "Schweppes Lemonade Can 375mL x30 pack",
    "WOW Price": 19,
    "WOW Size": "375mL x30 pack",
    "WOW ppu": "$1.69 / 1L"
  },
  {
    "Brand_Product_Size": "Moccona Freeze Dried Instant Coffee Classic Dark Roast 200g",
    "WOW Price": 13,
    "WOW Size": "200g",
    "WOW ppu": "$6.50 / 100G"
  },
  {
    "Brand_Product_Size": "Moccona Freeze Dried Instant Coffee Classic Dark Roast 200g",
    "WOW Price": 13,
    "WOW Size": "200g",
    "WOW ppu": "$6.50 / 100G"
  },
  {
    "Brand_Product_Size": "Hydralyte Electrolyte Solution Orange 1L",
    "WOW Price": 14,
    "WOW Size": "1L",
    "WOW ppu": "$1.40 / 100ML"
  },
  {
    "Brand_Product_Size": "Dr. Oetker Gelatine Powder 36g",
    "WOW Price": 2.3,
    "WOW Size": "36g",
    "WOW ppu": "$6.39 / 100G"
  },
  {
    "Brand_Product_Size": "Vaalia Kids Lactose Free Yoghurt Pouch Vanilla 140g",
    "WOW Price": 1.7,
    "WOW Size": "140g",
    "WOW ppu": "$1.21 / 100G"
  },
  {
    "Brand_Product_Size": "Vaalia Kids Lactose Free Yoghurt Pouch Vanilla 140g",
    "WOW Price": 1.7,
    "WOW Size": "140g",
    "WOW ppu": "$1.21 / 100G"
  },
  {
    "Brand_Product_Size": "Vaalia Kids Lactose Free Yoghurt Pouch Vanilla 140g",
    "WOW Price": 1.7,
    "WOW Size": "140g",
    "WOW ppu": "$1.21 / 100G"
  },
  {
    "Brand_Product_Size": "Blistex Intensive Repair Spf15 7g",
    "WOW Price": 5.7,
    "WOW Size": "7g",
    "WOW ppu": "$8.14 / 10G"
  },
  {
    "Brand_Product_Size": "Musashi P30 Protein Powder Chocolate 900g",
    "WOW Price": 40.4,
    "WOW Size": "900g",
    "WOW ppu": "$4.49 / 100G"
  },
  {
    "Brand_Product_Size": "Woolworths Leafy Mix 120g",
    "WOW Price": 2,
    "WOW Size": "120g",
    "WOW ppu": "$16.67 / 1KG"
  },
  {
    "Brand_Product_Size": "Woolworths Leafy Mix 120g",
    "WOW Price": 2,
    "WOW Size": "120g",
    "WOW ppu": "$16.67 / 1KG"
  },
  {
    "Brand_Product_Size": "Woolworths Leafy Mix 120g",
    "WOW Price": 2,
    "WOW Size": "120g",
    "WOW ppu": "$16.67 / 1KG"
  },
  {
    "Brand_Product_Size": "Woolworths Tomato Juice 850mL",
    "WOW Price": 1.95,
    "WOW Size": "850mL",
    "WOW ppu": "$2.29 / 1L"
  },
  {
    "Brand_Product_Size": "Canon Pg645xl + Cl646xl Value Pack each",
    "WOW Price": 52,
    "WOW Size": "each",
    "WOW ppu": ""
  },
  {
    "Brand_Product_Size": "Tresemme Professional Hair Shampoo Salon Silk 900mL",
    "WOW Price": 7,
    "WOW Size": "900mL",
    "WOW ppu": "$0.78 / 100ML"
  },
  {
    "Brand_Product_Size": "Armada Resealable Sandwich Bags 65 pack",
    "WOW Price": 2,
    "WOW Size": "65 pack",
    "WOW ppu": "$0.03 / 1EA"
  },
  {
    "Brand_Product_Size": "Armada Resealable Sandwich Bags 65 pack",
    "WOW Price": 2,
    "WOW Size": "65 pack",
    "WOW ppu": "$0.03 / 1EA"
  },
  {
    "Brand_Product_Size": "L'or Espresso Colombia Intensity 8 Coffee Capsules 20 pack",
    "WOW Price": 8.8,
    "WOW Size": "20 pack",
    "WOW ppu": "$0.44 / 1EA"
  },
  {
    "Brand_Product_Size": "L'or Espresso Colombia Intensity 8 Coffee Capsules 20 pack",
    "WOW Price": 8.8,
    "WOW Size": "20 pack",
    "WOW ppu": "$0.44 / 1EA"
  },
  {
    "Brand_Product_Size": "Ceda Creaming Soda Lime 1.25L",
    "WOW Price": 1.55,
    "WOW Size": "1.25L",
    "WOW ppu": "$1.24 / 1L"
  },
  {
    "Brand_Product_Size": "Just Caught Whiting Fillets Skin On 1kg",
    "WOW Price": 10.5,
    "WOW Size": "1kg",
    "WOW ppu": "$10.50 / 1KG"
  },
  {
    "Brand_Product_Size": "Jazz Apple Snackers 1kg punnet",
    "WOW Price": 4.5,
    "WOW Size": "1kg punnet",
    "WOW ppu": "$4.50 / 1KG"
  },
  {
    "Brand_Product_Size": "Jazz Apple Snackers 1kg punnet",
    "WOW Price": 4.5,
    "WOW Size": "1kg punnet",
    "WOW ppu": "$4.50 / 1KG"
  },
  {
    "Brand_Product_Size": "Optimum Light & Healthy With Chicken & Rice Wet Dog Food 680g",
    "WOW Price": 2.6,
    "WOW Size": "680g",
    "WOW ppu": "$0.38 / 100G"
  },
  {
    "Brand_Product_Size": "Bega Farmers' Tasty Cheese 250g",
    "WOW Price": 6,
    "WOW Size": "250g",
    "WOW ppu": "$24.00 / 1KG"
  },
  {
    "Brand_Product_Size": "Creative Gourmet Coconut Chunks 300g",
    "WOW Price": 4.5,
    "WOW Size": "300g",
    "WOW ppu": "$15.00 / 1KG"
  },
  {
    "Brand_Product_Size": "The Bar Counter High Protein Bar Honeycomb Chocolate Crunch 40g",
    "WOW Price": 2.5,
    "WOW Size": "40g",
    "WOW ppu": "$6.25 / 100G"
  },
  {
    "Brand_Product_Size": "Streets Blue Ribbon Chocolate Mint Tub 2L",
    "WOW Price": 4.9,
    "WOW Size": "2L",
    "WOW ppu": "$0.25 / 100ML"
  },
  {
    "Brand_Product_Size": "Cottee's Conserve Breakfast Marmalade 500g",
    "WOW Price": 2.8,
    "WOW Size": "500g",
    "WOW ppu": "$0.56 / 100G"
  },
  {
    "Brand_Product_Size": "Woolworths Chilli Habanero 35g",
    "WOW Price": 3,
    "WOW Size": "35g",
    "WOW ppu": "$8.57 / 100G"
  },
  {
    "Brand_Product_Size": "Cancer Council Bb Cream Matte Medium Tint 50mL",
    "WOW Price": 15,
    "WOW Size": "50mL",
    "WOW ppu": "$15.00 / 1EA"
  },
  {
    "Brand_Product_Size": "Woolworths Natural Tasty Cheese & Crackers 1 pack 50g",
    "WOW Price": 1.6,
    "WOW Size": "1 pack 50g",
    "WOW ppu": "$32.00 / 1KG"
  },
  {
    "Brand_Product_Size": "Woolworths Natural Tasty Cheese & Crackers 1 pack 50g",
    "WOW Price": 1.6,
    "WOW Size": "1 pack 50g",
    "WOW ppu": "$32.00 / 1KG"
  },
  {
    "Brand_Product_Size": "Woolworths Choc Chip Muffin 4 pack",
    "WOW Price": 3.5,
    "WOW Size": "4 pack",
    "WOW ppu": "$0.83 / 100G"
  },
  {
    "Brand_Product_Size": "Woolworths Choc Chip Muffin 4 pack",
    "WOW Price": 3.5,
    "WOW Size": "4 pack",
    "WOW ppu": "$0.83 / 100G"
  },
  {
    "Brand_Product_Size": "Woolworths Choc Chip Muffin 4 pack",
    "WOW Price": 3.5,
    "WOW Size": "4 pack",
    "WOW ppu": "$0.83 / 100G"
  },
  {
    "Brand_Product_Size": "Explorer Ladies Original Light Crew Socks Size 3-8 2 pack",
    "WOW Price": 14,
    "WOW Size": "2 pack",
    "WOW ppu": ""
  },
  {
    "Brand_Product_Size": "Orgran Premium Breadcrumbs 300g",
    "WOW Price": 4.35,
    "WOW Size": "300g",
    "WOW ppu": "$1.45 / 100G"
  },
  {
    "Brand_Product_Size": "St Tropez Self Tan Bronzing Mousse 120mL",
    "WOW Price": 40,
    "WOW Size": "120mL",
    "WOW ppu": "$33.33 / 100ML"
  },
  {
    "Brand_Product_Size": "Bubs Organic Grass Fed Toddler Formula Stage 3 800g",
    "WOW Price": 28,
    "WOW Size": "800g",
    "WOW ppu": "$3.50 / 100G"
  },
  {
    "Brand_Product_Size": "Hoyt's Turmeric 140g",
    "WOW Price": 4.5,
    "WOW Size": "140g",
    "WOW ppu": "$0.32 / 10G"
  },
  {
    "Brand_Product_Size": "Coloxyl & Senna Tablets 45 pack",
    "WOW Price": 8,
    "WOW Size": "45 pack",
    "WOW ppu": "$0.18 / 1EA"
  },
  {
    "Brand_Product_Size": "The Spice Tailor Classic Butter Chicken 300g",
    "WOW Price": 2.75,
    "WOW Size": "300g",
    "WOW ppu": "$0.92 / 100G"
  },
  {
    "Brand_Product_Size": "Alfa One Rice Bran Oil 500mL",
    "WOW Price": 4,
    "WOW Size": "500mL",
    "WOW ppu": "$0.80 / 100ML"
  },
  {
    "Brand_Product_Size": "Rufus & Coco Rufus Dog Toy each",
    "WOW Price": 17.49,
    "WOW Size": "each",
    "WOW ppu": "$17.49 / 1EA"
  },
  {
    "Brand_Product_Size": "Pearl River Bridge Soy Sauce Superior Light 500mL",
    "WOW Price": 2.85,
    "WOW Size": "500mL",
    "WOW ppu": "$0.57 / 100ML"
  },
  {
    "Brand_Product_Size": "Kook A Krumb Breadcrumbs Herb And Garlic 200g",
    "WOW Price": 2.5,
    "WOW Size": "200g",
    "WOW ppu": "$0.13 / 10G"
  },
  {
    "Brand_Product_Size": "D'orsogna Deli Fresh Spicy Chorizo Salami 80g",
    "WOW Price": 3.7,
    "WOW Size": "80g",
    "WOW ppu": "$46.25 / 1KG"
  },
  {
    "Brand_Product_Size": "D'orsogna Deli Fresh Spicy Chorizo Salami 80g",
    "WOW Price": 3.7,
    "WOW Size": "80g",
    "WOW ppu": "$46.25 / 1KG"
  },
  {
    "Brand_Product_Size": "Pilot Frixion Ballpoint Pen Medium Black each",
    "WOW Price": 3.25,
    "WOW Size": "each",
    "WOW ppu": ""
  },
  {
    "Brand_Product_Size": "Woolworths Cook Chicken Kebab Satay 375g",
    "WOW Price": 6,
    "WOW Size": "375g",
    "WOW ppu": "$16.00 / 1KG"
  },
  {
    "Brand_Product_Size": "Brut Anti-perspirant Enduro Ice 150g",
    "WOW Price": 6.3,
    "WOW Size": "150g",
    "WOW ppu": "$4.20 / 100G"
  },
  {
    "Brand_Product_Size": "Espressotoria Aurora Coffee Italian Coffee Capsules 100g",
    "WOW Price": 5.6,
    "WOW Size": "100g",
    "WOW ppu": "$0.47 / 1EA"
  },
  {
    "Brand_Product_Size": "Espressotoria Aurora Coffee Italian Coffee Capsules 100g",
    "WOW Price": 5.6,
    "WOW Size": "100g",
    "WOW ppu": "$0.47 / 1EA"
  },
  {
    "Brand_Product_Size": "Woolworths Salted Macadamias 200g",
    "WOW Price": 9,
    "WOW Size": "200g",
    "WOW ppu": "$45.00 / 1KG"
  },
  {
    "Brand_Product_Size": "Bosisto's Multipurpose Cleaner 500mL",
    "WOW Price": 5,
    "WOW Size": "500mL",
    "WOW ppu": "$1.00 / 100ML"
  },
  {
    "Brand_Product_Size": "Dairy Farmers Thick & Creamy Yoghurt Lemon Cream 600g",
    "WOW Price": 4.5,
    "WOW Size": "600g",
    "WOW ppu": "$0.75 / 100G"
  },
  {
    "Brand_Product_Size": "Masterfoods Lemon Butter Spread 280g",
    "WOW Price": 3.4,
    "WOW Size": "280g",
    "WOW ppu": "$1.21 / 100G"
  },
  {
    "Brand_Product_Size": "Meiji Hellopanda Large Biscuits Chocolate 260g",
    "WOW Price": 8,
    "WOW Size": "260g",
    "WOW ppu": "$3.08 / 100G"
  },
  {
    "Brand_Product_Size": "Spirax Notebook A4 Assorted Colours 120pg each",
    "WOW Price": 2.8,
    "WOW Size": "120pg each",
    "WOW ppu": ""
  },
  {
    "Brand_Product_Size": "Vegemite Portions 10 pack",
    "WOW Price": 3,
    "WOW Size": "10 pack",
    "WOW ppu": "$3.13 / 100G"
  },
  {
    "Brand_Product_Size": "Massel Ultracubes Chicken 105g",
    "WOW Price": 3.4,
    "WOW Size": "105g",
    "WOW ppu": "$0.32 / 10G"
  },
  {
    "Brand_Product_Size": "Nature's Way Magnesium Vita Gummies 80 pack",
    "WOW Price": 10,
    "WOW Size": "80 pack",
    "WOW ppu": "$12.50 / 100EA"
  },
  {
    "Brand_Product_Size": "Baby Bellies Organic Puffs Carrot 12g",
    "WOW Price": 1.7,
    "WOW Size": "12g",
    "WOW ppu": "$14.17 / 100G"
  },
  {
    "Brand_Product_Size": "Sa Gourmet Food Co Creamy Pumpkin Soup 430g",
    "WOW Price": 2.7,
    "WOW Size": "430g",
    "WOW ppu": "$0.63 / 100G"
  },
  {
    "Brand_Product_Size": "Vo5 Wet Look Styling Gel 175mL",
    "WOW Price": 4,
    "WOW Size": "175mL",
    "WOW ppu": "$2.29 / 100ML"
  },
  {
    "Brand_Product_Size": "Sam's Pantry Chocolate Brownie With Roasted Almonds Protein Bar 5 pack",
    "WOW Price": 3.5,
    "WOW Size": "5 pack",
    "WOW ppu": "$1.84 / 100G"
  },
  {
    "Brand_Product_Size": "Cadbury Dream White Chocolate Bar 50g",
    "WOW Price": 1.5,
    "WOW Size": "50g",
    "WOW ppu": "$3.00 / 100G"
  },
  {
    "Brand_Product_Size": "Jamie Oliver Ramekins 4 pack",
    "WOW Price": 9,
    "WOW Size": "4 pack",
    "WOW ppu": ""
  },
  {
    "Brand_Product_Size": "Air Wick Pure Cherry Blossom Electric Twin Refill 19mL",
    "WOW Price": 9.99,
    "WOW Size": "19mL",
    "WOW ppu": "$5.26 / 10ML"
  },
  {
    "Brand_Product_Size": "Schmackos Marrobones Dog Treats 737g",
    "WOW Price": 8.5,
    "WOW Size": "737g",
    "WOW ppu": "$1.15 / 100G"
  },
  {
    "Brand_Product_Size": "Little Wishes Essentials Soother 6 To18 Months 3 pack",
    "WOW Price": 3,
    "WOW Size": "3 pack",
    "WOW ppu": "$1.00 / 1EA"
  },
  {
    "Brand_Product_Size": "Jackson Surge Protected Powerboard With 4x Usb Charging Outlets each",
    "WOW Price": 37,
    "WOW Size": "each",
    "WOW ppu": "$37.00 / 1EA"
  },
  {
    "Brand_Product_Size": "Fancy Feast Adult Classic Chicken Feast Gravy Grilled Wet Cat Food 85g",
    "WOW Price": 1.45,
    "WOW Size": "85g",
    "WOW ppu": "$1.71 / 100G"
  },
  {
    "Brand_Product_Size": "Gillette Venus Comfortglide White Tea Disposable Razor 2 pack",
    "WOW Price": 9,
    "WOW Size": "2 pack",
    "WOW ppu": "$4.50 / 1EA"
  },
  {
    "Brand_Product_Size": "Fussy Cat Bites & Gravy Favourites Wet Cat Food 80g x12 pack",
    "WOW Price": 10,
    "WOW Size": "80g x12 pack",
    "WOW ppu": "$1.04 / 100G"
  },
  {
    "Brand_Product_Size": "San Marino Italian Style Mild Salami Cacciatore 250g",
    "WOW Price": 10,
    "WOW Size": "250g",
    "WOW ppu": "$40.00 / 1KG"
  },
  {
    "Brand_Product_Size": "Woolworths Diet Orange & Passionfruit Sparkling Mineral Water 1.25L",
    "WOW Price": 1,
    "WOW Size": "1.25L",
    "WOW ppu": "$0.80 / 1L"
  },
  {
    "Brand_Product_Size": "Korbond Wooden Party Toothpicks 450 pack",
    "WOW Price": 3.5,
    "WOW Size": "450 pack",
    "WOW ppu": "$0.78 / 100EA"
  },
  {
    "Brand_Product_Size": "Csr Brown Sugar Dark 1kg",
    "WOW Price": 3.15,
    "WOW Size": "1kg",
    "WOW ppu": "$0.32 / 100G"
  },
  {
    "Brand_Product_Size": "Bulla Cottage Cheese Onion & Chives 200g",
    "WOW Price": 3,
    "WOW Size": "200g",
    "WOW ppu": "$15.00 / 1KG"
  },
  {
    "Brand_Product_Size": "Bulla Cottage Cheese Onion & Chives 200g",
    "WOW Price": 3,
    "WOW Size": "200g",
    "WOW ppu": "$15.00 / 1KG"
  },
  {
    "Brand_Product_Size": "L'oreal Age Perfect Face Cream With Spf15+ 70mL",
    "WOW Price": 22.2,
    "WOW Size": "70mL",
    "WOW ppu": "$31.71 / 100ML"
  },
  {
    "Brand_Product_Size": "Woolworths Mozzarella Shredded Cheese 250g",
    "WOW Price": 4.2,
    "WOW Size": "250g",
    "WOW ppu": "$16.80 / 1KG"
  },
  {
    "Brand_Product_Size": "Ob Finest Veggie Lavosh Crackers Carrot & Caraway Seed 110g",
    "WOW Price": 4.5,
    "WOW Size": "110g",
    "WOW ppu": "$4.09 / 100G"
  },
  {
    "Brand_Product_Size": "The Spice Tailor Thai Massaman Curry Kit 275g",
    "WOW Price": 6,
    "WOW Size": "275g",
    "WOW ppu": "$2.18 / 100G"
  },
  {
    "Brand_Product_Size": "Bref Turquoise Active Ocean 50g",
    "WOW Price": 6,
    "WOW Size": "50g",
    "WOW ppu": "$12.00 / 100G"
  },
  {
    "Brand_Product_Size": "Dulcolax Constipation Relief 5mg Tablets 80 pack",
    "WOW Price": 11.95,
    "WOW Size": "80 pack",
    "WOW ppu": "$14.94 / 100EA"
  },
  {
    "Brand_Product_Size": "Pilot Frixion Ballpoint Pen Blue 3ea",
    "WOW Price": 9,
    "WOW Size": "3ea",
    "WOW ppu": ""
  },
  {
    "Brand_Product_Size": "Freedom Foods Cereal Ultra Rice Maple Crunch 300g",
    "WOW Price": 5,
    "WOW Size": "300g",
    "WOW ppu": "$1.67 / 100G"
  },
  {
    "Brand_Product_Size": "Pana Organic White Chocolate & Macadamia 45g",
    "WOW Price": 4.8,
    "WOW Size": "45g",
    "WOW ppu": "$10.67 / 100G"
  },
  {
    "Brand_Product_Size": "Pringles Original Salted Potato Chips 53g",
    "WOW Price": 1.9,
    "WOW Size": "53g",
    "WOW ppu": "$3.58 / 100G"
  },
  {
    "Brand_Product_Size": "Califia Farms Unsweetened Almond 750mL",
    "WOW Price": 4,
    "WOW Size": "750mL",
    "WOW ppu": "$5.33 / 1L"
  },
  {
    "Brand_Product_Size": "Pine O Cleen Disinfectant Antibacterial Lavender 1.25L",
    "WOW Price": 4,
    "WOW Size": "1.25L",
    "WOW ppu": "$0.32 / 100ML"
  },
  {
    "Brand_Product_Size": "Sup Men's Essentials Supplements 30 pack",
    "WOW Price": 13.8,
    "WOW Size": "30 pack",
    "WOW ppu": "$46.00 / 100EA"
  },
  {
    "Brand_Product_Size": "Bow Wow Treat Pork Bones 2 pack",
    "WOW Price": 5.79,
    "WOW Size": "2 pack",
    "WOW ppu": "$2.90 / 1EA"
  },
  {
    "Brand_Product_Size": "Woolworths Two Fruits In Juice 10 pack",
    "WOW Price": 5,
    "WOW Size": "10 pack",
    "WOW ppu": "$4.00 / 1KG"
  },
  {
    "Brand_Product_Size": "Nature's Gift Adult Dog Food Gourmet Loaf Style Succulent Lamb 100g",
    "WOW Price": 1,
    "WOW Size": "100g",
    "WOW ppu": "$1.00 / 100G"
  },
  {
    "Brand_Product_Size": "Nong Shim Kimchi Ramen Big Bowl 112g",
    "WOW Price": 2.85,
    "WOW Size": "112g",
    "WOW ppu": "$2.54 / 100G"
  },
  {
    "Brand_Product_Size": "Buontempo Pasta Spaghetti 500g",
    "WOW Price": 3.6,
    "WOW Size": "500g",
    "WOW ppu": "$0.72 / 100G"
  },
  {
    "Brand_Product_Size": "Bounce Natural Energy Ball Cacao, Mint & Protein Ball 42g",
    "WOW Price": 1.5,
    "WOW Size": "42g",
    "WOW ppu": "$3.57 / 100G"
  },
  {
    "Brand_Product_Size": "Energizer Universal Wall Charger 2 Usb Ports each",
    "WOW Price": 20,
    "WOW Size": "each",
    "WOW ppu": ""
  },
  {
    "Brand_Product_Size": "Zenzone Air Freshener Spray Refill Cotton Flower 180g",
    "WOW Price": 4,
    "WOW Size": "180g",
    "WOW ppu": "$0.22 / 10G"
  },
  {
    "Brand_Product_Size": "Jack Hammer Sink Plunger Rubber Head each",
    "WOW Price": 3.5,
    "WOW Size": "each",
    "WOW ppu": ""
  },
  {
    "Brand_Product_Size": "Gippsland Dairy Twist Passionfruit Yoghurt 720g",
    "WOW Price": 7,
    "WOW Size": "720g",
    "WOW ppu": "$0.97 / 100G"
  },
  {
    "Brand_Product_Size": "Nurofen Pain And Inflammation Relief Tablets 200mg Ibuprofen 12 pack",
    "WOW Price": 3.75,
    "WOW Size": "12 pack",
    "WOW ppu": "$0.31 / 1EA"
  },
  {
    "Brand_Product_Size": "Five:am Organic Vanilla Bean Yoghurt Pouch 120g",
    "WOW Price": 2,
    "WOW Size": "120g",
    "WOW ppu": "$1.67 / 100G"
  },
  {
    "Brand_Product_Size": "Five:am Organic Vanilla Bean Yoghurt Pouch 120g",
    "WOW Price": 2,
    "WOW Size": "120g",
    "WOW ppu": "$1.67 / 100G"
  },
  {
    "Brand_Product_Size": "Kez's Kitchen Salted Caramel & Pretzel Florentines 150g",
    "WOW Price": 7,
    "WOW Size": "150g",
    "WOW ppu": "$4.67 / 100G"
  },
  {
    "Brand_Product_Size": "Woolworths Smoked Beef Pastrami Freshly Sliced From The Deli per kg",
    "WOW Price": 26,
    "WOW Size": "per kg",
    "WOW ppu": "$26.00 / 1KG"
  },
  {
    "Brand_Product_Size": "Woolworths Smoked Beef Pastrami Freshly Sliced From The Deli per kg",
    "WOW Price": 26,
    "WOW Size": "per kg",
    "WOW ppu": "$26.00 / 1KG"
  },
  {
    "Brand_Product_Size": "Schwarzkopf Live Colour Ultra Brights Pillar Box Red each",
    "WOW Price": 5.5,
    "WOW Size": "each",
    "WOW ppu": ""
  },
  {
    "Brand_Product_Size": "Maggi Fusian 2 Minute Instant Noodles Hot & Spicy 12 pack",
    "WOW Price": 8,
    "WOW Size": "12 pack",
    "WOW ppu": "$0.91 / 100G"
  },
  {
    "Brand_Product_Size": "Ceres Organic Chickpea Crisps Himalayan Salt 100g",
    "WOW Price": 3.5,
    "WOW Size": "100g",
    "WOW ppu": "$3.50 / 100G"
  },
  {
    "Brand_Product_Size": "Swisse Ultivite Women's 50+ 60 pack",
    "WOW Price": 18,
    "WOW Size": "60 pack",
    "WOW ppu": "$30.00 / 100EA"
  },
  {
    "Brand_Product_Size": "Philips Led Gu10 Warm 4 pack",
    "WOW Price": 32,
    "WOW Size": "4 pack",
    "WOW ppu": "$8.00 / 1EA"
  },
  {
    "Brand_Product_Size": "Mr Chen's Seafood Singapore Noodles 350g",
    "WOW Price": 5.5,
    "WOW Size": "350g",
    "WOW ppu": "$1.57 / 100G"
  },
  {
    "Brand_Product_Size": "Continental Nutrish Soup Smash'n Pump-kin 33g",
    "WOW Price": 2,
    "WOW Size": "33g",
    "WOW ppu": "$6.06 / 100G"
  },
  {
    "Brand_Product_Size": "Gourmet Garden Paste Garlic 80g",
    "WOW Price": 3.5,
    "WOW Size": "80g",
    "WOW ppu": "$0.44 / 10G"
  },
  {
    "Brand_Product_Size": "Gourmet Garden Paste Garlic 80g",
    "WOW Price": 3.5,
    "WOW Size": "80g",
    "WOW ppu": "$0.44 / 10G"
  },
  {
    "Brand_Product_Size": "Provoke Touch Of Silver Intensive Purple Conditioner 500mL",
    "WOW Price": 20,
    "WOW Size": "500mL",
    "WOW ppu": "$4.00 / 100ML"
  },
  {
    "Brand_Product_Size": "Lux Body Wash Evenly Gorgeous 400mL",
    "WOW Price": 4.5,
    "WOW Size": "400mL",
    "WOW ppu": "$1.13 / 100ML"
  },
  {
    "Brand_Product_Size": "Baby Bellies Organic Strawberry Pick-up Sticks 16g",
    "WOW Price": 3.5,
    "WOW Size": "16g",
    "WOW ppu": "$21.88 / 100G"
  },
  {
    "Brand_Product_Size": "Crave Wet Dog Food Turkey Pate 100g",
    "WOW Price": 1.9,
    "WOW Size": "100g",
    "WOW ppu": "$1.90 / 100G"
  },
  {
    "Brand_Product_Size": "Oscar Orsen One Touch Hair Clip Black 10 pack",
    "WOW Price": 4,
    "WOW Size": "10 pack",
    "WOW ppu": ""
  },
  {
    "Brand_Product_Size": "David Beckham Instinct Sport Deodorant Body Spray 150mL",
    "WOW Price": 8,
    "WOW Size": "150mL",
    "WOW ppu": "$5.33 / 100ML"
  },
  {
    "Brand_Product_Size": "Macro Organic Cornflour 300g",
    "WOW Price": 3,
    "WOW Size": "300g",
    "WOW ppu": "$10.00 / 1KG"
  },
  {
    "Brand_Product_Size": "Rafferty's Garden Snack Blueberry Banana Apple 8 pack",
    "WOW Price": 3.5,
    "WOW Size": "8 pack",
    "WOW ppu": "$2.73 / 100G"
  },
  {
    "Brand_Product_Size": "Steeves Maples Maple Syrup 250mL",
    "WOW Price": 5,
    "WOW Size": "250mL",
    "WOW ppu": "$2.00 / 100ML"
  },
  {
    "Brand_Product_Size": "Moccona Freeze Dried Instant Coffee Classic Decaffeinated 100g",
    "WOW Price": 8.5,
    "WOW Size": "100g",
    "WOW ppu": "$8.50 / 100G"
  },
  {
    "Brand_Product_Size": "Moccona Freeze Dried Instant Coffee Classic Decaffeinated 100g",
    "WOW Price": 8.5,
    "WOW Size": "100g",
    "WOW ppu": "$8.50 / 100G"
  },
  {
    "Brand_Product_Size": "Sukin Botanical Body Wash Bergamot & Patchouli 500mL",
    "WOW Price": 8,
    "WOW Size": "500mL",
    "WOW ppu": "$1.60 / 100ML"
  },
  {
    "Brand_Product_Size": "Atkins Endulge 3 Bar Chocolate Break 64.5g",
    "WOW Price": 7,
    "WOW Size": "64.5g",
    "WOW ppu": "$10.85 / 100G"
  },
  {
    "Brand_Product_Size": "Colgate Recyclean Tooth Brush Soft each",
    "WOW Price": 7,
    "WOW Size": "each",
    "WOW ppu": "$7.00 / 1EA"
  },
  {
    "Brand_Product_Size": "Skittles Sours Lollies Large Bag 190g",
    "WOW Price": 2.25,
    "WOW Size": "190g",
    "WOW ppu": "$1.18 / 100G"
  },
  {
    "Brand_Product_Size": "Scotch Giftwrap Tape With Dispenser 19mm X 16.5m each",
    "WOW Price": 5,
    "WOW Size": "each",
    "WOW ppu": ""
  },
  {
    "Brand_Product_Size": "Felix Adult As Good As It Looks Ocean Menu Wet Cat Food 85g x27 pack",
    "WOW Price": 22,
    "WOW Size": "85g x27 pack",
    "WOW ppu": "$0.96 / 100G"
  },
  {
    "Brand_Product_Size": "Neutrogena Norwegian Formula Hand Cream Fragrance Free 56g",
    "WOW Price": 8,
    "WOW Size": "56g",
    "WOW ppu": "$14.29 / 100G"
  },
  {
    "Brand_Product_Size": "Mcobeauty Duo Lipstick & Liner Nude Mauve 22g",
    "WOW Price": 6,
    "WOW Size": "22g",
    "WOW ppu": "$2.73 / 10G"
  },
  {
    "Brand_Product_Size": "Nerf Mega Tough Dog Toy Bone each",
    "WOW Price": 12.6,
    "WOW Size": "each",
    "WOW ppu": "$12.60 / 1EA"
  },
  {
    "Brand_Product_Size": "Just Caught Seafood Marinara Mix 800g",
    "WOW Price": 11.8,
    "WOW Size": "800g",
    "WOW ppu": "$14.75 / 1KG"
  },
  {
    "Brand_Product_Size": "La Casa Fresh Mozzarella Cheese 200g",
    "WOW Price": 5.5,
    "WOW Size": "200g",
    "WOW ppu": "$27.50 / 1KG"
  },
  {
    "Brand_Product_Size": "La Casa Fresh Mozzarella Cheese 200g",
    "WOW Price": 5.5,
    "WOW Size": "200g",
    "WOW ppu": "$27.50 / 1KG"
  },
  {
    "Brand_Product_Size": "Mainland On The Go Tasty Cheese And Crackers 4 pack",
    "WOW Price": 4.5,
    "WOW Size": "4 pack",
    "WOW ppu": "$37.50 / 1KG"
  },
  {
    "Brand_Product_Size": "Mainland On The Go Tasty Cheese And Crackers 4 pack",
    "WOW Price": 4.5,
    "WOW Size": "4 pack",
    "WOW ppu": "$37.50 / 1KG"
  },
  {
    "Brand_Product_Size": "Maybelline Lash Sensational Lengthening Mascara - Very Black 9mL",
    "WOW Price": 11.5,
    "WOW Size": "9mL",
    "WOW ppu": "$12.78 / 10ML"
  },
  {
    "Brand_Product_Size": "Tibaldi Signature Ham Off The Bone 120g",
    "WOW Price": 4.5,
    "WOW Size": "120g",
    "WOW ppu": "$37.50 / 1KG"
  },
  {
    "Brand_Product_Size": "Maybelline Matte Maker Pressed Powder - 10 Classic Ivory 16g",
    "WOW Price": 6,
    "WOW Size": "16g",
    "WOW ppu": ""
  },
  {
    "Brand_Product_Size": "Balnea Premium Shower Cap each",
    "WOW Price": 4,
    "WOW Size": "each",
    "WOW ppu": "$4.00 / 1EA"
  },
  {
    "Brand_Product_Size": "Espressotoria Mountain Grown Coffee Capsules 12 pack",
    "WOW Price": 5.88,
    "WOW Size": "12 pack",
    "WOW ppu": "$0.49 / 1EA"
  },
  {
    "Brand_Product_Size": "Espressotoria Mountain Grown Coffee Capsules 12 pack",
    "WOW Price": 5.88,
    "WOW Size": "12 pack",
    "WOW ppu": "$0.49 / 1EA"
  },
  {
    "Brand_Product_Size": "Wallaby Oat Free Porridge Cranberry & Vanilla Toasted Almond Meal 6 pack",
    "WOW Price": 5.5,
    "WOW Size": "6 pack",
    "WOW ppu": "$2.29 / 100G"
  },
  {
    "Brand_Product_Size": "Impressed Essentials Orange Juice Pulp Free 1L",
    "WOW Price": 3.5,
    "WOW Size": "1L",
    "WOW ppu": "$3.50 / 1L"
  },
  {
    "Brand_Product_Size": "Sup Zzz... Sleep 25 pack",
    "WOW Price": 15,
    "WOW Size": "25 pack",
    "WOW ppu": "$60.00 / 100EA"
  },
  {
    "Brand_Product_Size": "Selleys Adhesive Araldite 5 Minute Everyday 8mL",
    "WOW Price": 5,
    "WOW Size": "8mL",
    "WOW ppu": "$62.50 / 100ML"
  },
  {
    "Brand_Product_Size": "Arnott's Jatz Clix Crackers 250g",
    "WOW Price": 3.2,
    "WOW Size": "250g",
    "WOW ppu": "$1.28 / 100G"
  },
  {
    "Brand_Product_Size": "Credelio Flea & Tick Treatment Chewable Tablet For Medium Dog each",
    "WOW Price": 29,
    "WOW Size": "each",
    "WOW ppu": "$29.00 / 1EA"
  },
  {
    "Brand_Product_Size": "Hoyt's Garlic Powder 25g",
    "WOW Price": 1.3,
    "WOW Size": "25g",
    "WOW ppu": "$0.52 / 10G"
  },
  {
    "Brand_Product_Size": "Pukka Tea Bags Relax 20 pack",
    "WOW Price": 7.5,
    "WOW Size": "20 pack",
    "WOW ppu": "$0.38 / 1EA"
  },
  {
    "Brand_Product_Size": "Pukka Tea Bags Relax 20 pack",
    "WOW Price": 7.5,
    "WOW Size": "20 pack",
    "WOW ppu": "$0.38 / 1EA"
  },
  {
    "Brand_Product_Size": "Nuk Space Soother 6-18m 2 pack",
    "WOW Price": 12,
    "WOW Size": "2 pack",
    "WOW ppu": "$12.00 / 1EA"
  },
  {
    "Brand_Product_Size": "Coca-cola Diet Soft Drink Mini Cans 200mL x8 pack",
    "WOW Price": 7.2,
    "WOW Size": "200mL x8 pack",
    "WOW ppu": "$4.50 / 1L"
  },
  {
    "Brand_Product_Size": "Valvoline Motor Oil Xld Premium 20w-50 1L",
    "WOW Price": 15,
    "WOW Size": "1L",
    "WOW ppu": "$1.50 / 100ML"
  },
  {
    "Brand_Product_Size": "John West Salmon Slices Smoked 125g",
    "WOW Price": 3.55,
    "WOW Size": "125g",
    "WOW ppu": "$28.40 / 1KG"
  },
  {
    "Brand_Product_Size": "Rimmel Lastingfinish Fdn Ivory 30mL",
    "WOW Price": 9.5,
    "WOW Size": "30mL",
    "WOW ppu": "$3.17 / 10ML"
  },
  {
    "Brand_Product_Size": "Three Threes Pickles Mustard Spreadable 390g",
    "WOW Price": 2.5,
    "WOW Size": "390g",
    "WOW ppu": "$6.41 / 1KG"
  },
  {
    "Brand_Product_Size": "Optimum Adult With Beef Vegetables & Rice Dry Dog Food 7kg",
    "WOW Price": 24.5,
    "WOW Size": "7kg",
    "WOW ppu": "$0.35 / 100G"
  },
  {
    "Brand_Product_Size": "Macro Hemp Seed Oil 250mL",
    "WOW Price": 12,
    "WOW Size": "250mL",
    "WOW ppu": "$4.80 / 100ML"
  },
  {
    "Brand_Product_Size": "Clio Italian Soft Shine 12d Pantyhose Natural Medium each",
    "WOW Price": 8,
    "WOW Size": "each",
    "WOW ppu": ""
  },
  {
    "Brand_Product_Size": "Crankt Max Premium Protein Bar Chocolate Fudge 60g",
    "WOW Price": 3.75,
    "WOW Size": "60g",
    "WOW ppu": "$6.25 / 100G"
  },
  {
    "Brand_Product_Size": "Temptations Cat Treats Seafood Medley 85g",
    "WOW Price": 3,
    "WOW Size": "85g",
    "WOW ppu": "$3.53 / 100G"
  },
  {
    "Brand_Product_Size": "Woolworths Mexican Style Rice 250g",
    "WOW Price": 2,
    "WOW Size": "250g",
    "WOW ppu": "$0.80 / 100G"
  },
  {
    "Brand_Product_Size": "Tradie Mens Fly Front Trunk L each",
    "WOW Price": 12,
    "WOW Size": "each",
    "WOW ppu": ""
  },
  {
    "Brand_Product_Size": "Patties Vegetarian Broccoli & Cheese Bites 300g",
    "WOW Price": 8,
    "WOW Size": "300g",
    "WOW ppu": "$2.67 / 100G"
  },
  {
    "Brand_Product_Size": "Woolworths Crispy Rice Pops 350g",
    "WOW Price": 1.8,
    "WOW Size": "350g",
    "WOW ppu": "$0.51 / 100G"
  },
  {
    "Brand_Product_Size": "Nivea Rich Day Cream Moisturiser + Shea Butter & Spf30 50mL",
    "WOW Price": 13.5,
    "WOW Size": "50mL",
    "WOW ppu": "$27.00 / 100ML"
  },
  {
    "Brand_Product_Size": "Twinings Darjeeling Tea Bags 10 pack 20g",
    "WOW Price": 2.9,
    "WOW Size": "10 pack 20g",
    "WOW ppu": "$0.29 / 1EA"
  },
  {
    "Brand_Product_Size": "Twinings Darjeeling Tea Bags 10 pack 20g",
    "WOW Price": 2.9,
    "WOW Size": "10 pack 20g",
    "WOW ppu": "$0.29 / 1EA"
  },
  {
    "Brand_Product_Size": "Fluffy Fragrance Temptations Ultra Fabric Softener Spice Allure 1L",
    "WOW Price": 7,
    "WOW Size": "1L",
    "WOW ppu": "$7.00 / 1L"
  },
  {
    "Brand_Product_Size": "Carman's Strawberry & Cream Aussie Oat Bars 6 pack",
    "WOW Price": 5,
    "WOW Size": "6 pack",
    "WOW ppu": "$2.78 / 100G"
  },
  {
    "Brand_Product_Size": "Essano Certified Organic Mist Toner 120mL",
    "WOW Price": 13,
    "WOW Size": "120mL",
    "WOW ppu": "$10.83 / 100ML"
  },
  {
    "Brand_Product_Size": "Clearasil Daily Clear Facial Cleanser Oil Free Gel 150mL",
    "WOW Price": 8.4,
    "WOW Size": "150mL",
    "WOW ppu": "$5.60 / 100ML"
  },
  {
    "Brand_Product_Size": "Evamay Pads With Wings Regular 16 pack",
    "WOW Price": 1.8,
    "WOW Size": "16 pack",
    "WOW ppu": "$0.11 / 1EA"
  },
  {
    "Brand_Product_Size": "Clairol Root Touch Up Light Brown 6 each",
    "WOW Price": 13,
    "WOW Size": "each",
    "WOW ppu": ""
  },
  {
    "Brand_Product_Size": "Jackson Switch Mode Power Supply - 500ma each",
    "WOW Price": 32,
    "WOW Size": "each",
    "WOW ppu": ""
  },
  {
    "Brand_Product_Size": "Mckenzie's Coconut Moist Flakes 225g",
    "WOW Price": 3.3,
    "WOW Size": "225g",
    "WOW ppu": "$14.67 / 1KG"
  },
  {
    "Brand_Product_Size": "Nexba Chocolate Sugar-free Liquid Brekkie 250mL x3 pack",
    "WOW Price": 2.87,
    "WOW Size": "250mL x3 pack",
    "WOW ppu": ""
  },
  {
    "Brand_Product_Size": "Lenny & Larry The Complete Cookie Chocolate Chip 113g",
    "WOW Price": 4.5,
    "WOW Size": "113g",
    "WOW ppu": "$3.98 / 100G"
  },
  {
    "Brand_Product_Size": "John Frieda Brilliant Brunette Colour Protect Moisturising Shampoo 250mL",
    "WOW Price": 16,
    "WOW Size": "250mL",
    "WOW ppu": "$6.40 / 100ML"
  },
  {
    "Brand_Product_Size": "Coca-cola Diet Soft Drink Can 250mL",
    "WOW Price": 2.25,
    "WOW Size": "250mL",
    "WOW ppu": "$9.00 / 1L"
  },
  {
    "Brand_Product_Size": "Cadbury Dairy Milk Marble Chocolate Block 173g",
    "WOW Price": 3.5,
    "WOW Size": "173g",
    "WOW ppu": "$2.02 / 100G"
  },
  {
    "Brand_Product_Size": "Barilla Collezione Orecchiette Pasta 500g",
    "WOW Price": 2.75,
    "WOW Size": "500g",
    "WOW ppu": "$0.55 / 100G"
  },
  {
    "Brand_Product_Size": "Woolworths Orange Juice 3L",
    "WOW Price": 4.2,
    "WOW Size": "3L",
    "WOW ppu": "$1.40 / 1L"
  },
  {
    "Brand_Product_Size": "Love Luna Bikini Period Brief 10--12",
    "WOW Price": 13.5,
    "WOW Size": "10--12",
    "WOW ppu": "$13.50 / 1EA"
  },
  {
    "Brand_Product_Size": "Armada Metallic Paper Side Plates Assorted 10 pack",
    "WOW Price": 3,
    "WOW Size": "10 pack",
    "WOW ppu": "$0.30 / 1EA"
  },
  {
    "Brand_Product_Size": "Miguel Maestre Sliced Chorizo 100g",
    "WOW Price": 7,
    "WOW Size": "100g",
    "WOW ppu": "$70.00 / 1KG"
  },
  {
    "Brand_Product_Size": "Mcobeauty More Brows Medium Brown 1.5mL",
    "WOW Price": 7,
    "WOW Size": "1.5mL",
    "WOW ppu": "$20.00 / 10ML"
  },
  {
    "Brand_Product_Size": "Indomie Instant Noodles Hot & Spicy Mi Goreng 80g",
    "WOW Price": 0.65,
    "WOW Size": "80g",
    "WOW ppu": "$0.81 / 100G"
  },
  {
    "Brand_Product_Size": "Bushman Insect Repellent With Sunscreen 150g",
    "WOW Price": 14,
    "WOW Size": "150g",
    "WOW ppu": "$9.33 / 100G"
  },
  {
    "Brand_Product_Size": "Maggi Seasoning Sauce 200mL",
    "WOW Price": 4.2,
    "WOW Size": "200mL",
    "WOW ppu": "$2.10 / 100ML"
  },
  {
    "Brand_Product_Size": "Tradie Hi-cut Diamond Cut Size 12 Assorted 3 pack",
    "WOW Price": 15,
    "WOW Size": "3 pack",
    "WOW ppu": ""
  },
  {
    "Brand_Product_Size": "Mars Pods Chocolate Medium Bag 160g",
    "WOW Price": 2.25,
    "WOW Size": "160g",
    "WOW ppu": "$1.41 / 100G"
  },
  {
    "Brand_Product_Size": "Essentials Pasta Spirals 500g",
    "WOW Price": 0.8,
    "WOW Size": "500g",
    "WOW ppu": "$0.16 / 100G"
  },
  {
    "Brand_Product_Size": "Sweet Baby Ray's Hickory & Brown Sugar Bbq Sauce 425mL",
    "WOW Price": 5.35,
    "WOW Size": "425mL",
    "WOW ppu": "$1.26 / 100ML"
  },
  {
    "Brand_Product_Size": "Dimetapp Multi Symptom Cold & Flu 20 pack",
    "WOW Price": 13,
    "WOW Size": "20 pack",
    "WOW ppu": "$0.65 / 1EA"
  },
  {
    "Brand_Product_Size": "Ob Finest Veggie Lavosh Crackers Tomato & Italian Herb 110g",
    "WOW Price": 4.5,
    "WOW Size": "110g",
    "WOW ppu": "$4.09 / 100G"
  },
  {
    "Brand_Product_Size": "Simmone Logue Leek Spinach Quiche 800g",
    "WOW Price": 18,
    "WOW Size": "800g",
    "WOW ppu": "$2.25 / 100G"
  },
  {
    "Brand_Product_Size": "Simmone Logue Leek Spinach Quiche 800g",
    "WOW Price": 18,
    "WOW Size": "800g",
    "WOW ppu": "$2.25 / 100G"
  },
  {
    "Brand_Product_Size": "Lindt Lindor Assorted Chocolate Balls 333g",
    "WOW Price": 20,
    "WOW Size": "333g",
    "WOW ppu": "$6.01 / 100G"
  },
  {
    "Brand_Product_Size": "Spirax Notebook A4 240pg each",
    "WOW Price": 5,
    "WOW Size": "240pg each",
    "WOW ppu": ""
  },
  {
    "Brand_Product_Size": "Fluffy Fabric Softener Conditioner Sachet Summer Breeze 250mL",
    "WOW Price": 1.8,
    "WOW Size": "250mL",
    "WOW ppu": "$7.20 / 1L"
  },
  {
    "Brand_Product_Size": "Bell Farms Frozen Chips Steak Cut 1kg",
    "WOW Price": 3,
    "WOW Size": "1kg",
    "WOW ppu": "$3.00 / 1KG"
  },
  {
    "Brand_Product_Size": "Banana Boat Ultra Spf 50+ Sunscreen Pump 400g",
    "WOW Price": 21,
    "WOW Size": "400g",
    "WOW ppu": "$5.25 / 100G"
  },
  {
    "Brand_Product_Size": "Swisse Ultiboost Sleep Tabs 60 pack",
    "WOW Price": 11,
    "WOW Size": "60 pack",
    "WOW ppu": "$18.33 / 100EA"
  },
  {
    "Brand_Product_Size": "Barilla Mulino Bianco Baiocchi 200g",
    "WOW Price": 4.5,
    "WOW Size": "200g",
    "WOW ppu": "$2.25 / 100G"
  },
  {
    "Brand_Product_Size": "Energizer Max Plus/ Advanced Aaa Batteries 10 pack",
    "WOW Price": 16,
    "WOW Size": "10 pack",
    "WOW ppu": "$1.60 / 1EA"
  },
  {
    "Brand_Product_Size": "Huggies Ultimate Nourish & Care Baby Wipes 64 pack",
    "WOW Price": 6,
    "WOW Size": "64 pack",
    "WOW ppu": "$9.38 / 100EA"
  },
  {
    "Brand_Product_Size": "Masterfoods Mild Chicken Curry Slow Cook Sauce 490g",
    "WOW Price": 3.7,
    "WOW Size": "490g",
    "WOW ppu": "$0.76 / 100G"
  },
  {
    "Brand_Product_Size": "Sugarless Stevia Organic 350g",
    "WOW Price": 8.5,
    "WOW Size": "350g",
    "WOW ppu": "$2.43 / 100G"
  },
  {
    "Brand_Product_Size": "L'oreal Revitalift Filler Night Cream 50mL",
    "WOW Price": 27,
    "WOW Size": "50mL",
    "WOW ppu": "$54.00 / 100ML"
  },
  {
    "Brand_Product_Size": "Haday Yellow Soy Bean Paste 340g",
    "WOW Price": 2.4,
    "WOW Size": "340g",
    "WOW ppu": "$0.71 / 100G"
  },
  {
    "Brand_Product_Size": "Ob Finest Veggie Lavosh Crackers Beetroot & Black Pepper 110g",
    "WOW Price": 4.5,
    "WOW Size": "110g",
    "WOW ppu": "$4.09 / 100G"
  },
  {
    "Brand_Product_Size": "Cadbury Dairy Milk Snack 180g",
    "WOW Price": 3.5,
    "WOW Size": "180g",
    "WOW ppu": "$1.94 / 100G"
  },
  {
    "Brand_Product_Size": "Mount Franklin Lightly Sparkling Water Lime 1.25L",
    "WOW Price": 1.95,
    "WOW Size": "1.25L",
    "WOW ppu": "$1.56 / 1L"
  },
  {
    "Brand_Product_Size": "Fantastic Crispy Bacon Noodle Cup 70g",
    "WOW Price": 1,
    "WOW Size": "70g",
    "WOW ppu": "$1.43 / 100G"
  },
  {
    "Brand_Product_Size": "Underworks Ladies Athleisure Hi-cut 14 3 pack",
    "WOW Price": 14,
    "WOW Size": "3 pack",
    "WOW ppu": ""
  },
  {
    "Brand_Product_Size": "Woolworths Fruit & Nut Snack Seeds 400g",
    "WOW Price": 7,
    "WOW Size": "400g",
    "WOW ppu": "$17.50 / 1KG"
  },
  {
    "Brand_Product_Size": "Baby U Bamboo Plate each",
    "WOW Price": 7,
    "WOW Size": "each",
    "WOW ppu": "$7.00 / 1EA"
  },
  {
    "Brand_Product_Size": "Palmolive Gold Bar Soap Daily Deodorant Protection 90g x4 pack",
    "WOW Price": 2.85,
    "WOW Size": "90g x4 pack",
    "WOW ppu": "$0.79 / 100G"
  },
  {
    "Brand_Product_Size": "Rufus & Coco Soft Mesh Dog Harness Small each",
    "WOW Price": 23.5,
    "WOW Size": "each",
    "WOW ppu": ""
  },
  {
    "Brand_Product_Size": "Sup Inner Glow Collagen Boost Supplements 30 pack",
    "WOW Price": 13.8,
    "WOW Size": "30 pack",
    "WOW ppu": "$46.00 / 100EA"
  },
  {
    "Brand_Product_Size": "Baxter's Straps Beef 250g",
    "WOW Price": 4,
    "WOW Size": "250g",
    "WOW ppu": "$1.60 / 100G"
  },
  {
    "Brand_Product_Size": "Schwarzkopf Got2b Dry Shampoo Foam 150mL",
    "WOW Price": 6.5,
    "WOW Size": "150mL",
    "WOW ppu": "$4.33 / 100ML"
  },
  {
    "Brand_Product_Size": "Twinings Infuse Starter Pack 1 Bottle + 3 Infusers 4 pack",
    "WOW Price": 5,
    "WOW Size": "4 pack",
    "WOW ppu": "$5.00 / 1EA"
  },
  {
    "Brand_Product_Size": "Twinings Infuse Starter Pack 1 Bottle + 3 Infusers 4 pack",
    "WOW Price": 5,
    "WOW Size": "4 pack",
    "WOW ppu": "$5.00 / 1EA"
  },
  {
    "Brand_Product_Size": "Pine O Cleen Tropical Blossom Surface Wipes 120 pack",
    "WOW Price": 10,
    "WOW Size": "120 pack",
    "WOW ppu": "$0.08 / 1EA"
  },
  {
    "Brand_Product_Size": "Maltesers Extra Choc Medium Pouch 120g",
    "WOW Price": 2.25,
    "WOW Size": "120g",
    "WOW ppu": "$1.88 / 100G"
  },
  {
    "Brand_Product_Size": "Sanitarium Up&go Liquid Breakfast Strawberry 12 pack",
    "WOW Price": 14,
    "WOW Size": "12 pack",
    "WOW ppu": "$4.67 / 1L"
  },
  {
    "Brand_Product_Size": "Sanitarium Up&go Liquid Breakfast Strawberry 12 pack",
    "WOW Price": 14,
    "WOW Size": "12 pack",
    "WOW ppu": "$4.67 / 1L"
  },
  {
    "Brand_Product_Size": "Woolworths Pasta Macaroni 500g",
    "WOW Price": 1,
    "WOW Size": "500g",
    "WOW ppu": "$0.20 / 100G"
  },
  {
    "Brand_Product_Size": "Deeko Extra Thick Serviette 1ply 75 pack",
    "WOW Price": 3,
    "WOW Size": "75 pack",
    "WOW ppu": "$0.04 / 1EA"
  },
  {
    "Brand_Product_Size": "Remedy Passionfruit Kombucha 250mL x4 pack",
    "WOW Price": 8.75,
    "WOW Size": "250mL x4 pack",
    "WOW ppu": "$8.75 / 1L"
  },
  {
    "Brand_Product_Size": "U By Kotex Tampons Super Bulk 32 pack",
    "WOW Price": 6.8,
    "WOW Size": "32 pack",
    "WOW ppu": "$0.21 / 1EA"
  },
  {
    "Brand_Product_Size": "Manicare Toe Nail Clippers With Nail File each",
    "WOW Price": 3.5,
    "WOW Size": "each",
    "WOW ppu": "$3.50 / 1EA"
  },
  {
    "Brand_Product_Size": "Cobs Popcorn Best Ever Butter Gluten Free 100g",
    "WOW Price": 2.85,
    "WOW Size": "100g",
    "WOW ppu": "$2.85 / 100G"
  },
  {
    "Brand_Product_Size": "Supreme Clean White Bleach Lavender 2L",
    "WOW Price": 3.99,
    "WOW Size": "2L",
    "WOW ppu": "$2.00 / 1L"
  },
  {
    "Brand_Product_Size": "Devondale 100% Pure Full Cream Long Life Milk 150mL",
    "WOW Price": 0.85,
    "WOW Size": "150mL",
    "WOW ppu": "$5.67 / 1L"
  },
  {
    "Brand_Product_Size": "Devondale 100% Pure Full Cream Long Life Milk 150mL",
    "WOW Price": 0.85,
    "WOW Size": "150mL",
    "WOW ppu": "$5.67 / 1L"
  },
  {
    "Brand_Product_Size": "Fussy Cat Crunchers Grain Free With Fish Cat Treats 100g",
    "WOW Price": 2.99,
    "WOW Size": "100g",
    "WOW ppu": "$2.99 / 100G"
  },
  {
    "Brand_Product_Size": "Garlic 3 pack",
    "WOW Price": 3,
    "WOW Size": "3 pack",
    "WOW ppu": "$1.00 / 1EA"
  },
  {
    "Brand_Product_Size": "Uncle Tobys Cereal Plus Muesli Flakes 820g",
    "WOW Price": 7.5,
    "WOW Size": "820g",
    "WOW ppu": "$0.91 / 100G"
  },
  {
    "Brand_Product_Size": "Olay Regenerist Night Face Cream Moisturiser 50g",
    "WOW Price": 22.75,
    "WOW Size": "50g",
    "WOW ppu": "$45.50 / 100G"
  },
  {
    "Brand_Product_Size": "All Smiles Total Care Toothbrush Medium 6 pack",
    "WOW Price": 7.5,
    "WOW Size": "6 pack",
    "WOW ppu": "$1.25 / 1EA"
  },
  {
    "Brand_Product_Size": "John West Salmon Tempters Coriander Chilli & Lime 95g",
    "WOW Price": 2.7,
    "WOW Size": "95g",
    "WOW ppu": "$28.42 / 1KG"
  },
  {
    "Brand_Product_Size": "Zanetti Pecorino Romano 200g",
    "WOW Price": 8,
    "WOW Size": "200g",
    "WOW ppu": "$40.00 / 1KG"
  },
  {
    "Brand_Product_Size": "Continental Liquid Vegetable Stock 1L",
    "WOW Price": 4,
    "WOW Size": "1L",
    "WOW ppu": "$0.40 / 100ML"
  },
  {
    "Brand_Product_Size": "Ayam Vegetarian Oyster Sauce 210mL",
    "WOW Price": 3.5,
    "WOW Size": "210mL",
    "WOW ppu": "$1.67 / 100ML"
  },
  {
    "Brand_Product_Size": "Carman's Super Berry Muesli 875g",
    "WOW Price": 8,
    "WOW Size": "875g",
    "WOW ppu": "$0.91 / 100G"
  },
  {
    "Brand_Product_Size": "Mr Chen's Shanghai Soup Dumplins 240g",
    "WOW Price": 7.5,
    "WOW Size": "240g",
    "WOW ppu": "$3.13 / 100G"
  },
  {
    "Brand_Product_Size": "Tylenol Paracetamol 500mg 10 pack",
    "WOW Price": 2.8,
    "WOW Size": "10 pack",
    "WOW ppu": "$2.80 / 1EA"
  },
  {
    "Brand_Product_Size": "Cenovis Mega E 500iu Capsules Value Pack 250 pack",
    "WOW Price": 37,
    "WOW Size": "250 pack",
    "WOW ppu": "$14.80 / 100EA"
  },
  {
    "Brand_Product_Size": "Le Tan Uber Glow Gradual Tan Lotion 250mL",
    "WOW Price": 9,
    "WOW Size": "250mL",
    "WOW ppu": "$9.00 / 1EA"
  },
  {
    "Brand_Product_Size": "Beechworth Pure Honey 500g",
    "WOW Price": 8.75,
    "WOW Size": "500g",
    "WOW ppu": "$1.75 / 100G"
  },
  {
    "Brand_Product_Size": "Glow Lab Coconut & Spiced Fig Refill Hand Wash 600mL",
    "WOW Price": 11,
    "WOW Size": "600mL",
    "WOW ppu": "$1.83 / 100ML"
  },
  {
    "Brand_Product_Size": "Passage To Asia Chinese Hoisin Stir Fry Sauce 200g",
    "WOW Price": 3,
    "WOW Size": "200g",
    "WOW ppu": "$1.50 / 100G"
  },
  {
    "Brand_Product_Size": "Bonds Boys Underwear Cotton Trunk (8-10 & 10-12) 3 pack",
    "WOW Price": 10.5,
    "WOW Size": "3 pack",
    "WOW ppu": "$3.50 / 1EA"
  },
  {
    "Brand_Product_Size": "Mint Soft Grip Cheese Slicer each",
    "WOW Price": 1,
    "WOW Size": "each",
    "WOW ppu": ""
  },
  {
    "Brand_Product_Size": "Woolworths Prep Set Go Frozen Mediterranean Roasting Mix 1kg",
    "WOW Price": 4,
    "WOW Size": "1kg",
    "WOW ppu": "$4.00 / 1KG"
  },
  {
    "Brand_Product_Size": "Phillips Avent Animal Soother 6-18 Months 2 pack",
    "WOW Price": 12,
    "WOW Size": "2 pack",
    "WOW ppu": "$6.00 / 1EA"
  },
  {
    "Brand_Product_Size": "Bonds Zip Wondersuit Disney Mickey Pink Size 00 each",
    "WOW Price": 30,
    "WOW Size": "each",
    "WOW ppu": ""
  },
  {
    "Brand_Product_Size": "Vileda Wettex Cleaning Cloth Super Absorbent Assorted 3 pack",
    "WOW Price": 4,
    "WOW Size": "3 pack",
    "WOW ppu": "$1.33 / 1EA"
  },
  {
    "Brand_Product_Size": "Big Softies Bibs Bright 5 pack",
    "WOW Price": 10,
    "WOW Size": "5 pack",
    "WOW ppu": "$2.00 / 1EA"
  },
  {
    "Brand_Product_Size": "Stevia Sweet Granulated Jar 75g",
    "WOW Price": 6.5,
    "WOW Size": "75g",
    "WOW ppu": "$8.67 / 100G"
  },
  {
    "Brand_Product_Size": "Oreo Wafers Biscuit 10 pack",
    "WOW Price": 1.65,
    "WOW Size": "10 pack",
    "WOW ppu": "$1.29 / 100G"
  },
  {
    "Brand_Product_Size": "Oreo Wafers Biscuit 10 pack",
    "WOW Price": 1.65,
    "WOW Size": "10 pack",
    "WOW ppu": "$1.29 / 100G"
  },
  {
    "Brand_Product_Size": "Queen Black Food Colour Gel 15g",
    "WOW Price": 2.5,
    "WOW Size": "15g",
    "WOW ppu": "$16.67 / 100G"
  },
  {
    "Brand_Product_Size": "John Frieda Frizz Ease Repairing Shampoo 250mL",
    "WOW Price": 16,
    "WOW Size": "250mL",
    "WOW ppu": "$6.40 / 100ML"
  },
  {
    "Brand_Product_Size": "Ardell Faux Mink 811 Eyelashes each",
    "WOW Price": 6.5,
    "WOW Size": "each",
    "WOW ppu": "$6.50 / 1EA"
  },
  {
    "Brand_Product_Size": "Woolworths Light Tasty Cheese & Crackers 120g",
    "WOW Price": 4,
    "WOW Size": "120g",
    "WOW ppu": "$33.33 / 1KG"
  },
  {
    "Brand_Product_Size": "Nivea Black & White Aerosol Antiperspirant Deodorant 150mL",
    "WOW Price": 4,
    "WOW Size": "150mL",
    "WOW ppu": "$2.67 / 100ML"
  },
  {
    "Brand_Product_Size": "Finish Quantum Ultimate Pro Dishwasher Tablets Lemon 16 pack",
    "WOW Price": 19,
    "WOW Size": "16 pack",
    "WOW ppu": "$1.19 / 1EA"
  },
  {
    "Brand_Product_Size": "Queen Red Food Colour Gel 15g",
    "WOW Price": 2.5,
    "WOW Size": "15g",
    "WOW ppu": "$16.67 / 100G"
  },
  {
    "Brand_Product_Size": "Medichoice Eucalyptus Oil Spray 200g",
    "WOW Price": 8.5,
    "WOW Size": "200g",
    "WOW ppu": "$4.25 / 100G"
  },
  {
    "Brand_Product_Size": "Bx Earth Bondi Splash & Freesia Handwash 300mL",
    "WOW Price": 5,
    "WOW Size": "300mL",
    "WOW ppu": "$1.67 / 100ML"
  },
  {
    "Brand_Product_Size": "Woolworths Sweet Potato Purple Prepack 450g",
    "WOW Price": 3.5,
    "WOW Size": "450g",
    "WOW ppu": "$7.78 / 1KG"
  },
  {
    "Brand_Product_Size": "Logicol Classic Rich & Creamy Spread 500g",
    "WOW Price": 4.8,
    "WOW Size": "500g",
    "WOW ppu": "$0.96 / 100G"
  },
  {
    "Brand_Product_Size": "Sirena Tuna In Oil Italian Style 185g",
    "WOW Price": 4.3,
    "WOW Size": "185g",
    "WOW ppu": "$23.24 / 1KG"
  },
  {
    "Brand_Product_Size": "Bega Simply Nuts Crunchiest Peanut Butter 325g",
    "WOW Price": 5,
    "WOW Size": "325g",
    "WOW ppu": "$1.54 / 100G"
  },
  {
    "Brand_Product_Size": "Latina Fresh Ricotta & Spinach Ravioli Gluten Free 280g",
    "WOW Price": 7.5,
    "WOW Size": "280g",
    "WOW ppu": "$2.68 / 100G"
  },
  {
    "Brand_Product_Size": "Hunt And Brew Cold Brew Coffee Colombia 400mL",
    "WOW Price": 3,
    "WOW Size": "400mL",
    "WOW ppu": "$7.50 / 1L"
  },
  {
    "Brand_Product_Size": "Cover Girl Clump Crusher Mascara 810 Black Brown each",
    "WOW Price": 9.5,
    "WOW Size": "each",
    "WOW ppu": "$7.25 / 10ML"
  },
  {
    "Brand_Product_Size": "Yumi's Aioli With Pesto Dips 200g",
    "WOW Price": 4,
    "WOW Size": "200g",
    "WOW ppu": "$2.00 / 100G"
  },
  {
    "Brand_Product_Size": "L'oreal Paris Age Perfect Beautifying Colour Care Pearl 80mL",
    "WOW Price": 14,
    "WOW Size": "80mL",
    "WOW ppu": ""
  },
  {
    "Brand_Product_Size": "Dairyworks Colby Cheese & Rice Crackers 4x120g",
    "WOW Price": 4.5,
    "WOW Size": "4x120g",
    "WOW ppu": "$37.50 / 1KG"
  },
  {
    "Brand_Product_Size": "Dairyworks Colby Cheese & Rice Crackers 4x120g",
    "WOW Price": 4.5,
    "WOW Size": "4x120g",
    "WOW ppu": "$37.50 / 1KG"
  },
  {
    "Brand_Product_Size": "Dairyworks Colby Cheese & Rice Crackers 4x120g",
    "WOW Price": 4.5,
    "WOW Size": "4x120g",
    "WOW ppu": "$37.50 / 1KG"
  },
  {
    "Brand_Product_Size": "Bonds Bloody Comfy Period Bikini Moderate Days Size 12 each",
    "WOW Price": 15,
    "WOW Size": "each",
    "WOW ppu": "$15.00 / 1EA"
  },
  {
    "Brand_Product_Size": "Colgate Slim Soft Charcoal Infused Bristles Toothbrush Soft each",
    "WOW Price": 3,
    "WOW Size": "each",
    "WOW ppu": "$3.00 / 1EA"
  },
  {
    "Brand_Product_Size": "Hydralyte Electrolyte Ice Block Orange 16 sachets",
    "WOW Price": 14,
    "WOW Size": "16 sachets",
    "WOW ppu": "$0.88 / 1EA"
  },
  {
    "Brand_Product_Size": "Organic Choice Air Freshener Arabian Jasmine & Neroli 200mL",
    "WOW Price": 10,
    "WOW Size": "200mL",
    "WOW ppu": "$5.00 / 100ML"
  },
  {
    "Brand_Product_Size": "Bonds Zip Wondersuit Size 2 each",
    "WOW Price": 14.4,
    "WOW Size": "each",
    "WOW ppu": ""
  },
  {
    "Brand_Product_Size": "Philips Led 470 Lumen Light Bulb Warm White each",
    "WOW Price": 7,
    "WOW Size": "each",
    "WOW ppu": "$7.00 / 1EA"
  },
  {
    "Brand_Product_Size": "Colgate Nature's Extracts Pure Clean Charcoal + Mint Toothpaste 100g",
    "WOW Price": 4,
    "WOW Size": "100g",
    "WOW ppu": "$4.00 / 100G"
  },
  {
    "Brand_Product_Size": "Vevelle Select Double Roll Toilet Tissue 4 pack",
    "WOW Price": 3.7,
    "WOW Size": "4 pack",
    "WOW ppu": "$0.24 / 100SS"
  },
  {
    "Brand_Product_Size": "Devondale Sandwich Cheese Slices 250g",
    "WOW Price": 3.5,
    "WOW Size": "250g",
    "WOW ppu": "$14.00 / 1KG"
  },
  {
    "Brand_Product_Size": "Donna Hay Fudgy Chocolate Cake Gluten Free Mix 570g",
    "WOW Price": 7.5,
    "WOW Size": "570g",
    "WOW ppu": "$1.32 / 100G"
  },
  {
    "Brand_Product_Size": "Continental Alfredo Garlic & Herb Pasta & Sauce Value Pack 145g",
    "WOW Price": 3,
    "WOW Size": "145g",
    "WOW ppu": "$2.07 / 100G"
  },
  {
    "Brand_Product_Size": "Woolworths Tropical Dried Fruit Snack Mix 400g",
    "WOW Price": 5,
    "WOW Size": "400g",
    "WOW ppu": "$12.50 / 1KG"
  },
  {
    "Brand_Product_Size": "Korbond Foil Letter \"happy Birthday\" Bunting 3.5m each",
    "WOW Price": 6,
    "WOW Size": "each",
    "WOW ppu": "$6.00 / 1EA"
  },
  {
    "Brand_Product_Size": "Elastoplast Plastic Plasters Water-resistant 40 pack",
    "WOW Price": 3,
    "WOW Size": "40 pack",
    "WOW ppu": "$0.08 / 1EA"
  },
  {
    "Brand_Product_Size": "Woman's Day Magazine each",
    "WOW Price": 5.2,
    "WOW Size": "each",
    "WOW ppu": ""
  },
  {
    "Brand_Product_Size": "Tena Pads Fresh Odour Control Extra 20 pack",
    "WOW Price": 9,
    "WOW Size": "20 pack",
    "WOW ppu": "$0.45 / 1EA"
  },
  {
    "Brand_Product_Size": "Oakwood Leather Wipes 16 pack",
    "WOW Price": 2.75,
    "WOW Size": "16 pack",
    "WOW ppu": ""
  },
  {
    "Brand_Product_Size": "Blue Dinosaur Paleo Bars Banana Bread 45g",
    "WOW Price": 3.5,
    "WOW Size": "45g",
    "WOW ppu": "$7.78 / 100G"
  },
  {
    "Brand_Product_Size": "Freedom Foods Cornflakes 260g",
    "WOW Price": 4,
    "WOW Size": "260g",
    "WOW ppu": "$1.54 / 100G"
  },
  {
    "Brand_Product_Size": "Essentials Expandable Dish Drying Rack each",
    "WOW Price": 12,
    "WOW Size": "each",
    "WOW ppu": ""
  },
  {
    "Brand_Product_Size": "Laziza Yakhni Pulao Masala 100g",
    "WOW Price": 2.2,
    "WOW Size": "100g",
    "WOW ppu": "$2.20 / 100G"
  },
  {
    "Brand_Product_Size": "Lipton Iced Tea Lemon 20 pack",
    "WOW Price": 4.85,
    "WOW Size": "20 pack",
    "WOW ppu": "$0.24 / 1EA"
  },
  {
    "Brand_Product_Size": "Lipton Iced Tea Lemon 20 pack",
    "WOW Price": 4.85,
    "WOW Size": "20 pack",
    "WOW ppu": "$0.24 / 1EA"
  },
  {
    "Brand_Product_Size": "Brutal Truth All In 1 Moisturiser 100mL",
    "WOW Price": 13,
    "WOW Size": "100mL",
    "WOW ppu": "$13.00 / 100ML"
  },
  {
    "Brand_Product_Size": "Chicken Tonight Simmer Sauce Butter Chicken 495g",
    "WOW Price": 2.5,
    "WOW Size": "495g",
    "WOW ppu": "$0.51 / 100G"
  },
  {
    "Brand_Product_Size": "Ribena Blackcurrant Drink 6 pack",
    "WOW Price": 4,
    "WOW Size": "6 pack",
    "WOW ppu": "$2.67 / 1L"
  },
  {
    "Brand_Product_Size": "Ribena Blackcurrant Drink 6 pack",
    "WOW Price": 4,
    "WOW Size": "6 pack",
    "WOW ppu": "$2.67 / 1L"
  },
  {
    "Brand_Product_Size": "Woolworths Milk Chocolate Almonds 190g",
    "WOW Price": 2,
    "WOW Size": "190g",
    "WOW ppu": "$1.05 / 100G"
  },
  {
    "Brand_Product_Size": "Milton Anti Bacterial Tablets 30 pack",
    "WOW Price": 7.5,
    "WOW Size": "30 pack",
    "WOW ppu": "$0.25 / 1EA"
  },
  {
    "Brand_Product_Size": "Spc Mango In Juice 4 pack 480g",
    "WOW Price": 4,
    "WOW Size": "4 pack 480g",
    "WOW ppu": "$8.33 / 1KG"
  },
  {
    "Brand_Product_Size": "Spc Mango In Juice 4 pack 480g",
    "WOW Price": 4,
    "WOW Size": "4 pack 480g",
    "WOW ppu": "$8.33 / 1KG"
  },
  {
    "Brand_Product_Size": "Heinz Canned Soup Big Red Tomato 420g",
    "WOW Price": 2.2,
    "WOW Size": "420g",
    "WOW ppu": "$0.52 / 100G"
  },
  {
    "Brand_Product_Size": "Korbond Whiz Pop Bang Mother's Day Foil Balloon Garland Kit each",
    "WOW Price": 10,
    "WOW Size": "each",
    "WOW ppu": ""
  },
  {
    "Brand_Product_Size": "Garnier Nutrisse Hair Colour 6.3 Dark Golden Blonde each",
    "WOW Price": 7.46,
    "WOW Size": "each",
    "WOW ppu": ""
  },
  {
    "Brand_Product_Size": "Gippsland Twist Mango & Blood Orange Yoghurt 720g",
    "WOW Price": 7,
    "WOW Size": "720g",
    "WOW ppu": "$0.97 / 100G"
  },
  {
    "Brand_Product_Size": "Cawston Press Brilliant Beetroot 1L",
    "WOW Price": 4,
    "WOW Size": "1L",
    "WOW ppu": "$4.00 / 1L"
  },
  {
    "Brand_Product_Size": "On The Menu Mixed Grill 320g",
    "WOW Price": 4.8,
    "WOW Size": "320g",
    "WOW ppu": "$1.50 / 100G"
  },
  {
    "Brand_Product_Size": "Earth Chickenless Cheese Balls 250g",
    "WOW Price": 7,
    "WOW Size": "250g",
    "WOW ppu": "$2.80 / 100G"
  },
  {
    "Brand_Product_Size": "Old Time Bakery Gluten Free Lebanese Bread 280g",
    "WOW Price": 6.9,
    "WOW Size": "280g",
    "WOW ppu": "$2.46 / 100G"
  },
  {
    "Brand_Product_Size": "Always Fresh Baby Cucumbers With Chilli 350g",
    "WOW Price": 3.8,
    "WOW Size": "350g",
    "WOW ppu": "$1.09 / 100G"
  },
  {
    "Brand_Product_Size": "Razzamatazz Luxe Knee Hi Pxo Size 1 each",
    "WOW Price": 6,
    "WOW Size": "each",
    "WOW ppu": ""
  },
  {
    "Brand_Product_Size": "Woolworths Essentials Boys Underwear Fly Front Trunks 6-7 3 pack",
    "WOW Price": 8,
    "WOW Size": "3 pack",
    "WOW ppu": "$2.67 / 1EA"
  },
  {
    "Brand_Product_Size": "Clio Curvy Thick Tight 70d Black 2 110mm(w) X 205mm(h) X 20mm(d) each",
    "WOW Price": 10,
    "WOW Size": "each",
    "WOW ppu": ""
  },
  {
    "Brand_Product_Size": "Fever Tree Premium Tonic Water 500mL",
    "WOW Price": 4,
    "WOW Size": "500mL",
    "WOW ppu": "$8.00 / 1L"
  },
  {
    "Brand_Product_Size": "Woolworths Yellowfin Tuna In Springwater 425g",
    "WOW Price": 4,
    "WOW Size": "425g",
    "WOW ppu": "$9.41 / 1KG"
  },
  {
    "Brand_Product_Size": "Agadir Argan Oil Conditioner Moisturising 366mL",
    "WOW Price": 23.95,
    "WOW Size": "366mL",
    "WOW ppu": "$6.54 / 100ML"
  },
  {
    "Brand_Product_Size": "Maybelline Superstay Active Wear 30hr Foundation Sand 30mL",
    "WOW Price": 13.5,
    "WOW Size": "30mL",
    "WOW ppu": "$4.50 / 10ML"
  },
  {
    "Brand_Product_Size": "Dollar Sweets Edible Cake Plaque Happy Birthday each",
    "WOW Price": 3.5,
    "WOW Size": "each",
    "WOW ppu": "$3.50 / 1EA"
  },
  {
    "Brand_Product_Size": "Mcobeauty Eyelash Curler each",
    "WOW Price": 5,
    "WOW Size": "each",
    "WOW ppu": "$5.00 / 1EA"
  },
  {
    "Brand_Product_Size": "Byron Bay Cookies Coconut Lamington Cookie Bites 100g",
    "WOW Price": 2.5,
    "WOW Size": "100g",
    "WOW ppu": "$2.50 / 100G"
  },
  {
    "Brand_Product_Size": "Woolworths Zesty Lemon Cake 400g",
    "WOW Price": 6.5,
    "WOW Size": "400g",
    "WOW ppu": "$1.63 / 100G"
  },
  {
    "Brand_Product_Size": "Macro Australian Whole Grain Freekeh 500g",
    "WOW Price": 6.5,
    "WOW Size": "500g",
    "WOW ppu": "$1.30 / 100G"
  },
  {
    "Brand_Product_Size": "Twisties Cheeseburger 90g",
    "WOW Price": 2,
    "WOW Size": "90g",
    "WOW ppu": "$2.22 / 100G"
  },
  {
    "Brand_Product_Size": "Kenco Bag Of Rags 400g",
    "WOW Price": 8,
    "WOW Size": "400g",
    "WOW ppu": ""
  },
  {
    "Brand_Product_Size": "Mcobeauty Ultra Stay Flawless Foundation Classic Ivory 35mL",
    "WOW Price": 13,
    "WOW Size": "35mL",
    "WOW ppu": "$3.71 / 10ML"
  },
  {
    "Brand_Product_Size": "Telfast Hayfever Allergy Relief 180mg 5 pack",
    "WOW Price": 6.85,
    "WOW Size": "5 pack",
    "WOW ppu": "$1.37 / 1EA"
  },
  {
    "Brand_Product_Size": "Philadelphia Cream For Cooking Light 250mL",
    "WOW Price": 3.3,
    "WOW Size": "250mL",
    "WOW ppu": "$1.32 / 100ML"
  },
  {
    "Brand_Product_Size": "Farmers Harvest Canola Oil 4L",
    "WOW Price": 9.5,
    "WOW Size": "4L",
    "WOW ppu": "$0.24 / 100ML"
  },
  {
    "Brand_Product_Size": "Obento Yakitori Sauce 250mL",
    "WOW Price": 3,
    "WOW Size": "250mL",
    "WOW ppu": "$1.20 / 100ML"
  },
  {
    "Brand_Product_Size": "Earth Choice Front Loader Liquid 1L",
    "WOW Price": 6,
    "WOW Size": "1L",
    "WOW ppu": "$6.00 / 1L"
  },
  {
    "Brand_Product_Size": "Guylian Chocolate Sea Shells 250g gift box",
    "WOW Price": 16,
    "WOW Size": "250g gift box",
    "WOW ppu": "$6.40 / 100G"
  },
  {
    "Brand_Product_Size": "Korbond Shape Print Balloons 20 pack",
    "WOW Price": 5,
    "WOW Size": "20 pack",
    "WOW ppu": "$0.25 / 1EA"
  },
  {
    "Brand_Product_Size": "Primo Stacker Mild Salami 50g",
    "WOW Price": 4,
    "WOW Size": "50g",
    "WOW ppu": "$80.00 / 1KG"
  },
  {
    "Brand_Product_Size": "Cove Laundry Liquid Refill 450mL",
    "WOW Price": 10,
    "WOW Size": "450mL",
    "WOW ppu": "$22.22 / 1L"
  },
  {
    "Brand_Product_Size": "Rokeby Farms Breakfast Smoothie Dutch Chocolate 425mL",
    "WOW Price": 2.65,
    "WOW Size": "425mL",
    "WOW ppu": "$6.24 / 1L"
  },
  {
    "Brand_Product_Size": "Bundaberg Diet Sarsaparilla 4x375mL",
    "WOW Price": 6.35,
    "WOW Size": "4x375mL",
    "WOW ppu": "$4.23 / 1L"
  },
  {
    "Brand_Product_Size": "Woolworths Carrots Peas & Corn 1kg",
    "WOW Price": 3,
    "WOW Size": "1kg",
    "WOW ppu": "$3.00 / 1KG"
  },
  {
    "Brand_Product_Size": "Mcobeauty Ultra Stay Liquid Matte Dusty Mauve 4.8mL",
    "WOW Price": 8,
    "WOW Size": "4.8mL",
    "WOW ppu": "$16.67 / 10ML"
  },
  {
    "Brand_Product_Size": "Nivea Black & White Fresh Aerosol Antiperspirant Deodorant 250mL",
    "WOW Price": 6.5,
    "WOW Size": "250mL",
    "WOW ppu": "$2.60 / 100ML"
  },
  {
    "Brand_Product_Size": "Nice & Natural Nut Butter Bars Peanut Butter With Milk Choc 5 pack",
    "WOW Price": 2.5,
    "WOW Size": "5 pack",
    "WOW ppu": "$1.43 / 100G"
  },
  {
    "Brand_Product_Size": "Nice & Natural Nut Butter Bars Peanut Butter With Milk Choc 5 pack",
    "WOW Price": 2.5,
    "WOW Size": "5 pack",
    "WOW ppu": "$1.43 / 100G"
  },
  {
    "Brand_Product_Size": "Twinings Camomile & Spearmint Tea Bags 10 pack 15g",
    "WOW Price": 2.9,
    "WOW Size": "10 pack 15g",
    "WOW ppu": "$0.29 / 1EA"
  },
  {
    "Brand_Product_Size": "Twinings Camomile & Spearmint Tea Bags 10 pack 15g",
    "WOW Price": 2.9,
    "WOW Size": "10 pack 15g",
    "WOW ppu": "$0.29 / 1EA"
  },
  {
    "Brand_Product_Size": "L'or Espresso Ristretto Coffee Capsule 10 pack",
    "WOW Price": 6,
    "WOW Size": "10 pack",
    "WOW ppu": "$0.60 / 1EA"
  },
  {
    "Brand_Product_Size": "L'or Espresso Ristretto Coffee Capsule 10 pack",
    "WOW Price": 6,
    "WOW Size": "10 pack",
    "WOW ppu": "$0.60 / 1EA"
  },
  {
    "Brand_Product_Size": "Masterfoods Garlic Herb Seasoning 37g",
    "WOW Price": 2.9,
    "WOW Size": "37g",
    "WOW ppu": "$0.78 / 10G"
  },
  {
    "Brand_Product_Size": "Nivea Soft Moisturiser Cream Lotion With Jojoba Oil & Vitamin E 75mL",
    "WOW Price": 5.5,
    "WOW Size": "75mL",
    "WOW ppu": "$7.33 / 100ML"
  },
  {
    "Brand_Product_Size": "Alka Power Alkaline Water 600mL bottLe",
    "WOW Price": 2,
    "WOW Size": "600mL bottLe",
    "WOW ppu": "$3.33 / 1L"
  },
  {
    "Brand_Product_Size": "Alka Power Alkaline Water 600mL bottLe",
    "WOW Price": 2,
    "WOW Size": "600mL bottLe",
    "WOW ppu": "$3.33 / 1L"
  },
  {
    "Brand_Product_Size": "Ceda Vanilla Creaming Soda 1.25L",
    "WOW Price": 1.55,
    "WOW Size": "1.25L",
    "WOW ppu": "$1.24 / 1L"
  },
  {
    "Brand_Product_Size": "Geoff Jansz Marinated Danish Fetta Cheese 320g",
    "WOW Price": 7.5,
    "WOW Size": "320g",
    "WOW ppu": "$23.44 / 1KG"
  },
  {
    "Brand_Product_Size": "Geoff Jansz Marinated Danish Fetta Cheese 320g",
    "WOW Price": 7.5,
    "WOW Size": "320g",
    "WOW ppu": "$23.44 / 1KG"
  },
  {
    "Brand_Product_Size": "Nivea Men Everyday Active Aerosol Antiperspirant Deodorant 250mL",
    "WOW Price": 6.5,
    "WOW Size": "250mL",
    "WOW ppu": "$2.60 / 100ML"
  },
  {
    "Brand_Product_Size": "Nu Pure Still Spring Water 20x600mL",
    "WOW Price": 7.5,
    "WOW Size": "20x600mL",
    "WOW ppu": "$0.63 / 1L"
  },
  {
    "Brand_Product_Size": "Nu Pure Still Spring Water 20x600mL",
    "WOW Price": 7.5,
    "WOW Size": "20x600mL",
    "WOW ppu": "$0.63 / 1L"
  },
  {
    "Brand_Product_Size": "Windex Shower Cleaner Trigger 750mL",
    "WOW Price": 5.6,
    "WOW Size": "750mL",
    "WOW ppu": "$0.75 / 100ML"
  },
  {
    "Brand_Product_Size": "Campbell's Bone Broth Beef 500mL",
    "WOW Price": 7,
    "WOW Size": "500mL",
    "WOW ppu": "$1.40 / 100ML"
  },
  {
    "Brand_Product_Size": "Sistema Klip It Tritan Canister Square 700mL each",
    "WOW Price": 4.8,
    "WOW Size": "700mL each",
    "WOW ppu": ""
  },
  {
    "Brand_Product_Size": "That's Life That's Life each",
    "WOW Price": 3.9,
    "WOW Size": "each",
    "WOW ppu": ""
  },
  {
    "Brand_Product_Size": "Oak Thickshake Chocolate Malt 425mL",
    "WOW Price": 2.85,
    "WOW Size": "425mL",
    "WOW ppu": "$6.71 / 1L"
  },
  {
    "Brand_Product_Size": "Peters Lactose Free Vanilla Tub 1.2L",
    "WOW Price": 7.6,
    "WOW Size": "1.2L",
    "WOW ppu": "$0.63 / 100ML"
  },
  {
    "Brand_Product_Size": "Spc Apple Strawberry Puree 4 pack 480g",
    "WOW Price": 4,
    "WOW Size": "4 pack 480g",
    "WOW ppu": "$8.33 / 1KG"
  },
  {
    "Brand_Product_Size": "Spc Apple Strawberry Puree 4 pack 480g",
    "WOW Price": 4,
    "WOW Size": "4 pack 480g",
    "WOW ppu": "$8.33 / 1KG"
  },
  {
    "Brand_Product_Size": "Oatly Oat Milk Original 1L",
    "WOW Price": 4.5,
    "WOW Size": "1L",
    "WOW ppu": "$4.50 / 1L"
  },
  {
    "Brand_Product_Size": "V Energy Drink 275mL x4 pack",
    "WOW Price": 6.6,
    "WOW Size": "275mL x4 pack",
    "WOW ppu": "$6.00 / 1L"
  },
  {
    "Brand_Product_Size": "Ritz Dipz French Onion 185g",
    "WOW Price": 2,
    "WOW Size": "185g",
    "WOW ppu": "$1.08 / 100G"
  },
  {
    "Brand_Product_Size": "Garnier Fructis Nutri-repair 3 Shampoo 315mL",
    "WOW Price": 7,
    "WOW Size": "315mL",
    "WOW ppu": "$2.22 / 100ML"
  },
  {
    "Brand_Product_Size": "Air Wick Pure New Car Air Freshener 2.5mL",
    "WOW Price": 6,
    "WOW Size": "2.5mL",
    "WOW ppu": "$24.00 / 10ML"
  },
  {
    "Brand_Product_Size": "Hillview Cheese Block 1kg",
    "WOW Price": 8,
    "WOW Size": "1kg",
    "WOW ppu": "$8.00 / 1KG"
  },
  {
    "Brand_Product_Size": "Hillview Cheese Block 1kg",
    "WOW Price": 8,
    "WOW Size": "1kg",
    "WOW ppu": "$8.00 / 1KG"
  },
  {
    "Brand_Product_Size": "Fancy Feast Adult Royale Fine Flakes Of Tuna Wet Cat Food 85g",
    "WOW Price": 2,
    "WOW Size": "85g",
    "WOW ppu": "$2.35 / 100G"
  },
  {
    "Brand_Product_Size": "Banquet Lasagne 2kg",
    "WOW Price": 17.5,
    "WOW Size": "2kg",
    "WOW ppu": "$0.88 / 100G"
  },
  {
    "Brand_Product_Size": "Coca-cola No Sugar Caffeine Free Cans 375mL x10 case",
    "WOW Price": 7.9,
    "WOW Size": "375mL x10 case",
    "WOW ppu": "$2.11 / 1L"
  },
  {
    "Brand_Product_Size": "Woolworths Vegetable Oil 2L",
    "WOW Price": 4.75,
    "WOW Size": "2L",
    "WOW ppu": "$0.24 / 100ML"
  },
  {
    "Brand_Product_Size": "Ostelin Bone Strength & Collagen Support Tablets 60 pack",
    "WOW Price": 20,
    "WOW Size": "60 pack",
    "WOW ppu": ""
  },
  {
    "Brand_Product_Size": "Strike Multi Purpose Cleaner 750mL",
    "WOW Price": 1.8,
    "WOW Size": "750mL",
    "WOW ppu": "$0.24 / 100ML"
  },
  {
    "Brand_Product_Size": "Sistema Klip It Plus Square 520mL",
    "WOW Price": 2.5,
    "WOW Size": "520mL",
    "WOW ppu": "$2.50 / 1EA"
  },
  {
    "Brand_Product_Size": "Tilly's Chewy Gooey Choc Brownie Frozen Dessert 475mL",
    "WOW Price": 8,
    "WOW Size": "475mL",
    "WOW ppu": "$1.68 / 100ML"
  },
  {
    "Brand_Product_Size": "Grand Italian Potato Gnocchi 500 g",
    "WOW Price": 5,
    "WOW Size": "500 g",
    "WOW ppu": "$1.00 / 100G"
  },
  {
    "Brand_Product_Size": "Woolworths Bbq Wagyu & Beef Chuck Burgers With Onion & Pepper 500g",
    "WOW Price": 9,
    "WOW Size": "500g",
    "WOW ppu": ""
  },
  {
    "Brand_Product_Size": "Schweppes Lemon Lime Bitters Zero Sugar 4 pack",
    "WOW Price": 5.9,
    "WOW Size": "4 pack",
    "WOW ppu": "$4.92 / 1L"
  },
  {
    "Brand_Product_Size": "Birds Eye Deli Roast Vegetables 600g",
    "WOW Price": 5,
    "WOW Size": "600g",
    "WOW ppu": "$8.33 / 1KG"
  },
  {
    "Brand_Product_Size": "Essentials Instant Coffee Granulated 200g",
    "WOW Price": 3.7,
    "WOW Size": "200g",
    "WOW ppu": "$1.85 / 100G"
  },
  {
    "Brand_Product_Size": "Essentials Instant Coffee Granulated 200g",
    "WOW Price": 3.7,
    "WOW Size": "200g",
    "WOW ppu": "$1.85 / 100G"
  },
  {
    "Brand_Product_Size": "Lamb Cutlets 7-14 Pieces 400g - 900g",
    "WOW Price": 37.8,
    "WOW Size": "400g - 900g",
    "WOW ppu": "$42.00 / 1KG"
  },
  {
    "Brand_Product_Size": "Daily Juice Orange Juice No Added Sugar 2L",
    "WOW Price": 5,
    "WOW Size": "2L",
    "WOW ppu": "$2.50 / 1L"
  },
  {
    "Brand_Product_Size": "De Costi Salt & Pepper Squid 270g",
    "WOW Price": 8,
    "WOW Size": "270g",
    "WOW ppu": "$29.63 / 1KG"
  },
  {
    "Brand_Product_Size": "Nanna's Apple Crumble 550g",
    "WOW Price": 4,
    "WOW Size": "550g",
    "WOW ppu": "$0.73 / 100G"
  },
  {
    "Brand_Product_Size": "Natures Organics Fruits Conditioner Shine Wild Berry 500mL",
    "WOW Price": 1.9,
    "WOW Size": "500mL",
    "WOW ppu": "$0.38 / 100ML"
  },
  {
    "Brand_Product_Size": "Ben & Jerry's Ice Cream Chocolate Fudge Brownie 458mL tub",
    "WOW Price": 12,
    "WOW Size": "458mL tub",
    "WOW ppu": "$2.62 / 100ML"
  },
  {
    "Brand_Product_Size": "Sacred Grounds Single Origin Peru Coffee Beans 200g",
    "WOW Price": 10,
    "WOW Size": "200g",
    "WOW ppu": "$5.00 / 100G"
  },
  {
    "Brand_Product_Size": "Sacred Grounds Single Origin Peru Coffee Beans 200g",
    "WOW Price": 10,
    "WOW Size": "200g",
    "WOW ppu": "$5.00 / 100G"
  },
  {
    "Brand_Product_Size": "Allen's Snakes Alive Jelly Lolly Bag 200g",
    "WOW Price": 3,
    "WOW Size": "200g",
    "WOW ppu": "$1.50 / 100G"
  },
  {
    "Brand_Product_Size": "Garnier Nutrisse Hair Colour 3 Espresso Darkest Brown each",
    "WOW Price": 7.46,
    "WOW Size": "each",
    "WOW ppu": ""
  },
  {
    "Brand_Product_Size": "Aveeno Apple Cider Vinegar Blend Conditioner 354mL",
    "WOW Price": 16,
    "WOW Size": "354mL",
    "WOW ppu": "$4.52 / 100ML"
  },
  {
    "Brand_Product_Size": "Prestige Juicer Jug each",
    "WOW Price": 6,
    "WOW Size": "each",
    "WOW ppu": ""
  },
  {
    "Brand_Product_Size": "Sistema Klip It Tritan Canister Square 1.3L each",
    "WOW Price": 6,
    "WOW Size": "1.3L each",
    "WOW ppu": ""
  },
  {
    "Brand_Product_Size": "Woolworths Two Fruits In Tropical Jelly 4x120g",
    "WOW Price": 2.2,
    "WOW Size": "4x120g",
    "WOW ppu": "$4.58 / 1KG"
  },
  {
    "Brand_Product_Size": "Woolworths Two Fruits In Tropical Jelly 4x120g",
    "WOW Price": 2.2,
    "WOW Size": "4x120g",
    "WOW ppu": "$4.58 / 1KG"
  },
  {
    "Brand_Product_Size": "Crankt Hplc Protein Shake Chocolate 375mL",
    "WOW Price": 2.9,
    "WOW Size": "375mL",
    "WOW ppu": "$0.77 / 100ML"
  },
  {
    "Brand_Product_Size": "Essentials Household Grade Disinfectant Eucalyptus 2L",
    "WOW Price": 1.39,
    "WOW Size": "2L",
    "WOW ppu": "$0.07 / 100ML"
  },
  {
    "Brand_Product_Size": "Gaviscon Dual Action Heartburn & Indigestion Liquid Peppermint 300mL",
    "WOW Price": 8.7,
    "WOW Size": "300mL",
    "WOW ppu": "$2.90 / 100ML"
  },
  {
    "Brand_Product_Size": "Pandaroo Thai Palm Sugar 220g",
    "WOW Price": 2.5,
    "WOW Size": "220g",
    "WOW ppu": "$1.14 / 100G"
  },
  {
    "Brand_Product_Size": "Freedom Foods Muesli 3 Ancient Grains 300g",
    "WOW Price": 5.5,
    "WOW Size": "300g",
    "WOW ppu": "$1.83 / 100G"
  },
  {
    "Brand_Product_Size": "The Sauce By Manu Mushroom 150g",
    "WOW Price": 5,
    "WOW Size": "150g",
    "WOW ppu": "$3.33 / 100G"
  },
  {
    "Brand_Product_Size": "Curly's Oven Roasted Pork Crackle Lightly Salted 50g",
    "WOW Price": 2.2,
    "WOW Size": "50g",
    "WOW ppu": "$44.00 / 1KG"
  },
  {
    "Brand_Product_Size": "Steggles Chicken Pieces Premium Breast Fingers 400g",
    "WOW Price": 5,
    "WOW Size": "400g",
    "WOW ppu": "$12.50 / 1KG"
  },
  {
    "Brand_Product_Size": "My Dog Beef And Liver Loaf Classics Wet Dog Food Tray 100g",
    "WOW Price": 1,
    "WOW Size": "100g",
    "WOW ppu": "$1.00 / 100G"
  },
  {
    "Brand_Product_Size": "Maybelline Powder S/stay 24hr Pwd 030 Sand C each",
    "WOW Price": 10,
    "WOW Size": "each",
    "WOW ppu": "$11.11 / 10G"
  },
  {
    "Brand_Product_Size": "Artline Permanent Marker Black 70mm 2 pack",
    "WOW Price": 7.5,
    "WOW Size": "70mm 2 pack",
    "WOW ppu": ""
  },
  {
    "Brand_Product_Size": "Essentials Flannelback Tablecloth 150cm X 260cm each",
    "WOW Price": 4,
    "WOW Size": "each",
    "WOW ppu": ""
  },
  {
    "Brand_Product_Size": "Mccain Spaghetti Bolognese 400g",
    "WOW Price": 3.5,
    "WOW Size": "400g",
    "WOW ppu": "$0.88 / 100G"
  },
  {
    "Brand_Product_Size": "Yoplait Petit Miam Vanilla 70g",
    "WOW Price": 1,
    "WOW Size": "70g",
    "WOW ppu": "$1.43 / 100G"
  },
  {
    "Brand_Product_Size": "Yoplait Petit Miam Vanilla 70g",
    "WOW Price": 1,
    "WOW Size": "70g",
    "WOW ppu": "$1.43 / 100G"
  },
  {
    "Brand_Product_Size": "Libra Goodnights Pads With Wings 20 pack",
    "WOW Price": 7.7,
    "WOW Size": "20 pack",
    "WOW ppu": "$7.70 / 1EA"
  },
  {
    "Brand_Product_Size": "Arnott's Tim Tam Moreton Bay Raspberry & Dark Choc 160g",
    "WOW Price": 4,
    "WOW Size": "160g",
    "WOW ppu": "$2.50 / 100G"
  },
  {
    "Brand_Product_Size": "Nexba Rose Lemonade Sugar-free Kombucha 330mL x 4 pack",
    "WOW Price": 8.55,
    "WOW Size": "330mL x 4 pack",
    "WOW ppu": "$6.48 / 1L"
  },
  {
    "Brand_Product_Size": "Kambrook Slow Cooker 4.5L",
    "WOW Price": 49,
    "WOW Size": "4.5L",
    "WOW ppu": ""
  },
  {
    "Brand_Product_Size": "Organic Choice Air Freshener & Linen Spray Melaleuca & Native Blossom 200mL",
    "WOW Price": 4,
    "WOW Size": "200mL",
    "WOW ppu": "$2.00 / 100ML"
  },
  {
    "Brand_Product_Size": "Prime Pantry Chicken With Broccoli & Apple Dog Roll 1.7kg",
    "WOW Price": 6.5,
    "WOW Size": "1.7kg",
    "WOW ppu": "$0.38 / 100G"
  },
  {
    "Brand_Product_Size": "Friskies Kitten Kitten Discoveries Dry Cat Food 1kg",
    "WOW Price": 4.9,
    "WOW Size": "1kg",
    "WOW ppu": "$0.49 / 100G"
  },
  {
    "Brand_Product_Size": "Macro Organic Dates Punnet 200g",
    "WOW Price": 4.9,
    "WOW Size": "200g",
    "WOW ppu": "$24.50 / 1KG"
  },
  {
    "Brand_Product_Size": "Barrys Gold Blend Tea 80's 250g",
    "WOW Price": 8.8,
    "WOW Size": "250g",
    "WOW ppu": "$3.52 / 100G"
  },
  {
    "Brand_Product_Size": "Lowan Rolled Wholegrain Oats 1kg",
    "WOW Price": 4,
    "WOW Size": "1kg",
    "WOW ppu": "$0.40 / 100G"
  },
  {
    "Brand_Product_Size": "Sistema Klip It Plus Rectangle 7.5L",
    "WOW Price": 6.75,
    "WOW Size": "7.5L",
    "WOW ppu": "$6.75 / 1EA"
  },
  {
    "Brand_Product_Size": "Prime Pantry Snapper With Vegetables Dog Food Roll 1.7kg",
    "WOW Price": 8.5,
    "WOW Size": "1.7kg",
    "WOW ppu": "$0.50 / 100G"
  },
  {
    "Brand_Product_Size": "Bulla Cooking Cream 300mL",
    "WOW Price": 2.8,
    "WOW Size": "300mL",
    "WOW ppu": "$0.93 / 100ML"
  },
  {
    "Brand_Product_Size": "Woolworths Apple & Mango Juice 2L",
    "WOW Price": 2,
    "WOW Size": "2L",
    "WOW ppu": "$1.00 / 1L"
  },
  {
    "Brand_Product_Size": "Nerf Vortex Rainbow Dog Toy Tug each",
    "WOW Price": 12.6,
    "WOW Size": "each",
    "WOW ppu": "$12.60 / 1EA"
  },
  {
    "Brand_Product_Size": "Mcobeauty Pre Glued False Lashes Luscious 1ea",
    "WOW Price": 7.5,
    "WOW Size": "1ea",
    "WOW ppu": "$7.50 / 1EA"
  },
  {
    "Brand_Product_Size": "Whiskas So Meaty Meat Cuts Adult Wet Cat Food 12 pack",
    "WOW Price": 7.35,
    "WOW Size": "12 pack",
    "WOW ppu": "$0.72 / 100G"
  },
  {
    "Brand_Product_Size": "Organic Choice Dishwashing Liquid Lemongrass & Green Tea 500mL",
    "WOW Price": 5,
    "WOW Size": "500mL",
    "WOW ppu": "$1.00 / 100ML"
  },
  {
    "Brand_Product_Size": "Birch & Waite Rich Tartare Seafood Sauce 250mL",
    "WOW Price": 4.2,
    "WOW Size": "250mL",
    "WOW ppu": "$1.68 / 100ML"
  },
  {
    "Brand_Product_Size": "Turkish Bakeries Stone Baked Pizza Bases 2 pack",
    "WOW Price": 5.7,
    "WOW Size": "2 pack",
    "WOW ppu": "$1.27 / 100G"
  },
  {
    "Brand_Product_Size": "Mccain Dinner Roast Chicken 320g",
    "WOW Price": 6,
    "WOW Size": "320g",
    "WOW ppu": "$1.88 / 100G"
  },
  {
    "Brand_Product_Size": "Heinz Spaghetti Tomato Sauce & Cheese 4x130g",
    "WOW Price": 3.7,
    "WOW Size": "4x130g",
    "WOW ppu": "$0.71 / 100G"
  },
  {
    "Brand_Product_Size": "Korbond White Balloons 12 pack",
    "WOW Price": 2,
    "WOW Size": "12 pack",
    "WOW ppu": "$0.17 / 1EA"
  },
  {
    "Brand_Product_Size": "Woolworths Full Cream Milk 1L",
    "WOW Price": 1.29,
    "WOW Size": "1L",
    "WOW ppu": "$1.29 / 1L"
  },
  {
    "Brand_Product_Size": "Woolworths Diced Beef Casserole 500g",
    "WOW Price": 9.5,
    "WOW Size": "500g",
    "WOW ppu": "$19.00 / 1KG"
  },
  {
    "Brand_Product_Size": "La Molisana Pastificio Extra Di Lusso Rigatoni Divini 500g",
    "WOW Price": 2.8,
    "WOW Size": "500g",
    "WOW ppu": "$0.56 / 100G"
  },
  {
    "Brand_Product_Size": "Energizer Iphone Cable White 1.2 Metre each",
    "WOW Price": 20,
    "WOW Size": "each",
    "WOW ppu": ""
  },
  {
    "Brand_Product_Size": "Harbour Foods Whole Wheat Biscuits 430g",
    "WOW Price": 8.3,
    "WOW Size": "430g",
    "WOW ppu": "$1.93 / 100G"
  },
  {
    "Brand_Product_Size": "Mother's Day Activity Book each",
    "WOW Price": 2,
    "WOW Size": "each",
    "WOW ppu": ""
  },
  {
    "Brand_Product_Size": "Woolworths Freeze Dried Coffee Decaf 100g",
    "WOW Price": 4,
    "WOW Size": "100g",
    "WOW ppu": "$4.00 / 100G"
  },
  {
    "Brand_Product_Size": "Woolworths Freeze Dried Coffee Decaf 100g",
    "WOW Price": 4,
    "WOW Size": "100g",
    "WOW ppu": "$4.00 / 100G"
  },
  {
    "Brand_Product_Size": "Woolworths A4 Exercise Book 96 Page 3 pack",
    "WOW Price": 4,
    "WOW Size": "3 pack",
    "WOW ppu": ""
  },
  {
    "Brand_Product_Size": "Byron Bay Chilli Co. Chilli Sauce Green Jalapeno 250mL",
    "WOW Price": 3.9,
    "WOW Size": "250mL",
    "WOW ppu": "$1.56 / 100ML"
  },
  {
    "Brand_Product_Size": "Woolworths Cherry Tomatoes 250g",
    "WOW Price": 3,
    "WOW Size": "250g",
    "WOW ppu": "$12.00 / 1KG"
  },
  {
    "Brand_Product_Size": "Woolworths Cherry Tomatoes 250g",
    "WOW Price": 3,
    "WOW Size": "250g",
    "WOW ppu": "$12.00 / 1KG"
  },
  {
    "Brand_Product_Size": "Sharpie Ultra Fine Marker 2 pack",
    "WOW Price": 3,
    "WOW Size": "2 pack",
    "WOW ppu": ""
  },
  {
    "Brand_Product_Size": "Heinz Dairy Snack Pouch Vanilla Custard 120g",
    "WOW Price": 1.5,
    "WOW Size": "120g",
    "WOW ppu": "$1.25 / 100G"
  },
  {
    "Brand_Product_Size": "Macro Organic Chicken Thigh Fillet 275g - 600g",
    "WOW Price": 18.9,
    "WOW Size": "275g - 600g",
    "WOW ppu": "$31.50 / 1KG"
  },
  {
    "Brand_Product_Size": "Essentials Bacon Middle Cut Rashers 250g",
    "WOW Price": 3.5,
    "WOW Size": "250g",
    "WOW ppu": "$14.00 / 1KG"
  },
  {
    "Brand_Product_Size": "Yorkshire Wensleydale With Cranberry 150g",
    "WOW Price": 5.5,
    "WOW Size": "150g",
    "WOW ppu": "$36.67 / 1KG"
  },
  {
    "Brand_Product_Size": "Yorkshire Wensleydale With Cranberry 150g",
    "WOW Price": 5.5,
    "WOW Size": "150g",
    "WOW ppu": "$36.67 / 1KG"
  },
  {
    "Brand_Product_Size": "Jack Link's Bbq Beef Jerky 50g",
    "WOW Price": 5,
    "WOW Size": "50g",
    "WOW ppu": "$100.00 / 1KG"
  },
  {
    "Brand_Product_Size": "Korbond Happy Birthday Plaque With Gold & Silver Candles 15g",
    "WOW Price": 2.5,
    "WOW Size": "15g",
    "WOW ppu": "$2.50 / 1EA"
  },
  {
    "Brand_Product_Size": "Mon Ami French Camembert Cheese 200g",
    "WOW Price": 5,
    "WOW Size": "200g",
    "WOW ppu": "$25.00 / 1KG"
  },
  {
    "Brand_Product_Size": "Mon Ami French Camembert Cheese 200g",
    "WOW Price": 5,
    "WOW Size": "200g",
    "WOW ppu": "$25.00 / 1KG"
  },
  {
    "Brand_Product_Size": "Atkins Endulge Cherry Coconut 34g",
    "WOW Price": 13.5,
    "WOW Size": "34g",
    "WOW ppu": "$2.70 / 1EA"
  },
  {
    "Brand_Product_Size": "Underworks Ladies Sport Anklet Assorted 9 To 11 5 pack",
    "WOW Price": 10,
    "WOW Size": "5 pack",
    "WOW ppu": ""
  },
  {
    "Brand_Product_Size": "Talley's Chilled Mussels Chilli 375g",
    "WOW Price": 7.75,
    "WOW Size": "375g",
    "WOW ppu": "$20.67 / 1KG"
  },
  {
    "Brand_Product_Size": "L'oreal Paris Flase Lash Superstar X Fibers Mascara 13mL",
    "WOW Price": 14.5,
    "WOW Size": "13mL",
    "WOW ppu": "$11.15 / 10ML"
  },
  {
    "Brand_Product_Size": "Nerada Tea Bags 100 pack 200g",
    "WOW Price": 4.5,
    "WOW Size": "100 pack 200g",
    "WOW ppu": "$0.05 / 1EA"
  },
  {
    "Brand_Product_Size": "Nerada Tea Bags 100 pack 200g",
    "WOW Price": 4.5,
    "WOW Size": "100 pack 200g",
    "WOW ppu": "$0.05 / 1EA"
  },
  {
    "Brand_Product_Size": "Savlon Soothing & Healing Antiseptic Cream 75g",
    "WOW Price": 7.3,
    "WOW Size": "75g",
    "WOW ppu": "$9.73 / 100G"
  },
  {
    "Brand_Product_Size": "Rexona Men Deodorant Stick Invisible Dry 52g",
    "WOW Price": 4,
    "WOW Size": "52g",
    "WOW ppu": "$7.69 / 100G"
  },
  {
    "Brand_Product_Size": "Jack Hammer Duct Tape 48mm X 25m each",
    "WOW Price": 6,
    "WOW Size": "each",
    "WOW ppu": "$6.00 / 1EA"
  },
  {
    "Brand_Product_Size": "Golden Circle Passion Pulp Puree Apple & Passionfruit 120g",
    "WOW Price": 1.5,
    "WOW Size": "120g",
    "WOW ppu": "$12.50 / 1KG"
  },
  {
    "Brand_Product_Size": "Golden Circle Passion Pulp Puree Apple & Passionfruit 120g",
    "WOW Price": 1.5,
    "WOW Size": "120g",
    "WOW ppu": "$12.50 / 1KG"
  },
  {
    "Brand_Product_Size": "Angas Park Fruit Mix Salad 500g",
    "WOW Price": 10,
    "WOW Size": "500g",
    "WOW ppu": "$20.00 / 1KG"
  },
  {
    "Brand_Product_Size": "Glow Lab Exfoliator 100mL",
    "WOW Price": 8,
    "WOW Size": "100mL",
    "WOW ppu": "$8.00 / 100ML"
  },
  {
    "Brand_Product_Size": "The Spice Tailor Original Tikka Masala 300g",
    "WOW Price": 2.75,
    "WOW Size": "300g",
    "WOW ppu": "$0.92 / 100G"
  },
  {
    "Brand_Product_Size": "Air Wick Electric Twin Refill Frangipani 2 pack 19mL",
    "WOW Price": 9.99,
    "WOW Size": "2 pack 19mL",
    "WOW ppu": "$2.63 / 10ML"
  },
  {
    "Brand_Product_Size": "Nakula Organic Yoghurt Natural Unsweetened 1kg",
    "WOW Price": 9,
    "WOW Size": "1kg",
    "WOW ppu": "$0.90 / 100G"
  },
  {
    "Brand_Product_Size": "Vegemite Squeezy 200g",
    "WOW Price": 4.5,
    "WOW Size": "200g",
    "WOW ppu": "$2.25 / 100G"
  },
  {
    "Brand_Product_Size": "Nature's Way Instant Natural Protein 300g",
    "WOW Price": 30,
    "WOW Size": "300g",
    "WOW ppu": "$10.00 / 100G"
  },
  {
    "Brand_Product_Size": "Lynx Voodoo Deodorant Bodyspray 165mL",
    "WOW Price": 3.5,
    "WOW Size": "165mL",
    "WOW ppu": "$2.12 / 100ML"
  },
  {
    "Brand_Product_Size": "Farmers Market Lamb Stew With Vegetable & Brown Rice Wet Dog Food 400g",
    "WOW Price": 2.75,
    "WOW Size": "400g",
    "WOW ppu": "$0.69 / 100G"
  },
  {
    "Brand_Product_Size": "Oral-b Stages 3 Manual Toothbrush 5-7 Years Disney Princess each",
    "WOW Price": 2.85,
    "WOW Size": "each",
    "WOW ppu": "$2.85 / 1EA"
  },
  {
    "Brand_Product_Size": "Caffe Aurora Espresso Nespresso Compatible Coffee Capsules pack 10",
    "WOW Price": 3.5,
    "WOW Size": "pack 10",
    "WOW ppu": "$0.35 / 1EA"
  },
  {
    "Brand_Product_Size": "Caffe Aurora Espresso Nespresso Compatible Coffee Capsules pack 10",
    "WOW Price": 3.5,
    "WOW Size": "pack 10",
    "WOW ppu": "$0.35 / 1EA"
  },
  {
    "Brand_Product_Size": "Maybelline Unstoppable Eyeliner - Onyx 0.28g",
    "WOW Price": 8.5,
    "WOW Size": "0.28g",
    "WOW ppu": "$303.57 / 10G"
  },
  {
    "Brand_Product_Size": "L'oreal Paris Preference Hair Colour 3.12 St Honore each",
    "WOW Price": 11.4,
    "WOW Size": "each",
    "WOW ppu": ""
  },
  {
    "Brand_Product_Size": "Don Salami Sliced Pepperoni 100g",
    "WOW Price": 4,
    "WOW Size": "100g",
    "WOW ppu": "$40.00 / 1KG"
  },
  {
    "Brand_Product_Size": "Kellogg's K-time Baked Twists Raspberry & Apple Flavour Snack Bars 5 pack",
    "WOW Price": 2,
    "WOW Size": "5 pack",
    "WOW ppu": "$1.08 / 100G"
  },
  {
    "Brand_Product_Size": "Kellogg's K-time Baked Twists Raspberry & Apple Flavour Snack Bars 5 pack",
    "WOW Price": 2,
    "WOW Size": "5 pack",
    "WOW ppu": "$1.08 / 100G"
  },
  {
    "Brand_Product_Size": "Oob Organic Frozen Mixed Berries 500g",
    "WOW Price": 8.5,
    "WOW Size": "500g",
    "WOW ppu": "$17.00 / 1KG"
  },
  {
    "Brand_Product_Size": "Puresoul Spiced Basmati Rice 250g",
    "WOW Price": 3,
    "WOW Size": "250g",
    "WOW ppu": "$1.20 / 100G"
  },
  {
    "Brand_Product_Size": "Philadelphia Caramilk Cream Cheese Spread 250g",
    "WOW Price": 3.75,
    "WOW Size": "250g",
    "WOW ppu": "$15.00 / 1KG"
  },
  {
    "Brand_Product_Size": "Woolworths Taco Sauce Mild 240g",
    "WOW Price": 2.5,
    "WOW Size": "240g",
    "WOW ppu": "$1.04 / 100G"
  },
  {
    "Brand_Product_Size": "Select Cloths Wash Baby 6 pack",
    "WOW Price": 3.25,
    "WOW Size": "6 pack",
    "WOW ppu": "$0.54 / 1EA"
  },
  {
    "Brand_Product_Size": "L'oreal Magic Retouch Precision Brush 2 Dark Brown each",
    "WOW Price": 14.4,
    "WOW Size": "each",
    "WOW ppu": "$180.00 / 100ML"
  },
  {
    "Brand_Product_Size": "H2juice Pink Guava With Prebiotic 1L",
    "WOW Price": 3.85,
    "WOW Size": "1L",
    "WOW ppu": "$3.85 / 1L"
  },
  {
    "Brand_Product_Size": "Woolworths Apple Slices Pie Fruit 770g",
    "WOW Price": 3.5,
    "WOW Size": "770g",
    "WOW ppu": "$4.55 / 1KG"
  },
  {
    "Brand_Product_Size": "Oral-b Cross Action Charcoal Manual Toothbrush each",
    "WOW Price": 6,
    "WOW Size": "each",
    "WOW ppu": "$6.00 / 1EA"
  },
  {
    "Brand_Product_Size": "Woolworths Brushed Potatoes 2kg",
    "WOW Price": 5.5,
    "WOW Size": "2kg",
    "WOW ppu": "$2.75 / 1KG"
  },
  {
    "Brand_Product_Size": "Nestle Cini Minis Churros 360g",
    "WOW Price": 5.7,
    "WOW Size": "360g",
    "WOW ppu": "$1.58 / 100G"
  },
  {
    "Brand_Product_Size": "Sambucol Kids Immunity Gummies 50 pack",
    "WOW Price": 13,
    "WOW Size": "50 pack",
    "WOW ppu": "$0.26 / 1EA"
  },
  {
    "Brand_Product_Size": "Dishmatic General Purpose Refill 6 pack",
    "WOW Price": 9,
    "WOW Size": "6 pack",
    "WOW ppu": "$1.50 / 1EA"
  },
  {
    "Brand_Product_Size": "Bulla Light Thickened Cream 300mL",
    "WOW Price": 2.5,
    "WOW Size": "300mL",
    "WOW ppu": "$0.83 / 100ML"
  },
  {
    "Brand_Product_Size": "Madura Organic English Breakfast Tea Bags 100ea",
    "WOW Price": 9.9,
    "WOW Size": "100ea",
    "WOW ppu": "$0.10 / 1EA"
  },
  {
    "Brand_Product_Size": "Madura Organic English Breakfast Tea Bags 100ea",
    "WOW Price": 9.9,
    "WOW Size": "100ea",
    "WOW ppu": "$0.10 / 1EA"
  },
  {
    "Brand_Product_Size": "Uncle Tobys Raspberry Goji & White Chocolate Muesli Bar 5 pack",
    "WOW Price": 2.5,
    "WOW Size": "5 pack",
    "WOW ppu": "$1.43 / 100G"
  },
  {
    "Brand_Product_Size": "Femfresh Intimate Hygiene Feminine Deodorant 75g",
    "WOW Price": 7.75,
    "WOW Size": "75g",
    "WOW ppu": "$10.33 / 100G"
  },
  {
    "Brand_Product_Size": "Continental Soup Sensations Moroccan Vegetable Medley 68g",
    "WOW Price": 2.5,
    "WOW Size": "68g",
    "WOW ppu": "$3.68 / 100G"
  },
  {
    "Brand_Product_Size": "Woolworths Frozen Raspberries 500g",
    "WOW Price": 4,
    "WOW Size": "500g",
    "WOW ppu": "$8.00 / 1KG"
  },
  {
    "Brand_Product_Size": "Bulla Light Sour Cream 200mL",
    "WOW Price": 2.7,
    "WOW Size": "200mL",
    "WOW ppu": "$1.35 / 100ML"
  },
  {
    "Brand_Product_Size": "For Him Low Cut Sport Socks White Size 11-14 5 pack",
    "WOW Price": 7,
    "WOW Size": "5 pack",
    "WOW ppu": ""
  },
  {
    "Brand_Product_Size": "Woolworths Sweetener Tablets 300 pack",
    "WOW Price": 3,
    "WOW Size": "300 pack",
    "WOW ppu": "$1.00 / 100EA"
  },
  {
    "Brand_Product_Size": "Lynx Hair Styling Wax Clean Cut Look 75mL",
    "WOW Price": 7,
    "WOW Size": "75mL",
    "WOW ppu": "$9.33 / 100ML"
  },
  {
    "Brand_Product_Size": "Otrivin Nasal Spray Natural Seawater & Eucalyptus 20mL",
    "WOW Price": 8,
    "WOW Size": "20mL",
    "WOW ppu": "$40.00 / 100ML"
  },
  {
    "Brand_Product_Size": "Olsent Cfl Spiral Es 23w 1600lm Cw Lamp 23w Cool White 2 pack",
    "WOW Price": 10,
    "WOW Size": "2 pack",
    "WOW ppu": "$5.00 / 1EA"
  },
  {
    "Brand_Product_Size": "Leggos Fresh Ricotta & Spinach Agnolotti 630g",
    "WOW Price": 8,
    "WOW Size": "630g",
    "WOW ppu": "$1.27 / 100G"
  },
  {
    "Brand_Product_Size": "Valcom Paste Laksa 230g",
    "WOW Price": 3.2,
    "WOW Size": "230g",
    "WOW ppu": "$1.39 / 100G"
  },
  {
    "Brand_Product_Size": "Clean Laundry Collection Edge Clothes Peg 30 pack",
    "WOW Price": 3.5,
    "WOW Size": "30 pack",
    "WOW ppu": ""
  },
  {
    "Brand_Product_Size": "Heinz Seriously Good Peri Peri Spicy Mayonnaise 295mL",
    "WOW Price": 3.5,
    "WOW Size": "295mL",
    "WOW ppu": "$1.19 / 100ML"
  },
  {
    "Brand_Product_Size": "Vimto Canned Drink 330mL",
    "WOW Price": 2,
    "WOW Size": "330mL",
    "WOW ppu": "$0.61 / 100ML"
  },
  {
    "Brand_Product_Size": "Indomie Noodles Special Chicken 75g",
    "WOW Price": 0.65,
    "WOW Size": "75g",
    "WOW ppu": "$0.87 / 100G"
  },
  {
    "Brand_Product_Size": "Sunbeam Sultanas & Cranberry 6 pack",
    "WOW Price": 2.4,
    "WOW Size": "6 pack",
    "WOW ppu": "$10.26 / 1KG"
  },
  {
    "Brand_Product_Size": "Sunbeam Sultanas & Cranberry 6 pack",
    "WOW Price": 2.4,
    "WOW Size": "6 pack",
    "WOW ppu": "$10.26 / 1KG"
  },
  {
    "Brand_Product_Size": "Green's Savoury Braid Loaf Herb & Garlic Mix 500g",
    "WOW Price": 4,
    "WOW Size": "500g",
    "WOW ppu": "$0.80 / 100G"
  },
  {
    "Brand_Product_Size": "Melbourne Cheese Company Fetta Garlic & Herbs 250g",
    "WOW Price": 8,
    "WOW Size": "250g",
    "WOW ppu": "$32.00 / 1KG"
  },
  {
    "Brand_Product_Size": "Melbourne Cheese Company Fetta Garlic & Herbs 250g",
    "WOW Price": 8,
    "WOW Size": "250g",
    "WOW ppu": "$32.00 / 1KG"
  },
  {
    "Brand_Product_Size": "Masterfoods Tarragon Leaves 7g",
    "WOW Price": 3.05,
    "WOW Size": "7g",
    "WOW ppu": "$4.36 / 10G"
  },
  {
    "Brand_Product_Size": "Mcobeauty Sheer Lip Balm Peach 15g",
    "WOW Price": 5,
    "WOW Size": "15g",
    "WOW ppu": "$3.33 / 10G"
  },
  {
    "Brand_Product_Size": "Carman's Blueberry, Coconut & Almond Crunchy Clusters 500g",
    "WOW Price": 5,
    "WOW Size": "500g",
    "WOW ppu": "$1.00 / 100G"
  },
  {
    "Brand_Product_Size": "Exelpet Vet Series Flea Intestinal Worm & Heartworm Lge Dog each",
    "WOW Price": 31,
    "WOW Size": "each",
    "WOW ppu": "$31.00 / 1EA"
  },
  {
    "Brand_Product_Size": "Lavazza Espresso Italiano Classico Ground Coffee 250g",
    "WOW Price": 6,
    "WOW Size": "250g",
    "WOW ppu": "$2.40 / 100G"
  },
  {
    "Brand_Product_Size": "Lavazza Espresso Italiano Classico Ground Coffee 250g",
    "WOW Price": 6,
    "WOW Size": "250g",
    "WOW ppu": "$2.40 / 100G"
  },
  {
    "Brand_Product_Size": "Green's Cake Mix Chocolate Mud 530g",
    "WOW Price": 4,
    "WOW Size": "530g",
    "WOW ppu": "$0.75 / 100G"
  },
  {
    "Brand_Product_Size": "La Molisana Pastificio Extra Di Lusso Penne Rigate 500g",
    "WOW Price": 2.8,
    "WOW Size": "500g",
    "WOW ppu": "$0.56 / 100G"
  },
  {
    "Brand_Product_Size": "Woolworths Choc Mint Slices 4 pack",
    "WOW Price": 4,
    "WOW Size": "4 pack",
    "WOW ppu": "$2.00 / 100G"
  },
  {
    "Brand_Product_Size": "Maybelline Face Studio Prime Pore Minimising Primer each",
    "WOW Price": 9,
    "WOW Size": "each",
    "WOW ppu": "$3.00 / 10ML"
  },
  {
    "Brand_Product_Size": "Atkins Advantage Bar Chocolate Brownie 60g",
    "WOW Price": 4.5,
    "WOW Size": "60g",
    "WOW ppu": "$7.50 / 100G"
  },
  {
    "Brand_Product_Size": "Moki Life Lightning Syncharge Cable 3m King Size each",
    "WOW Price": 25,
    "WOW Size": "each",
    "WOW ppu": ""
  },
  {
    "Brand_Product_Size": "Strepsils Plus Blocked Nose Sore Throat Lozenges Menthol 16 pack",
    "WOW Price": 7.5,
    "WOW Size": "16 pack",
    "WOW ppu": "$0.47 / 1EA"
  },
  {
    "Brand_Product_Size": "Korbond Happy Birthday Confetti Scatter each",
    "WOW Price": 2,
    "WOW Size": "each",
    "WOW ppu": "$2.00 / 1EA"
  },
  {
    "Brand_Product_Size": "Jelly Belly 3d Gel Bubble Gum Air Freshener each",
    "WOW Price": 5,
    "WOW Size": "each",
    "WOW ppu": "$27.78 / 100G"
  },
  {
    "Brand_Product_Size": "Essentials Wire Skirt & Trouser Hangers 3 pack",
    "WOW Price": 3.75,
    "WOW Size": "3 pack",
    "WOW ppu": "$1.25 / 1EA"
  },
  {
    "Brand_Product_Size": "Golden Circle Cordial Fruit Cup Crush 2L",
    "WOW Price": 3,
    "WOW Size": "2L",
    "WOW ppu": "$1.50 / 1L"
  },
  {
    "Brand_Product_Size": "Ambi Pur Bathroom Fresh Air Freshener Zesty Lemon 6mL",
    "WOW Price": 8,
    "WOW Size": "6mL",
    "WOW ppu": ""
  },
  {
    "Brand_Product_Size": "Ogx Nourishing Coconut Milk Conditioner 385mL",
    "WOW Price": 20,
    "WOW Size": "385mL",
    "WOW ppu": "$5.19 / 100ML"
  },
  {
    "Brand_Product_Size": "Urbane Mess Detox Face Wash 100mL",
    "WOW Price": 8,
    "WOW Size": "100mL",
    "WOW ppu": "$8.00 / 100ML"
  },
  {
    "Brand_Product_Size": "Vanish Napisan Gold Pro Stain Remover Powder 900g",
    "WOW Price": 12,
    "WOW Size": "900g",
    "WOW ppu": "$13.33 / 1KG"
  },
  {
    "Brand_Product_Size": "Korbond Sewing Oil each",
    "WOW Price": 4,
    "WOW Size": "each",
    "WOW ppu": ""
  },
  {
    "Brand_Product_Size": "Dove Antiperspirant Summer Magnolia & Crisp Apple Scent 250mL",
    "WOW Price": 3.5,
    "WOW Size": "250mL",
    "WOW ppu": "$1.40 / 100ML"
  },
  {
    "Brand_Product_Size": "Palmolive Antibacterial Foaming Liquid Hand Wash Soap Aqua Lily 250mL",
    "WOW Price": 3,
    "WOW Size": "250mL",
    "WOW ppu": "$1.20 / 100ML"
  },
  {
    "Brand_Product_Size": "Homebrand Hair Spray Regular Hold 250g",
    "WOW Price": 2.2,
    "WOW Size": "250g",
    "WOW ppu": "$0.88 / 100G"
  },
  {
    "Brand_Product_Size": "Four Seasons Regular Fitting Condoms 50 pack",
    "WOW Price": 18,
    "WOW Size": "50 pack",
    "WOW ppu": "$36.00 / 100EA"
  },
  {
    "Brand_Product_Size": "Bow Wow Treat Pigs Ear 1 pack",
    "WOW Price": 2.59,
    "WOW Size": "1 pack",
    "WOW ppu": ""
  },
  {
    "Brand_Product_Size": "Simmone Logue Chicken & Leak Pies 12 pack",
    "WOW Price": 17,
    "WOW Size": "12 pack",
    "WOW ppu": "$1.89 / 100G"
  },
  {
    "Brand_Product_Size": "Woolworths Habanero Cheese Slices With Mild Salami & Crackers 50g",
    "WOW Price": 3,
    "WOW Size": "50g",
    "WOW ppu": "$60.00 / 1KG"
  },
  {
    "Brand_Product_Size": "Herbal Essences Shampoo Replenishing 490mL",
    "WOW Price": 10,
    "WOW Size": "490mL",
    "WOW ppu": "$2.04 / 100ML"
  },
  {
    "Brand_Product_Size": "Homebrand Oil 1L",
    "WOW Price": 8.5,
    "WOW Size": "1L",
    "WOW ppu": "$0.85 / 100ML"
  },
  {
    "Brand_Product_Size": "Edgell Corn Kernels Whole 420g",
    "WOW Price": 1.5,
    "WOW Size": "420g",
    "WOW ppu": "$3.57 / 1KG"
  },
  {
    "Brand_Product_Size": "Primo Chicken Breast Thinly Sliced 80g",
    "WOW Price": 3.25,
    "WOW Size": "80g",
    "WOW ppu": "$40.63 / 1KG"
  },
  {
    "Brand_Product_Size": "Primo Chicken Breast Thinly Sliced 80g",
    "WOW Price": 3.25,
    "WOW Size": "80g",
    "WOW ppu": "$40.63 / 1KG"
  },
  {
    "Brand_Product_Size": "Skin Republic Gold Peel-off each",
    "WOW Price": 13,
    "WOW Size": "each",
    "WOW ppu": "$48.15 / 100ML"
  },
  {
    "Brand_Product_Size": "Bosisto's Bathroom & Shower Cleaner 500mL",
    "WOW Price": 5,
    "WOW Size": "500mL",
    "WOW ppu": "$1.00 / 100ML"
  },
  {
    "Brand_Product_Size": "Milky Way Chocolate Bar 53g",
    "WOW Price": 2,
    "WOW Size": "53g",
    "WOW ppu": "$3.77 / 100G"
  },
  {
    "Brand_Product_Size": "Ansell Handy Fresh Disposable Gloves Medium 24 pack",
    "WOW Price": 6,
    "WOW Size": "24 pack",
    "WOW ppu": "$0.25 / 1EA"
  },
  {
    "Brand_Product_Size": "Earth Chickenless Schnitzel 300g",
    "WOW Price": 7,
    "WOW Size": "300g",
    "WOW ppu": "$2.33 / 100G"
  },
  {
    "Brand_Product_Size": "Bed Head Conditioner Resurrection 200mL",
    "WOW Price": 19,
    "WOW Size": "200mL",
    "WOW ppu": "$9.50 / 100ML"
  },
  {
    "Brand_Product_Size": "Only Organic Strawberry Biscotti 100g",
    "WOW Price": 4.4,
    "WOW Size": "100g",
    "WOW ppu": "$4.40 / 100G"
  },
  {
    "Brand_Product_Size": "Red Rock Deli Potato Chips Sea Salt Natural 165g",
    "WOW Price": 4.65,
    "WOW Size": "165g",
    "WOW ppu": "$2.82 / 100G"
  },
  {
    "Brand_Product_Size": "Tommee Tippee Fresh Food Feeder each",
    "WOW Price": 6,
    "WOW Size": "each",
    "WOW ppu": ""
  },
  {
    "Brand_Product_Size": "Kintra Foods Dandy Chai Blend 90g",
    "WOW Price": 6.9,
    "WOW Size": "90g",
    "WOW ppu": "$7.67 / 100G"
  },
  {
    "Brand_Product_Size": "Kintra Foods Dandy Chai Blend 90g",
    "WOW Price": 6.9,
    "WOW Size": "90g",
    "WOW ppu": "$7.67 / 100G"
  },
  {
    "Brand_Product_Size": "Continental Cup A Soup Classic Cream Of Chicken 75g",
    "WOW Price": 2,
    "WOW Size": "75g",
    "WOW ppu": "$2.67 / 100G"
  },
  {
    "Brand_Product_Size": "Sa Gourmet Food Co Tuscan Style Tomato & Basil Soup 430g",
    "WOW Price": 2.7,
    "WOW Size": "430g",
    "WOW ppu": "$0.63 / 100G"
  },
  {
    "Brand_Product_Size": "Essentials Reusable 600ml Containers 3 pack",
    "WOW Price": 5,
    "WOW Size": "3 pack",
    "WOW ppu": ""
  },
  {
    "Brand_Product_Size": "On The Menu Three Cheese Macaroni 260g",
    "WOW Price": 3,
    "WOW Size": "260g",
    "WOW ppu": "$1.15 / 100G"
  },
  {
    "Brand_Product_Size": "Frankie & Friends Goldfish Granulated Food 100g",
    "WOW Price": 2.9,
    "WOW Size": "100g",
    "WOW ppu": "$2.90 / 100G"
  },
  {
    "Brand_Product_Size": "Johnson's Normal Wipes Cleansing Normal Skin 25 pack",
    "WOW Price": 6,
    "WOW Size": "25 pack",
    "WOW ppu": "$0.24 / 1EA"
  },
  {
    "Brand_Product_Size": "Kiwi Black Shoe Polish 38g",
    "WOW Price": 5,
    "WOW Size": "38g",
    "WOW ppu": "$13.16 / 100G"
  },
  {
    "Brand_Product_Size": "L'oreal Excellence Creme Hair Colour 7.1 Dark Ash Blonde each",
    "WOW Price": 16,
    "WOW Size": "each",
    "WOW ppu": ""
  },
  {
    "Brand_Product_Size": "Selleys Liquid Nails Liquid Nails 320g",
    "WOW Price": 7.5,
    "WOW Size": "320g",
    "WOW ppu": "$2.34 / 100G"
  },
  {
    "Brand_Product_Size": "Heinz Tomato Sauce Ketchup 500mL",
    "WOW Price": 3.2,
    "WOW Size": "500mL",
    "WOW ppu": "$0.64 / 100ML"
  },
  {
    "Brand_Product_Size": "Post-it Super Sticky Notes Note 102x148 each",
    "WOW Price": 6,
    "WOW Size": "each",
    "WOW ppu": ""
  },
  {
    "Brand_Product_Size": "Manicare Flat Tweezer Gold Tipped each",
    "WOW Price": 5.5,
    "WOW Size": "each",
    "WOW ppu": ""
  },
  {
    "Brand_Product_Size": "Energizer Batteries A23 4 pack",
    "WOW Price": 10,
    "WOW Size": "4 pack",
    "WOW ppu": "$2.50 / 1EA"
  },
  {
    "Brand_Product_Size": "Fancy Feast Adult Tuna, Prawn, Mackerel & Crab Flavour Dry Cat Food 1.4kg",
    "WOW Price": 15.5,
    "WOW Size": "1.4kg",
    "WOW ppu": "$1.11 / 100G"
  },
  {
    "Brand_Product_Size": "Magic Stainless Steel Cleaner & Protector 200mL",
    "WOW Price": 7,
    "WOW Size": "200mL",
    "WOW ppu": "$3.50 / 100ML"
  },
  {
    "Brand_Product_Size": "John West Sardines In Oil 110g",
    "WOW Price": 2.8,
    "WOW Size": "110g",
    "WOW ppu": "$25.45 / 1KG"
  },
  {
    "Brand_Product_Size": "Scotch-brite Heavy Duty Foam Scourer 3x Longer 4 pack",
    "WOW Price": 4.5,
    "WOW Size": "4 pack",
    "WOW ppu": "$1.13 / 1EA"
  },
  {
    "Brand_Product_Size": "All Smiles Bamboo Toothbrush Medium 4 pack",
    "WOW Price": 8,
    "WOW Size": "4 pack",
    "WOW ppu": "$2.00 / 1EA"
  },
  {
    "Brand_Product_Size": "Mccain Dinner Chicken Parmagiana 320g",
    "WOW Price": 6,
    "WOW Size": "320g",
    "WOW ppu": "$1.88 / 100G"
  },
  {
    "Brand_Product_Size": "Angas Park Mediterranean Apricot Soft & Juicy 225g",
    "WOW Price": 7,
    "WOW Size": "225g",
    "WOW ppu": "$31.11 / 1KG"
  },
  {
    "Brand_Product_Size": "Radox Bath Gel Muscle Soak 500mL",
    "WOW Price": 6.5,
    "WOW Size": "500mL",
    "WOW ppu": "$1.30 / 100ML"
  },
  {
    "Brand_Product_Size": "Fitness Outcomes Beef Chilli Con Carne 350g",
    "WOW Price": 9,
    "WOW Size": "350g",
    "WOW ppu": "$2.57 / 100G"
  },
  {
    "Brand_Product_Size": "Masterfoods Fennel Seed Whole 26g",
    "WOW Price": 3.25,
    "WOW Size": "26g",
    "WOW ppu": "$1.25 / 10G"
  },
  {
    "Brand_Product_Size": "Colgate Total Tartar Control Durable Oral Care Dental Floss 25m",
    "WOW Price": 3.5,
    "WOW Size": "25m",
    "WOW ppu": "$0.14 / 1M"
  },
  {
    "Brand_Product_Size": "Sargents Premium Pies Angus Beef Family 550g",
    "WOW Price": 6.5,
    "WOW Size": "550g",
    "WOW ppu": "$1.18 / 100G"
  },
  {
    "Brand_Product_Size": "Mint Bamboo Chopboard 30x20cm each",
    "WOW Price": 7,
    "WOW Size": "each",
    "WOW ppu": ""
  },
  {
    "Brand_Product_Size": "Always Fresh Cucumbers Baby 350g",
    "WOW Price": 3.8,
    "WOW Size": "350g",
    "WOW ppu": "$10.86 / 1KG"
  },
  {
    "Brand_Product_Size": "Pantene 3 Minute Miracle Repair & Protect Conditioner 400mL",
    "WOW Price": 6.75,
    "WOW Size": "400mL",
    "WOW ppu": "$1.69 / 100ML"
  },
  {
    "Brand_Product_Size": "Biozet Attack Front & Top Loader Regular Laundry Liquid 2L",
    "WOW Price": 20,
    "WOW Size": "2L",
    "WOW ppu": "$10.00 / 1L"
  },
  {
    "Brand_Product_Size": "Macro Free Range Pork Medallion 250g",
    "WOW Price": 10,
    "WOW Size": "250g",
    "WOW ppu": "$40.00 / 1KG"
  },
  {
    "Brand_Product_Size": "Macro Free Range Pork Medallion 250g",
    "WOW Price": 10,
    "WOW Size": "250g",
    "WOW ppu": "$40.00 / 1KG"
  },
  {
    "Brand_Product_Size": "Sup Shots Focus 8 pack x 50mL",
    "WOW Price": 15,
    "WOW Size": "8 pack x 50mL",
    "WOW ppu": "$3.75 / 100ML"
  },
  {
    "Brand_Product_Size": "Lemnos Haloumi 2 pack",
    "WOW Price": 7.5,
    "WOW Size": "2 pack",
    "WOW ppu": "$37.50 / 1KG"
  },
  {
    "Brand_Product_Size": "Lemnos Haloumi 2 pack",
    "WOW Price": 7.5,
    "WOW Size": "2 pack",
    "WOW ppu": "$37.50 / 1KG"
  },
  {
    "Brand_Product_Size": "Fletchers Gherkins Sweet Spiced 280g",
    "WOW Price": 2,
    "WOW Size": "280g",
    "WOW ppu": "$7.14 / 1KG"
  },
  {
    "Brand_Product_Size": "Frantelle Sparkling Water Raspberry & Blackcurrant 375mL",
    "WOW Price": 1.85,
    "WOW Size": "375mL",
    "WOW ppu": "$4.93 / 1L"
  },
  {
    "Brand_Product_Size": "Aussie Bodies Collagen Coconut Cream Delight Bar 45g",
    "WOW Price": 3,
    "WOW Size": "45g",
    "WOW ppu": "$6.67 / 100G"
  },
  {
    "Brand_Product_Size": "San Marino Salami Soppressa Hot 100g",
    "WOW Price": 5.5,
    "WOW Size": "100g",
    "WOW ppu": "$55.00 / 1KG"
  },
  {
    "Brand_Product_Size": "M&m's Ice Cream Cones Caramel 4 pack",
    "WOW Price": 8,
    "WOW Size": "4 pack",
    "WOW ppu": "$1.56 / 100ML"
  },
  {
    "Brand_Product_Size": "Impulse Body Spray Wanderlust 75mL",
    "WOW Price": 4,
    "WOW Size": "75mL",
    "WOW ppu": "$5.33 / 100ML"
  },
  {
    "Brand_Product_Size": "Golden Circle Apple & Mango Juice 2L",
    "WOW Price": 2.7,
    "WOW Size": "2L",
    "WOW ppu": "$1.35 / 1L"
  },
  {
    "Brand_Product_Size": "Streets Paddle Pop Chocolate 8 pack",
    "WOW Price": 5,
    "WOW Size": "8 pack",
    "WOW ppu": "$0.92 / 100ML"
  },
  {
    "Brand_Product_Size": "Belvita Chocolate Breakfast Biscuits 300g",
    "WOW Price": 3,
    "WOW Size": "300g",
    "WOW ppu": "$1.00 / 100G"
  },
  {
    "Brand_Product_Size": "Belvita Chocolate Breakfast Biscuits 300g",
    "WOW Price": 3,
    "WOW Size": "300g",
    "WOW ppu": "$1.00 / 100G"
  },
  {
    "Brand_Product_Size": "Sam's Pantry Coffee Clusters 750g",
    "WOW Price": 5,
    "WOW Size": "750g",
    "WOW ppu": "$0.67 / 100G"
  },
  {
    "Brand_Product_Size": "Arnott's Mini Milk Arrowroot Letters 8 pack",
    "WOW Price": 3,
    "WOW Size": "8 pack",
    "WOW ppu": "$1.79 / 100G"
  },
  {
    "Brand_Product_Size": "Katoomba Ingredients Red Lentils 1kg",
    "WOW Price": 2.5,
    "WOW Size": "1kg",
    "WOW ppu": "$0.25 / 100G"
  },
  {
    "Brand_Product_Size": "Califia Farms Xx Espresso Cold Brew Coffee With Almond 750mL",
    "WOW Price": 4.15,
    "WOW Size": "750mL",
    "WOW ppu": "$5.53 / 1L"
  },
  {
    "Brand_Product_Size": "Jastek Desktop Calculator Compact each",
    "WOW Price": 9,
    "WOW Size": "each",
    "WOW ppu": ""
  },
  {
    "Brand_Product_Size": "Jordans Cleaning Toothbrush Step By Step each",
    "WOW Price": 3.2,
    "WOW Size": "each",
    "WOW ppu": ""
  },
  {
    "Brand_Product_Size": "Kraft Easy Mac Classic Cheese 8 pack",
    "WOW Price": 6,
    "WOW Size": "8 pack",
    "WOW ppu": "$1.07 / 100G"
  },
  {
    "Brand_Product_Size": "Clr Multipurpose Cleaner - Calcium Limescale & Rust 750mL",
    "WOW Price": 13.8,
    "WOW Size": "750mL",
    "WOW ppu": "$1.84 / 100ML"
  },
  {
    "Brand_Product_Size": "Obento Japanese Seasoning Sushi 250mL",
    "WOW Price": 3.3,
    "WOW Size": "250mL",
    "WOW ppu": "$1.32 / 100ML"
  },
  {
    "Brand_Product_Size": "Woolworths Frozen Chicken Breast Garlic & Herb Kiev 350g",
    "WOW Price": 5,
    "WOW Size": "350g",
    "WOW ppu": "$14.29 / 1KG"
  },
  {
    "Brand_Product_Size": "Bega Cheese Stringers Peelable Cheese 8 pack",
    "WOW Price": 4.4,
    "WOW Size": "8 pack",
    "WOW ppu": "$27.50 / 1KG"
  },
  {
    "Brand_Product_Size": "Sunrice Brown Rice Chips Farmhouse Cheddar 150g",
    "WOW Price": 5,
    "WOW Size": "150g",
    "WOW ppu": "$3.33 / 100G"
  },
  {
    "Brand_Product_Size": "Jacobs Jaffa Cakes 147g",
    "WOW Price": 4,
    "WOW Size": "147g",
    "WOW ppu": "$2.72 / 100G"
  },
  {
    "Brand_Product_Size": "Woolworths Cayenne Pepper 30g",
    "WOW Price": 2.6,
    "WOW Size": "30g",
    "WOW ppu": "$0.87 / 10G"
  },
  {
    "Brand_Product_Size": "Red Bull Energy Drink Sugar Free 6x250mL",
    "WOW Price": 11.25,
    "WOW Size": "6x250mL",
    "WOW ppu": "$7.50 / 1L"
  },
  {
    "Brand_Product_Size": "Designer White Tooth Toner Blue Light Whitening Kit each",
    "WOW Price": 40,
    "WOW Size": "each",
    "WOW ppu": "$40.00 / 1EA"
  },
  {
    "Brand_Product_Size": "So Soft Marshmallow Pink & Whites 300g",
    "WOW Price": 2.75,
    "WOW Size": "300g",
    "WOW ppu": "$0.92 / 100G"
  },
  {
    "Brand_Product_Size": "My Dog Country Lamb & Liver Loaf Classics Wet Dog Food Can 680g",
    "WOW Price": 3.4,
    "WOW Size": "680g",
    "WOW ppu": "$0.50 / 100G"
  },
  {
    "Brand_Product_Size": "Babylove Nappy Pants Jumbo Toddler 9-14kg 56 pack",
    "WOW Price": 27,
    "WOW Size": "56 pack",
    "WOW ppu": "$0.48 / 1EA"
  },
  {
    "Brand_Product_Size": "Unicorn Cheese Dip Cheddar With Pickled Onion 150g",
    "WOW Price": 6,
    "WOW Size": "150g",
    "WOW ppu": "$4.00 / 100G"
  },
  {
    "Brand_Product_Size": "Unicorn Cheese Dip Cheddar With Pickled Onion 150g",
    "WOW Price": 6,
    "WOW Size": "150g",
    "WOW ppu": "$4.00 / 100G"
  },
  {
    "Brand_Product_Size": "Red Rock Deli Potato Chipshoney Soy Chicken Entertaining Size 290g",
    "WOW Price": 7,
    "WOW Size": "290g",
    "WOW ppu": "$2.41 / 100G"
  },
  {
    "Brand_Product_Size": "Crave Ocean Fish Dry Cat Food 500g",
    "WOW Price": 7.5,
    "WOW Size": "500g",
    "WOW ppu": "$1.50 / 100G"
  },
  {
    "Brand_Product_Size": "Ayam Malaysian Laksa Paste 185g",
    "WOW Price": 3.5,
    "WOW Size": "185g",
    "WOW ppu": "$1.89 / 100G"
  },
  {
    "Brand_Product_Size": "Macro Nuts & Berry Boost Mix 500g",
    "WOW Price": 9.3,
    "WOW Size": "500g",
    "WOW ppu": "$18.60 / 1KG"
  },
  {
    "Brand_Product_Size": "Connoisseur Ice Cream Murray River Salted Caramel 1L tub",
    "WOW Price": 11,
    "WOW Size": "1L tub",
    "WOW ppu": "$1.10 / 100ML"
  },
  {
    "Brand_Product_Size": "Johnson's Bath Milk & Rice 500mL",
    "WOW Price": 9.5,
    "WOW Size": "500mL",
    "WOW ppu": "$1.90 / 100ML"
  },
  {
    "Brand_Product_Size": "Creative Kitchen Soft White Ready To Roll Fondant 1kg",
    "WOW Price": 7.5,
    "WOW Size": "1kg",
    "WOW ppu": "$0.75 / 100G"
  },
  {
    "Brand_Product_Size": "Gold Medal Snacks Pork Krackles Chilli 50g",
    "WOW Price": 2.15,
    "WOW Size": "50g",
    "WOW ppu": "$4.30 / 100G"
  },
  {
    "Brand_Product_Size": "Rose's Marmalade Sweet Orange 500g",
    "WOW Price": 3.85,
    "WOW Size": "500g",
    "WOW ppu": "$0.77 / 100G"
  },
  {
    "Brand_Product_Size": "Annabel Karmel Veggie Pasta Bake 200g",
    "WOW Price": 4,
    "WOW Size": "200g",
    "WOW ppu": "$2.00 / 100G"
  },
  {
    "Brand_Product_Size": "Mother's Recipe Coriander Chutney 250g",
    "WOW Price": 3.3,
    "WOW Size": "250g",
    "WOW ppu": "$1.32 / 100G"
  },
  {
    "Brand_Product_Size": "Colgate Savacol Toothpaste 100g",
    "WOW Price": 10,
    "WOW Size": "100g",
    "WOW ppu": "$10.00 / 100G"
  },
  {
    "Brand_Product_Size": "Colgate Total Mint Stripe Antibacterial Gel Toothpaste 115g",
    "WOW Price": 3,
    "WOW Size": "115g",
    "WOW ppu": "$2.61 / 100G"
  },
  {
    "Brand_Product_Size": "Maybelline Master Precise Pencil Eyeliner - Blackest Black 100mg",
    "WOW Price": 6.75,
    "WOW Size": "100mg",
    "WOW ppu": "$675.00 / 10G"
  },
  {
    "Brand_Product_Size": "Marathon Spring Rolls 4 pack",
    "WOW Price": 6.5,
    "WOW Size": "4 pack",
    "WOW ppu": "$1.02 / 100G"
  },
  {
    "Brand_Product_Size": "Balnea Aloe Vera Antibacterial Hand Wash 250mL",
    "WOW Price": 1.5,
    "WOW Size": "250mL",
    "WOW ppu": "$0.60 / 100ML"
  },
  {
    "Brand_Product_Size": "Dove Liquid Hand Wash Refreshing Refill 900mL",
    "WOW Price": 8,
    "WOW Size": "900mL",
    "WOW ppu": "$0.89 / 100ML"
  },
  {
    "Brand_Product_Size": "Csr Specialty Sugar Jam Setting 500g",
    "WOW Price": 2.65,
    "WOW Size": "500g",
    "WOW ppu": "$0.53 / 100G"
  },
  {
    "Brand_Product_Size": "Nerf Translucent Dog Toy Flyer each",
    "WOW Price": 7.7,
    "WOW Size": "each",
    "WOW ppu": "$7.70 / 1EA"
  },
  {
    "Brand_Product_Size": "Arnott's Vita-weat Cracker Multigrain 140g",
    "WOW Price": 2,
    "WOW Size": "140g",
    "WOW ppu": "$1.43 / 100G"
  },
  {
    "Brand_Product_Size": "Gold'n Canola Margarine 500g",
    "WOW Price": 3,
    "WOW Size": "500g",
    "WOW ppu": "$0.60 / 100G"
  },
  {
    "Brand_Product_Size": "Libra Girl Ultra Thins Pads Wings Regular 12 pack",
    "WOW Price": 2.9,
    "WOW Size": "12 pack",
    "WOW ppu": "$0.24 / 1EA"
  },
  {
    "Brand_Product_Size": "Woolworths Tasty Cheese Shredded 250g",
    "WOW Price": 4.2,
    "WOW Size": "250g",
    "WOW ppu": "$16.80 / 1KG"
  },
  {
    "Brand_Product_Size": "Ovaltine Chocolate Light Break Energy Drink 400g",
    "WOW Price": 7,
    "WOW Size": "400g",
    "WOW ppu": "$1.75 / 100G"
  },
  {
    "Brand_Product_Size": "Peters Drumstick Minis Ice Cream Vanilla 6 pack",
    "WOW Price": 8.4,
    "WOW Size": "6 pack",
    "WOW ppu": "$1.71 / 100ML"
  },
  {
    "Brand_Product_Size": "Macro Natural Semolina Flour 925g",
    "WOW Price": 4.5,
    "WOW Size": "925g",
    "WOW ppu": "$4.86 / 1KG"
  },
  {
    "Brand_Product_Size": "Macro Laundry Powder Geranium & Musk 1kg",
    "WOW Price": 8,
    "WOW Size": "1kg",
    "WOW ppu": "$0.80 / 100G"
  },
  {
    "Brand_Product_Size": "Uncle Tobys Cereal Cheerios Honey 570g",
    "WOW Price": 5,
    "WOW Size": "570g",
    "WOW ppu": "$0.88 / 100G"
  },
  {
    "Brand_Product_Size": "Blackmores Fish Oil 1000mg 200 pack",
    "WOW Price": 18.5,
    "WOW Size": "200 pack",
    "WOW ppu": "$9.25 / 100EA"
  },
  {
    "Brand_Product_Size": "Lifestyles Condoms Ultra Thin 10 pack",
    "WOW Price": 6.5,
    "WOW Size": "10 pack",
    "WOW ppu": "$0.65 / 1EA"
  },
  {
    "Brand_Product_Size": "Linda Mccartney's Sausages 270g",
    "WOW Price": 5,
    "WOW Size": "270g",
    "WOW ppu": "$1.85 / 100G"
  },
  {
    "Brand_Product_Size": "Oscar Orsen Mini Travel Small Pad Brush each",
    "WOW Price": 6,
    "WOW Size": "each",
    "WOW ppu": ""
  },
  {
    "Brand_Product_Size": "Golden Circle Apple Splash Fruit Drink Fruit Drink 1L",
    "WOW Price": 2.25,
    "WOW Size": "1L",
    "WOW ppu": "$2.25 / 1L"
  },
  {
    "Brand_Product_Size": "Woolworths Zucchini Fetta Fritters 200g",
    "WOW Price": 5,
    "WOW Size": "200g",
    "WOW ppu": "$2.50 / 100G"
  },
  {
    "Brand_Product_Size": "Woolworths Cup Cake Mini Iced 9 pack",
    "WOW Price": 4.8,
    "WOW Size": "9 pack",
    "WOW ppu": "$0.53 / 1EA"
  },
  {
    "Brand_Product_Size": "Woolworths Cup Cake Mini Iced 9 pack",
    "WOW Price": 4.8,
    "WOW Size": "9 pack",
    "WOW ppu": "$0.53 / 1EA"
  },
  {
    "Brand_Product_Size": "Clive Of India Hot Madras Curry Powder 50g",
    "WOW Price": 2.2,
    "WOW Size": "50g",
    "WOW ppu": "$0.44 / 10G"
  },
  {
    "Brand_Product_Size": "Gillette Sensor3 Comfort Razor 8 pack",
    "WOW Price": 11.5,
    "WOW Size": "8 pack",
    "WOW ppu": "$1.44 / 1EA"
  },
  {
    "Brand_Product_Size": "Yowie Chocolate 28g",
    "WOW Price": 3,
    "WOW Size": "28g",
    "WOW ppu": "$10.71 / 100G"
  },
  {
    "Brand_Product_Size": "Mildura Orange Mango Fruit Drink 500mL",
    "WOW Price": 2.15,
    "WOW Size": "500mL",
    "WOW ppu": "$4.30 / 1L"
  },
  {
    "Brand_Product_Size": "Bulla Murray Street Caramelised Peanut Brittle 460mL",
    "WOW Price": 5,
    "WOW Size": "460mL",
    "WOW ppu": "$1.09 / 100ML"
  },
  {
    "Brand_Product_Size": "Nivea All Purpose Cream Moisturiser For Body Face & Hands 150mL",
    "WOW Price": 8,
    "WOW Size": "150mL",
    "WOW ppu": "$5.33 / 100ML"
  },
  {
    "Brand_Product_Size": "D'orsogna Deli Fresh Mild Salami 80g",
    "WOW Price": 3.7,
    "WOW Size": "80g",
    "WOW ppu": "$46.25 / 1KG"
  },
  {
    "Brand_Product_Size": "D'orsogna Deli Fresh Mild Salami 80g",
    "WOW Price": 3.7,
    "WOW Size": "80g",
    "WOW ppu": "$46.25 / 1KG"
  },
  {
    "Brand_Product_Size": "Essentials Assorted Flavours Fruit Bars 25 pack",
    "WOW Price": 3.7,
    "WOW Size": "25 pack",
    "WOW ppu": "$0.74 / 100G"
  },
  {
    "Brand_Product_Size": "Essentials Assorted Flavours Fruit Bars 25 pack",
    "WOW Price": 3.7,
    "WOW Size": "25 pack",
    "WOW ppu": "$0.74 / 100G"
  },
  {
    "Brand_Product_Size": "Connect Foods Connect Foods Bags Raspberry & Blueberry 15 pack",
    "WOW Price": 3,
    "WOW Size": "15 pack",
    "WOW ppu": "$0.20 / 1EA"
  },
  {
    "Brand_Product_Size": "Connect Foods Connect Foods Bags Raspberry & Blueberry 15 pack",
    "WOW Price": 3,
    "WOW Size": "15 pack",
    "WOW ppu": "$0.20 / 1EA"
  },
  {
    "Brand_Product_Size": "Woolworths Mixed Tarts 6 pack",
    "WOW Price": 3,
    "WOW Size": "6 pack",
    "WOW ppu": "$0.50 / 1EA"
  },
  {
    "Brand_Product_Size": "Three Threes Sweet Sliced Beetroot 415g",
    "WOW Price": 3,
    "WOW Size": "415g",
    "WOW ppu": "$7.23 / 1KG"
  },
  {
    "Brand_Product_Size": "Laucke Crusty White Bread Mix 500g",
    "WOW Price": 2.35,
    "WOW Size": "500g",
    "WOW ppu": "$4.70 / 1KG"
  },
  {
    "Brand_Product_Size": "Mortein Mosquito Coils Value Pack 30 pack",
    "WOW Price": 7.5,
    "WOW Size": "30 pack",
    "WOW ppu": "$0.25 / 1EA"
  },
  {
    "Brand_Product_Size": "First Response Complete Pregnancy Planning Kit each",
    "WOW Price": 35,
    "WOW Size": "each",
    "WOW ppu": "$35.00 / 1EA"
  },
  {
    "Brand_Product_Size": "Kan Tong Honey Soy Garlic Stir Fry Sauce 500g",
    "WOW Price": 3,
    "WOW Size": "500g",
    "WOW ppu": "$0.60 / 100G"
  },
  {
    "Brand_Product_Size": "Vittoria Maragogype Nespresso Compatible Coffee Capsules pack 10",
    "WOW Price": 7,
    "WOW Size": "pack 10",
    "WOW ppu": "$0.70 / 1EA"
  },
  {
    "Brand_Product_Size": "Vittoria Maragogype Nespresso Compatible Coffee Capsules pack 10",
    "WOW Price": 7,
    "WOW Size": "pack 10",
    "WOW ppu": "$0.70 / 1EA"
  },
  {
    "Brand_Product_Size": "Woolworths Cooking Chocolate White 200g",
    "WOW Price": 2.5,
    "WOW Size": "200g",
    "WOW ppu": "$1.25 / 100G"
  },
  {
    "Brand_Product_Size": "Batiste Dry Shampoo Blush 50mL",
    "WOW Price": 5,
    "WOW Size": "50mL",
    "WOW ppu": "$10.00 / 100ML"
  },
  {
    "Brand_Product_Size": "Brutal Truth Antiperspirant Roll On Rustic & Woody 75mL",
    "WOW Price": 10,
    "WOW Size": "75mL",
    "WOW ppu": "$13.33 / 100ML"
  },
  {
    "Brand_Product_Size": "Yankee Candle Home Inspiration Sugared Blossom 340g",
    "WOW Price": 20,
    "WOW Size": "340g",
    "WOW ppu": ""
  },
  {
    "Brand_Product_Size": "Coca-cola Classic Soft Drink Bottle 600mL",
    "WOW Price": 3.65,
    "WOW Size": "600mL",
    "WOW ppu": "$6.08 / 1L"
  },
  {
    "Brand_Product_Size": "Birds Eye Golden Crunch Beer Batter Fries 500g",
    "WOW Price": 2.5,
    "WOW Size": "500g",
    "WOW ppu": "$5.00 / 1KG"
  },
  {
    "Brand_Product_Size": "Woolworths Frozen Meal Chicken Satay & Rice 375g",
    "WOW Price": 3,
    "WOW Size": "375g",
    "WOW ppu": "$0.80 / 100G"
  },
  {
    "Brand_Product_Size": "Dolmio Express Pasta Sauce Tomato, Onion & Roast Garlic Pouch 170g",
    "WOW Price": 2.9,
    "WOW Size": "170g",
    "WOW ppu": "$1.71 / 100G"
  },
  {
    "Brand_Product_Size": "Edenvale Non Alcoholic Wine Shiraz 750mL",
    "WOW Price": 8.5,
    "WOW Size": "750mL",
    "WOW ppu": "$11.33 / 1L"
  },
  {
    "Brand_Product_Size": "Palmolive Naturals Body Wash Milk & Cherry Blossom Shower Gel 1L",
    "WOW Price": 8.5,
    "WOW Size": "1L",
    "WOW ppu": "$0.85 / 100ML"
  },
  {
    "Brand_Product_Size": "Gits Rava Idli Mix 500g",
    "WOW Price": 4,
    "WOW Size": "500g",
    "WOW ppu": "$0.80 / 100G"
  },
  {
    "Brand_Product_Size": "John Frieda Radiant Red Colour Boosting Shampoo 250mL",
    "WOW Price": 18,
    "WOW Size": "250mL",
    "WOW ppu": "$7.20 / 100ML"
  },
  {
    "Brand_Product_Size": "Nurofen Pain And Inflammation Relief Caplets 200mg Ibuprofen 12 pack",
    "WOW Price": 3.75,
    "WOW Size": "12 pack",
    "WOW ppu": "$0.31 / 1EA"
  },
  {
    "Brand_Product_Size": "Pauls Thickened Cream Dollop (2pk X 160ml) 320mL",
    "WOW Price": 2.7,
    "WOW Size": "320mL",
    "WOW ppu": "$0.84 / 100ML"
  },
  {
    "Brand_Product_Size": "Safcol Tuna Pouch Lentils & Black Rice 160g",
    "WOW Price": 3.5,
    "WOW Size": "160g",
    "WOW ppu": "$21.88 / 1KG"
  },
  {
    "Brand_Product_Size": "Swisse Men's Ultivite 30 tabLets",
    "WOW Price": 20,
    "WOW Size": "30 tabLets",
    "WOW ppu": "$66.67 / 100EA"
  },
  {
    "Brand_Product_Size": "Aussie Drops Eucalyptus Share Pack 150g bag",
    "WOW Price": 2.8,
    "WOW Size": "150g bag",
    "WOW ppu": "$1.87 / 100G"
  },
  {
    "Brand_Product_Size": "Woolworths Coconut Oil Spray 225g",
    "WOW Price": 4,
    "WOW Size": "225g",
    "WOW ppu": "$1.78 / 100G"
  },
  {
    "Brand_Product_Size": "Bulla Murray Street Caramel Maple & Macadamias 460mL",
    "WOW Price": 5,
    "WOW Size": "460mL",
    "WOW ppu": "$1.09 / 100ML"
  },
  {
    "Brand_Product_Size": "Huggies Baby Wipes Coconut 80 pack",
    "WOW Price": 4,
    "WOW Size": "80 pack",
    "WOW ppu": "$5.00 / 100EA"
  },
  {
    "Brand_Product_Size": "Gloria Jean's Coffees Ground Coffee Hazelnut 200g",
    "WOW Price": 6.5,
    "WOW Size": "200g",
    "WOW ppu": "$3.25 / 100G"
  },
  {
    "Brand_Product_Size": "Gloria Jean's Coffees Ground Coffee Hazelnut 200g",
    "WOW Price": 6.5,
    "WOW Size": "200g",
    "WOW ppu": "$3.25 / 100G"
  },
  {
    "Brand_Product_Size": "Nature's Way Protein Powder Chocolate 375g",
    "WOW Price": 21,
    "WOW Size": "375g",
    "WOW ppu": "$5.60 / 100G"
  },
  {
    "Brand_Product_Size": "Fehlbergs Jalapenos & Chilli Mix 470g",
    "WOW Price": 3.65,
    "WOW Size": "470g",
    "WOW ppu": "$0.78 / 100G"
  },
  {
    "Brand_Product_Size": "Supreme Cloudy Ammonia 1L",
    "WOW Price": 1.4,
    "WOW Size": "1L",
    "WOW ppu": "$1.40 / 1L"
  },
  {
    "Brand_Product_Size": "Dove Go Fresh Antiperspirant Apple & White Tea Scent 250mL",
    "WOW Price": 3.5,
    "WOW Size": "250mL",
    "WOW ppu": "$1.40 / 100ML"
  },
  {
    "Brand_Product_Size": "Korbond Party Hats Happy Birthday 10 pack",
    "WOW Price": 2.5,
    "WOW Size": "10 pack",
    "WOW ppu": "$0.25 / 1EA"
  },
  {
    "Brand_Product_Size": "Ruffie Rustic Foods Plant Based Spaghetti Meat Free Balls 350g",
    "WOW Price": 7,
    "WOW Size": "350g",
    "WOW ppu": "$2.00 / 100G"
  },
  {
    "Brand_Product_Size": "Cadbury Dairy Milk Chocolate Bar 45g",
    "WOW Price": 2.5,
    "WOW Size": "45g",
    "WOW ppu": "$5.56 / 100G"
  },
  {
    "Brand_Product_Size": "Twinings Chai Vanilla Flavoures Tea Bags 80 pack",
    "WOW Price": 11.2,
    "WOW Size": "80 pack",
    "WOW ppu": "$0.14 / 1EA"
  },
  {
    "Brand_Product_Size": "Twinings Chai Vanilla Flavoures Tea Bags 80 pack",
    "WOW Price": 11.2,
    "WOW Size": "80 pack",
    "WOW ppu": "$0.14 / 1EA"
  },
  {
    "Brand_Product_Size": "Colgate 360 Degrees Whole Mouth Clean Compact Head Toothbrush Soft 2 pack",
    "WOW Price": 8,
    "WOW Size": "2 pack",
    "WOW ppu": "$4.00 / 1EA"
  },
  {
    "Brand_Product_Size": "Kellogg's Pop Tarts Frosted Brown Sugar Cinnamon 8 pack",
    "WOW Price": 4,
    "WOW Size": "8 pack",
    "WOW ppu": "$1.04 / 100G"
  },
  {
    "Brand_Product_Size": "Belvita Soft Bake Golden Oats 200g",
    "WOW Price": 3,
    "WOW Size": "200g",
    "WOW ppu": "$1.50 / 100G"
  },
  {
    "Brand_Product_Size": "For Her Regular Brief Pantyhose Natural Average 3 pack",
    "WOW Price": 4,
    "WOW Size": "3 pack",
    "WOW ppu": ""
  },
  {
    "Brand_Product_Size": "Lamaze Mini Plush each",
    "WOW Price": 4.2,
    "WOW Size": "each",
    "WOW ppu": "$4.20 / 1EA"
  },
  {
    "Brand_Product_Size": "Natvia Flip O's Water Ices 60mL x16 pack",
    "WOW Price": 5.2,
    "WOW Size": "60mL x16 pack",
    "WOW ppu": "$0.54 / 100ML"
  },
  {
    "Brand_Product_Size": "Cenovis Vitamin C 250mg Tablets Orange Flavour 150 pack",
    "WOW Price": 7.35,
    "WOW Size": "150 pack",
    "WOW ppu": "$4.90 / 100EA"
  },
  {
    "Brand_Product_Size": "Dove Hand Wash Refreshing Care 330mL",
    "WOW Price": 3.15,
    "WOW Size": "330mL",
    "WOW ppu": "$0.95 / 100ML"
  },
  {
    "Brand_Product_Size": "Odlums Irish Farmhouse Brown Bread Mix 450g",
    "WOW Price": 3.2,
    "WOW Size": "450g",
    "WOW ppu": "$0.71 / 100G"
  },
  {
    "Brand_Product_Size": "Old El Paso Seasoning Burrito Reduced Salt 25g",
    "WOW Price": 1.8,
    "WOW Size": "25g",
    "WOW ppu": "$7.20 / 100G"
  },
  {
    "Brand_Product_Size": "Nestle Crunch Milk Chocolate 200g bLock",
    "WOW Price": 3,
    "WOW Size": "200g bLock",
    "WOW ppu": "$1.50 / 100G"
  },
  {
    "Brand_Product_Size": "Jalna Premium Vanilla Yoghurt 1kg",
    "WOW Price": 5.5,
    "WOW Size": "1kg",
    "WOW ppu": "$0.55 / 100G"
  },
  {
    "Brand_Product_Size": "Campbell's Country Ladle Canned Soup Pea & Ham 500g",
    "WOW Price": 1.75,
    "WOW Size": "500g",
    "WOW ppu": "$0.35 / 100G"
  },
  {
    "Brand_Product_Size": "Uncle Tobys Le Snak Tasty Cheese Dip & Crackers 12 pack",
    "WOW Price": 5.5,
    "WOW Size": "12 pack",
    "WOW ppu": "$2.08 / 100G"
  },
  {
    "Brand_Product_Size": "Uncle Tobys Le Snak Tasty Cheese Dip & Crackers 12 pack",
    "WOW Price": 5.5,
    "WOW Size": "12 pack",
    "WOW ppu": "$2.08 / 100G"
  },
  {
    "Brand_Product_Size": "Uncle Tobys Le Snak Tasty Cheese Dip & Crackers 12 pack",
    "WOW Price": 5.5,
    "WOW Size": "12 pack",
    "WOW ppu": "$2.08 / 100G"
  },
  {
    "Brand_Product_Size": "Hercules Click Zip Large Resealable Twinzip Sandwich Bags 25 pack",
    "WOW Price": 1.95,
    "WOW Size": "25 pack",
    "WOW ppu": "$0.08 / 1EA"
  },
  {
    "Brand_Product_Size": "Hercules Click Zip Large Resealable Twinzip Sandwich Bags 25 pack",
    "WOW Price": 1.95,
    "WOW Size": "25 pack",
    "WOW ppu": "$0.08 / 1EA"
  },
  {
    "Brand_Product_Size": "Greenseas Tuna Chunk In Spring Water 95g",
    "WOW Price": 1.7,
    "WOW Size": "95g",
    "WOW ppu": "$17.89 / 1KG"
  },
  {
    "Brand_Product_Size": "Kellogg's Special K Original Breakfast Cereal 535g",
    "WOW Price": 3.82,
    "WOW Size": "535g",
    "WOW ppu": "$0.71 / 100G"
  },
  {
    "Brand_Product_Size": "Sam's Pantry Quick Oat Sachets Creamy Honey 10 pack",
    "WOW Price": 4,
    "WOW Size": "10 pack",
    "WOW ppu": "$1.14 / 100G"
  },
  {
    "Brand_Product_Size": "Love Luna Lady Leaks Midi Brief Black 18 To 20 each",
    "WOW Price": 16,
    "WOW Size": "each",
    "WOW ppu": "$16.00 / 1EA"
  },
  {
    "Brand_Product_Size": "Mcobeauty Hydroglow Oil Free Foundation Classic Ivory 30mL",
    "WOW Price": 12,
    "WOW Size": "30mL",
    "WOW ppu": "$4.00 / 10ML"
  },
  {
    "Brand_Product_Size": "Sensodyne Toothbrush Sensitive Teeth Repair And Protect 2 pack",
    "WOW Price": 5.4,
    "WOW Size": "2 pack",
    "WOW ppu": "$2.70 / 1EA"
  },
  {
    "Brand_Product_Size": "Ritz Sandwich Chocolate 118g",
    "WOW Price": 1,
    "WOW Size": "118g",
    "WOW ppu": "$0.85 / 100G"
  },
  {
    "Brand_Product_Size": "Edgell Peas & Carrots Peas & Carrots 420g",
    "WOW Price": 1.5,
    "WOW Size": "420g",
    "WOW ppu": "$3.57 / 1KG"
  },
  {
    "Brand_Product_Size": "The Natural Confectionery Co. Party Mix Lollies 240g",
    "WOW Price": 3,
    "WOW Size": "240g",
    "WOW ppu": "$1.25 / 100G"
  },
  {
    "Brand_Product_Size": "Philips Plaque Control Brush Heads 2 pack",
    "WOW Price": 22.5,
    "WOW Size": "2 pack",
    "WOW ppu": "$11.25 / 1EA"
  },
  {
    "Brand_Product_Size": "Fresh Fodder Tzatziki 200g",
    "WOW Price": 4,
    "WOW Size": "200g",
    "WOW ppu": "$2.00 / 100G"
  },
  {
    "Brand_Product_Size": "Jamie Oliver Knife Set 3 piece",
    "WOW Price": 19.2,
    "WOW Size": "3 piece",
    "WOW ppu": ""
  },
  {
    "Brand_Product_Size": "Bref Fresh Boost Eucalyptus each",
    "WOW Price": 3.5,
    "WOW Size": "each",
    "WOW ppu": "$0.78 / 100ML"
  },
  {
    "Brand_Product_Size": "Peckish Rice Crackers Tangy Bbq 6 pack 120g",
    "WOW Price": 2.4,
    "WOW Size": "6 pack 120g",
    "WOW ppu": "$2.00 / 100G"
  },
  {
    "Brand_Product_Size": "Peckish Rice Crackers Tangy Bbq 6 pack 120g",
    "WOW Price": 2.4,
    "WOW Size": "6 pack 120g",
    "WOW ppu": "$2.00 / 100G"
  },
  {
    "Brand_Product_Size": "Colgate Total Gum Health Antibacterial Fluoride Toothpaste 115g",
    "WOW Price": 4,
    "WOW Size": "115g",
    "WOW ppu": "$3.48 / 100G"
  },
  {
    "Brand_Product_Size": "Berocca Energy Vitamin Original Berry Effervescent Tablets 15 pack",
    "WOW Price": 8,
    "WOW Size": "15 pack",
    "WOW ppu": "$53.33 / 100EA"
  },
  {
    "Brand_Product_Size": "Campbell's Real Stock Vietnamese Beef Pho Base 1L",
    "WOW Price": 3,
    "WOW Size": "1L",
    "WOW ppu": "$0.30 / 100ML"
  },
  {
    "Brand_Product_Size": "Vicks First Defence Nasal Spray 15mL",
    "WOW Price": 11.9,
    "WOW Size": "15mL",
    "WOW ppu": "$79.33 / 100ML"
  },
  {
    "Brand_Product_Size": "Campbell's Country Ladle With Bone Broth Mushroom & Barley 505g",
    "WOW Price": 3,
    "WOW Size": "505g",
    "WOW ppu": "$0.59 / 100G"
  },
  {
    "Brand_Product_Size": "Cenovis Garlic, Horseradish + C Complex Capsules 120 pack",
    "WOW Price": 11.55,
    "WOW Size": "120 pack",
    "WOW ppu": "$9.63 / 100EA"
  },
  {
    "Brand_Product_Size": "Masterfoods Sweet Chilli Sauce Mild 500mL",
    "WOW Price": 2.8,
    "WOW Size": "500mL",
    "WOW ppu": "$0.56 / 100ML"
  },
  {
    "Brand_Product_Size": "Dolmio Extra Spicy Peppers Tomato Pasta Sauce 500g",
    "WOW Price": 2.9,
    "WOW Size": "500g",
    "WOW ppu": "$0.58 / 100G"
  },
  {
    "Brand_Product_Size": "Arnott's Tina Wafers 250g",
    "WOW Price": 2.5,
    "WOW Size": "250g",
    "WOW ppu": "$1.00 / 100G"
  },
  {
    "Brand_Product_Size": "Inspire Fleece Throw Assorted each",
    "WOW Price": 6,
    "WOW Size": "each",
    "WOW ppu": ""
  },
  {
    "Brand_Product_Size": "Marco Polo Gherkins Cocktail 670g",
    "WOW Price": 3,
    "WOW Size": "670g",
    "WOW ppu": "$0.45 / 100G"
  },
  {
    "Brand_Product_Size": "Biostime Sn-2 Bio Plus Ultra Goat Infant Formula Stage 1 800g",
    "WOW Price": 40,
    "WOW Size": "800g",
    "WOW ppu": "$5.00 / 100G"
  },
  {
    "Brand_Product_Size": "Fantastic Rice Crackers Sweet Chilli & Sour Cream 100g",
    "WOW Price": 1.5,
    "WOW Size": "100g",
    "WOW ppu": "$1.50 / 100G"
  },
  {
    "Brand_Product_Size": "Sensodyne Toothpaste Sensitive Teeth Pain Rapid Relief 100g",
    "WOW Price": 6.6,
    "WOW Size": "100g",
    "WOW ppu": "$6.60 / 100G"
  },
  {
    "Brand_Product_Size": "Arnott's Honey Jumbles 125g",
    "WOW Price": 2.5,
    "WOW Size": "125g",
    "WOW ppu": "$2.00 / 100G"
  },
  {
    "Brand_Product_Size": "Continental Cup A Soup Italian Minestrone 2 pack",
    "WOW Price": 1.05,
    "WOW Size": "2 pack",
    "WOW ppu": "$1.40 / 100G"
  },
  {
    "Brand_Product_Size": "Fountain Hot Chilli Sauce 250mL",
    "WOW Price": 2.2,
    "WOW Size": "250mL",
    "WOW ppu": "$0.88 / 100ML"
  },
  {
    "Brand_Product_Size": "Vege Chips Salt & Vinegar 100g",
    "WOW Price": 1.9,
    "WOW Size": "100g",
    "WOW ppu": "$1.90 / 100G"
  },
  {
    "Brand_Product_Size": "Arnott's Shapes Mini Chicken Crimpy 8 pack",
    "WOW Price": 3,
    "WOW Size": "8 pack",
    "WOW ppu": "$1.50 / 100G"
  },
  {
    "Brand_Product_Size": "Arnott's Shapes Mini Chicken Crimpy 8 pack",
    "WOW Price": 3,
    "WOW Size": "8 pack",
    "WOW ppu": "$1.50 / 100G"
  },
  {
    "Brand_Product_Size": "Audisol Ear Wax Remover 20mL",
    "WOW Price": 8.45,
    "WOW Size": "20mL",
    "WOW ppu": "$42.25 / 100ML"
  },
  {
    "Brand_Product_Size": "Omo Dilute At Home Refill 665mL",
    "WOW Price": 8.75,
    "WOW Size": "665mL",
    "WOW ppu": "$13.16 / 1L"
  },
  {
    "Brand_Product_Size": "Mckenzie's Coconut Flour 330g",
    "WOW Price": 2.95,
    "WOW Size": "330g",
    "WOW ppu": "$8.94 / 1KG"
  },
  {
    "Brand_Product_Size": "Mckenzie's Dried Veg Pearl Barley 500g",
    "WOW Price": 1.45,
    "WOW Size": "500g",
    "WOW ppu": "$2.90 / 1KG"
  },
  {
    "Brand_Product_Size": "Aeroplane Jelly Original Orange 85g",
    "WOW Price": 1,
    "WOW Size": "85g",
    "WOW ppu": "$1.18 / 100G"
  },
  {
    "Brand_Product_Size": "Aeroplane Jelly Original Port Wine 85g",
    "WOW Price": 1,
    "WOW Size": "85g",
    "WOW ppu": "$1.18 / 100G"
  },
  {
    "Brand_Product_Size": "Canon Printer Ink Cli526m Inkjet Magenta each",
    "WOW Price": 23.2,
    "WOW Size": "each",
    "WOW ppu": ""
  },
  {
    "Brand_Product_Size": "Canon Printer Ink Cli526c Inkjet Cyan each",
    "WOW Price": 23.2,
    "WOW Size": "each",
    "WOW ppu": ""
  },
  {
    "Brand_Product_Size": "Ritz Dipz Smokey Bacon 185g",
    "WOW Price": 2,
    "WOW Size": "185g",
    "WOW ppu": "$1.08 / 100G"
  },
  {
    "Brand_Product_Size": "Snickers Pods Chocolate Medium Bag 160g",
    "WOW Price": 2.25,
    "WOW Size": "160g",
    "WOW ppu": "$1.41 / 100G"
  },
  {
    "Brand_Product_Size": "Mayver's Super Spread Original 280g",
    "WOW Price": 5.5,
    "WOW Size": "280g",
    "WOW ppu": "$1.96 / 100G"
  },
  {
    "Brand_Product_Size": "Sistema Klip It Plus Value Pack 7 pack",
    "WOW Price": 14,
    "WOW Size": "7 pack",
    "WOW ppu": "$14.00 / 1EA"
  },
  {
    "Brand_Product_Size": "Kikkoman Soy Sauce 150mL",
    "WOW Price": 3.7,
    "WOW Size": "150mL",
    "WOW ppu": "$2.47 / 100ML"
  },
  {
    "Brand_Product_Size": "Revlon Colorstay Look Book Palette Original 3.6g",
    "WOW Price": 10,
    "WOW Size": "3.6g",
    "WOW ppu": "$27.78 / 10G"
  },
  {
    "Brand_Product_Size": "Garnier Skinactive Nutri Bomb Milky Tissue Mask each",
    "WOW Price": 3.55,
    "WOW Size": "each",
    "WOW ppu": "$12.68 / 100G"
  },
  {
    "Brand_Product_Size": "Fountain Sweet Chilli Sauce 250mL",
    "WOW Price": 2.2,
    "WOW Size": "250mL",
    "WOW ppu": "$0.88 / 100ML"
  },
  {
    "Brand_Product_Size": "Cadbury Giant Caramello Koala 35g",
    "WOW Price": 0.8,
    "WOW Size": "35g",
    "WOW ppu": "$2.29 / 100G"
  },
  {
    "Brand_Product_Size": "Arnott's Shapes Triple Cheese Toastie Share Pack 8 pack",
    "WOW Price": 3,
    "WOW Size": "8 pack",
    "WOW ppu": "$1.79 / 100G"
  },
  {
    "Brand_Product_Size": "Crisco Sunflower Oil 750mL",
    "WOW Price": 4,
    "WOW Size": "750mL",
    "WOW ppu": "$0.53 / 100ML"
  },
  {
    "Brand_Product_Size": "Ajax Eco Antibacterial Disinfectant Cleaning Wipes Lavender 110 pack",
    "WOW Price": 5,
    "WOW Size": "110 pack",
    "WOW ppu": "$0.05 / 1EA"
  },
  {
    "Brand_Product_Size": "Bonds Girls Shortie Size 8-12 Assorted 3 pack",
    "WOW Price": 10.5,
    "WOW Size": "3 pack",
    "WOW ppu": ""
  },
  {
    "Brand_Product_Size": "Blackmores Mega B Complex Tablets 75 pack",
    "WOW Price": 25,
    "WOW Size": "75 pack",
    "WOW ppu": "$33.33 / 100EA"
  },
  {
    "Brand_Product_Size": "Scholl Gelactiv Insoles Women's Work 1 pair",
    "WOW Price": 19.6,
    "WOW Size": "1 pair",
    "WOW ppu": ""
  },
  {
    "Brand_Product_Size": "King Oscar Mackerel Mediterranean 115g",
    "WOW Price": 3,
    "WOW Size": "115g",
    "WOW ppu": "$26.09 / 1KG"
  },
  {
    "Brand_Product_Size": "Cadbury Caramilk Baking Chips 260g",
    "WOW Price": 6,
    "WOW Size": "260g",
    "WOW ppu": "$2.31 / 100G"
  },
  {
    "Brand_Product_Size": "Mirabella Smart Led Gls Es 9w Cool White each",
    "WOW Price": 18,
    "WOW Size": "each",
    "WOW ppu": "$18.00 / 1EA"
  },
  {
    "Brand_Product_Size": "Golden Circle Tropical Fruit Juice 2L",
    "WOW Price": 2.7,
    "WOW Size": "2L",
    "WOW ppu": "$1.35 / 1L"
  },
  {
    "Brand_Product_Size": "Weis Pineapple, Lime & Coconut Ice Cream Bars 8 pack",
    "WOW Price": 5.5,
    "WOW Size": "8 pack",
    "WOW ppu": "$1.96 / 100ML"
  },
  {
    "Brand_Product_Size": "Tablelands Health Smart Reduced Cholesterol Spread 500g",
    "WOW Price": 4.5,
    "WOW Size": "500g",
    "WOW ppu": "$0.90 / 100G"
  },
  {
    "Brand_Product_Size": "Always Fresh Stuffed Peppers 280g",
    "WOW Price": 5.5,
    "WOW Size": "280g",
    "WOW ppu": "$19.64 / 1KG"
  },
  {
    "Brand_Product_Size": "L'oreal Lash Paradise Mascara Intense Black 6.4mL",
    "WOW Price": 12.5,
    "WOW Size": "6.4mL",
    "WOW ppu": "$19.53 / 10ML"
  },
  {
    "Brand_Product_Size": "Schwarzkopf Live Colour Silver Toner 75mL",
    "WOW Price": 14,
    "WOW Size": "75mL",
    "WOW ppu": "$18.67 / 100ML"
  },
  {
    "Brand_Product_Size": "Woolworths Salmon In Springwater 95g",
    "WOW Price": 1.2,
    "WOW Size": "95g",
    "WOW ppu": "$12.63 / 1KG"
  },
  {
    "Brand_Product_Size": "Altimate Waffle Ice Cream Cones 12 pack",
    "WOW Price": 4.2,
    "WOW Size": "12 pack",
    "WOW ppu": "$2.80 / 100G"
  },
  {
    "Brand_Product_Size": "Hart & Soul Spicy Noodle Soup Pouch 400g",
    "WOW Price": 4,
    "WOW Size": "400g",
    "WOW ppu": "$1.00 / 100G"
  },
  {
    "Brand_Product_Size": "Table Of Plenty Panko Crumbs Italian Herb Blend 150g",
    "WOW Price": 4.5,
    "WOW Size": "150g",
    "WOW ppu": "$0.30 / 10G"
  },
  {
    "Brand_Product_Size": "Mint Soft Grip Ice Cream Scoop each",
    "WOW Price": 4.2,
    "WOW Size": "each",
    "WOW ppu": ""
  },
  {
    "Brand_Product_Size": "Masterfoods Steak Seasoning 45g",
    "WOW Price": 3,
    "WOW Size": "45g",
    "WOW ppu": "$0.67 / 10G"
  },
  {
    "Brand_Product_Size": "Wattie's Tomato Sauce Upside Down 560g",
    "WOW Price": 4,
    "WOW Size": "560g",
    "WOW ppu": "$0.71 / 100G"
  },
  {
    "Brand_Product_Size": "Thomy Mild Mustard 265g",
    "WOW Price": 3.59,
    "WOW Size": "265g",
    "WOW ppu": "$1.35 / 100G"
  },
  {
    "Brand_Product_Size": "Liddells Shredded Parmesan Cheese 125g",
    "WOW Price": 3.95,
    "WOW Size": "125g",
    "WOW ppu": "$31.60 / 1KG"
  },
  {
    "Brand_Product_Size": "Rufus & Coco Posh Pee Pet Pads 7 pack",
    "WOW Price": 9.5,
    "WOW Size": "7 pack",
    "WOW ppu": "$1.36 / 1EA"
  },
  {
    "Brand_Product_Size": "Trill Mix In Veggies Bird Treat 120g",
    "WOW Price": 3.99,
    "WOW Size": "120g",
    "WOW ppu": "$3.33 / 100G"
  },
  {
    "Brand_Product_Size": "Blackmores Executive B Tablets 125 pack",
    "WOW Price": 35,
    "WOW Size": "125 pack",
    "WOW ppu": "$28.00 / 100EA"
  },
  {
    "Brand_Product_Size": "Miller Chill Lager Bottles 24x330mL case",
    "WOW Price": 49,
    "WOW Size": "24x330mL case",
    "WOW ppu": ""
  },
  {
    "Brand_Product_Size": "Baracuda Sparkle Clarifier Cubes 125g",
    "WOW Price": 6,
    "WOW Size": "125g",
    "WOW ppu": "$6.00 / 1EA"
  },
  {
    "Brand_Product_Size": "Scholl Gel Finger & Toe Foot Care Protector each",
    "WOW Price": 13,
    "WOW Size": "each",
    "WOW ppu": "$13.00 / 1EA"
  },
  {
    "Brand_Product_Size": "Woolworths High Fibre Bran 500g",
    "WOW Price": 3.15,
    "WOW Size": "500g",
    "WOW ppu": "$0.63 / 100G"
  },
  {
    "Brand_Product_Size": "Nestle Milo Malted Drinking Chocolate 460g",
    "WOW Price": 7,
    "WOW Size": "460g",
    "WOW ppu": "$1.52 / 100G"
  },
  {
    "Brand_Product_Size": "Masterfoods Slow Cooker Garlic & Herb Lamb Shanks 175g",
    "WOW Price": 2.2,
    "WOW Size": "175g",
    "WOW ppu": "$1.26 / 100G"
  },
  {
    "Brand_Product_Size": "Bonds Mens Underwear Hipster Brief Large 5 pack",
    "WOW Price": 29,
    "WOW Size": "5 pack",
    "WOW ppu": "$5.80 / 1EA"
  },
  {
    "Brand_Product_Size": "Herbal Essences Shampoo Classic Moisture Balancing 490mL",
    "WOW Price": 10,
    "WOW Size": "490mL",
    "WOW ppu": "$2.04 / 100ML"
  },
  {
    "Brand_Product_Size": "Mccormicks Slow Cookers Chunky Beef Stroganoff 40g",
    "WOW Price": 1.5,
    "WOW Size": "40g",
    "WOW ppu": "$3.75 / 100G"
  },
  {
    "Brand_Product_Size": "Cadbury Caramilk Marble Chocolate Block 173g",
    "WOW Price": 3.5,
    "WOW Size": "173g",
    "WOW ppu": "$2.02 / 100G"
  },
  {
    "Brand_Product_Size": "Dilmah Extra Strength Tea Bags 100 pack",
    "WOW Price": 7,
    "WOW Size": "100 pack",
    "WOW ppu": "$0.07 / 1EA"
  },
  {
    "Brand_Product_Size": "Dilmah Extra Strength Tea Bags 100 pack",
    "WOW Price": 7,
    "WOW Size": "100 pack",
    "WOW ppu": "$0.07 / 1EA"
  },
  {
    "Brand_Product_Size": "Keep It Cleaner Plant Based Protein Crunch Salted Caramel Bar 40g",
    "WOW Price": 4,
    "WOW Size": "40g",
    "WOW ppu": "$10.00 / 100G"
  },
  {
    "Brand_Product_Size": "Inspire Collapsible Box With Lid each",
    "WOW Price": 5,
    "WOW Size": "each",
    "WOW ppu": "$5.00 / 1EA"
  },
  {
    "Brand_Product_Size": "Nestle Milkybar Milk & Cookies 180g bLock",
    "WOW Price": 3,
    "WOW Size": "180g bLock",
    "WOW ppu": "$1.67 / 100G"
  },
  {
    "Brand_Product_Size": "Dentalife Small & Medium Dog Treats 25 pack",
    "WOW Price": 11.9,
    "WOW Size": "25 pack",
    "WOW ppu": "$2.35 / 100G"
  },
  {
    "Brand_Product_Size": "Natures Goodness Grain Free Chicken With Lamb & Veg Dry Dog Food 3kg",
    "WOW Price": 15.79,
    "WOW Size": "3kg",
    "WOW ppu": "$0.53 / 100G"
  },
  {
    "Brand_Product_Size": "Branston Pickle 310g",
    "WOW Price": 4.8,
    "WOW Size": "310g",
    "WOW ppu": "$15.48 / 1KG"
  },
  {
    "Brand_Product_Size": "Woolworths Chicken Liquid Stock 1L",
    "WOW Price": 1.9,
    "WOW Size": "1L",
    "WOW ppu": "$0.19 / 100ML"
  },
  {
    "Brand_Product_Size": "Dove Restoring Ritual Conditioner 320mL",
    "WOW Price": 4.9,
    "WOW Size": "320mL",
    "WOW ppu": "$1.53 / 100ML"
  },
  {
    "Brand_Product_Size": "Mcobeauty Duo Lipstick Liner Natural Peach 22g",
    "WOW Price": 6,
    "WOW Size": "22g",
    "WOW ppu": "$2.73 / 10G"
  },
  {
    "Brand_Product_Size": "Bonds Kids Very Comfy Low Cut Socks Size 9-12 4 pack",
    "WOW Price": 13,
    "WOW Size": "4 pack",
    "WOW ppu": ""
  },
  {
    "Brand_Product_Size": "Total Care Pet Bedding Fresh Spray 275mL",
    "WOW Price": 12,
    "WOW Size": "275mL",
    "WOW ppu": "$4.36 / 100ML"
  },
  {
    "Brand_Product_Size": "Brunswick Sardines In Olive Oil 106g",
    "WOW Price": 1.9,
    "WOW Size": "106g",
    "WOW ppu": "$17.92 / 1KG"
  },
  {
    "Brand_Product_Size": "Mckenzie's Himalayan Salt Rock Pink 400g",
    "WOW Price": 5.95,
    "WOW Size": "400g",
    "WOW ppu": "$0.15 / 10G"
  },
  {
    "Brand_Product_Size": "Decor Thermoglass Baking Dish Realseal 3L",
    "WOW Price": 25,
    "WOW Size": "3L",
    "WOW ppu": ""
  },
  {
    "Brand_Product_Size": "Uncle Tobys Oats Quick Sachets Original Porridge 340g",
    "WOW Price": 4.8,
    "WOW Size": "340g",
    "WOW ppu": "$1.41 / 100G"
  },
  {
    "Brand_Product_Size": "Leggos Stir Through Sundried Tomato & Garlic 350g",
    "WOW Price": 4,
    "WOW Size": "350g",
    "WOW ppu": "$1.14 / 100G"
  },
  {
    "Brand_Product_Size": "Praise Dressings Balsamic Italian Fat Free 330mL",
    "WOW Price": 3,
    "WOW Size": "330mL",
    "WOW ppu": "$0.91 / 100ML"
  },
  {
    "Brand_Product_Size": "Tresemme Purple Shampoo Violet Blonde Shine 350mL",
    "WOW Price": 4.5,
    "WOW Size": "350mL",
    "WOW ppu": "$1.29 / 100ML"
  },
  {
    "Brand_Product_Size": "Bekaa Ayran 300mL",
    "WOW Price": 1.5,
    "WOW Size": "300mL",
    "WOW ppu": "$5.00 / 1L"
  },
  {
    "Brand_Product_Size": "Sard Wonder Super Power Stain Remover 1.8kg",
    "WOW Price": 9.5,
    "WOW Size": "1.8kg",
    "WOW ppu": "$5.28 / 1KG"
  },
  {
    "Brand_Product_Size": "Phillips Avent Breast Milk Bags 25 pack",
    "WOW Price": 24.5,
    "WOW Size": "25 pack",
    "WOW ppu": "$0.98 / 1EA"
  },
  {
    "Brand_Product_Size": "L'oreal Age Perfect Face Cream For Day 50mL",
    "WOW Price": 19.75,
    "WOW Size": "50mL",
    "WOW ppu": "$39.50 / 100ML"
  },
  {
    "Brand_Product_Size": "Sambucol Black Elderberry Immune Defence Forte Hard Capsules 30 pack",
    "WOW Price": 19,
    "WOW Size": "30 pack",
    "WOW ppu": "$0.63 / 1EA"
  },
  {
    "Brand_Product_Size": "Birds Eye Hash Browns 375g",
    "WOW Price": 3,
    "WOW Size": "375g",
    "WOW ppu": "$8.00 / 1KG"
  },
  {
    "Brand_Product_Size": "Woolworths Prep Set Go Frozen Chopped Coriander 90g",
    "WOW Price": 3.5,
    "WOW Size": "90g",
    "WOW ppu": "$38.89 / 1KG"
  },
  {
    "Brand_Product_Size": "Safcol Tapas Chilean Mussels In Spanish Galician Style Sauce 105g",
    "WOW Price": 3,
    "WOW Size": "105g",
    "WOW ppu": "$28.57 / 1KG"
  },
  {
    "Brand_Product_Size": "Safcol Tapas Chilean Mussels In Spanish Galician Style Sauce 105g",
    "WOW Price": 3,
    "WOW Size": "105g",
    "WOW ppu": "$28.57 / 1KG"
  },
  {
    "Brand_Product_Size": "3m Command Key Rail each",
    "WOW Price": 20,
    "WOW Size": "each",
    "WOW ppu": "$20.00 / 1EA"
  },
  {
    "Brand_Product_Size": "Bushman Insect Repellent Heavy Duty 225g",
    "WOW Price": 15,
    "WOW Size": "225g",
    "WOW ppu": "$6.67 / 100G"
  },
  {
    "Brand_Product_Size": "Applaws Cat Food Tins: Ocean Fish 70g",
    "WOW Price": 2,
    "WOW Size": "70g",
    "WOW ppu": "$2.86 / 100G"
  },
  {
    "Brand_Product_Size": "Corelle Winter Frost White Salad/pasta Bowl 591ml each",
    "WOW Price": 6,
    "WOW Size": "each",
    "WOW ppu": ""
  },
  {
    "Brand_Product_Size": "Tooba Red Fried Onion 400g",
    "WOW Price": 3,
    "WOW Size": "400g",
    "WOW ppu": "$0.75 / 100G"
  },
  {
    "Brand_Product_Size": "Ultimates Indulge Beef Smoothie 90g",
    "WOW Price": 3,
    "WOW Size": "90g",
    "WOW ppu": "$3.33 / 100G"
  },
  {
    "Brand_Product_Size": "Obento Japanese Sushi Kit 540g",
    "WOW Price": 11.6,
    "WOW Size": "540g",
    "WOW ppu": "$2.15 / 100G"
  },
  {
    "Brand_Product_Size": "Tilda Basmati Rice Firecracker 250g",
    "WOW Price": 3,
    "WOW Size": "250g",
    "WOW ppu": "$1.20 / 100G"
  },
  {
    "Brand_Product_Size": "Marion's Kitchen Thai Red Curry Cooking Kit 394g",
    "WOW Price": 7.45,
    "WOW Size": "394g",
    "WOW ppu": "$1.89 / 100G"
  },
  {
    "Brand_Product_Size": "Spc Peaches Sliced In Mango Nectar 825g",
    "WOW Price": 2.8,
    "WOW Size": "825g",
    "WOW ppu": "$3.39 / 1KG"
  },
  {
    "Brand_Product_Size": "Essentials Top & Front Loader 4kg",
    "WOW Price": 3.69,
    "WOW Size": "4kg",
    "WOW ppu": "$0.92 / 1KG"
  },
  {
    "Brand_Product_Size": "Glad To Be Green 95% Recycled Kitchen Tidy Bags Small 34 pack",
    "WOW Price": 4.5,
    "WOW Size": "34 pack",
    "WOW ppu": "$0.13 / 1EA"
  },
  {
    "Brand_Product_Size": "Gm Housebrand Paint By Numbers Assorted each",
    "WOW Price": 6,
    "WOW Size": "each",
    "WOW ppu": ""
  },
  {
    "Brand_Product_Size": "Passage To India Jalfrezi 375g",
    "WOW Price": 4.7,
    "WOW Size": "375g",
    "WOW ppu": "$1.25 / 100G"
  },
  {
    "Brand_Product_Size": "Juicy Isle Strawberry Topping 375mL",
    "WOW Price": 2,
    "WOW Size": "375mL",
    "WOW ppu": "$0.53 / 100ML"
  },
  {
    "Brand_Product_Size": "Woolworths Worcestershire Sauce 250mL",
    "WOW Price": 2,
    "WOW Size": "250mL",
    "WOW ppu": "$0.80 / 100ML"
  },
  {
    "Brand_Product_Size": "Woolworths Mango Flavoured Jelly In Pouch 95g",
    "WOW Price": 0.95,
    "WOW Size": "95g",
    "WOW ppu": "$10.00 / 1KG"
  },
  {
    "Brand_Product_Size": "Old El Paso Mexican Mild Enchilada Sauce 375g",
    "WOW Price": 4.15,
    "WOW Size": "375g",
    "WOW ppu": "$1.11 / 100G"
  },
  {
    "Brand_Product_Size": "First Force Insect Control System Refill Indoor & Outdoor 165g",
    "WOW Price": 4.4,
    "WOW Size": "165g",
    "WOW ppu": "$2.67 / 100G"
  },
  {
    "Brand_Product_Size": "Evergreen Original Tofu 900g",
    "WOW Price": 4.4,
    "WOW Size": "900g",
    "WOW ppu": "$4.89 / 1KG"
  },
  {
    "Brand_Product_Size": "Miss So Love Potion Perfume Mist Wild Berries & Jasmine 140mL",
    "WOW Price": 12,
    "WOW Size": "140mL",
    "WOW ppu": "$8.57 / 100ML"
  },
  {
    "Brand_Product_Size": "Only Organic Yoghurt Rice Cakes 30g",
    "WOW Price": 2.6,
    "WOW Size": "30g",
    "WOW ppu": "$8.67 / 100G"
  },
  {
    "Brand_Product_Size": "Milo Dipped Snack Bars With White Chocolate 10 pack",
    "WOW Price": 5,
    "WOW Size": "10 pack",
    "WOW ppu": "$1.85 / 100G"
  },
  {
    "Brand_Product_Size": "Milo Dipped Snack Bars With White Chocolate 10 pack",
    "WOW Price": 5,
    "WOW Size": "10 pack",
    "WOW ppu": "$1.85 / 100G"
  },
  {
    "Brand_Product_Size": "Provoke Touch Of Silver Colour Care Purple Shampoo 1000mL",
    "WOW Price": 18,
    "WOW Size": "1000mL",
    "WOW ppu": "$1.80 / 100ML"
  },
  {
    "Brand_Product_Size": "Suntory Boss Coffee Iced Vanilla Latte 237mL",
    "WOW Price": 3.65,
    "WOW Size": "237mL",
    "WOW ppu": "$15.40 / 1L"
  },
  {
    "Brand_Product_Size": "Breeders Choice Paper Cat Litter 15L",
    "WOW Price": 12.5,
    "WOW Size": "15L",
    "WOW ppu": "$0.83 / 1L"
  },
  {
    "Brand_Product_Size": "Tilly's Guilt Free Cookie Cream Crumble 475mL",
    "WOW Price": 8,
    "WOW Size": "475mL",
    "WOW ppu": "$1.68 / 100ML"
  },
  {
    "Brand_Product_Size": "Armor All Car Care Tyre Foam 500g",
    "WOW Price": 10,
    "WOW Size": "500g",
    "WOW ppu": "$2.00 / 100G"
  },
  {
    "Brand_Product_Size": "Sally Hansen Miracle Gel Regal Rose each",
    "WOW Price": 8.5,
    "WOW Size": "each",
    "WOW ppu": "$5.78 / 10ML"
  },
  {
    "Brand_Product_Size": "Jastek Scientific Calculator each",
    "WOW Price": 15,
    "WOW Size": "each",
    "WOW ppu": ""
  },
  {
    "Brand_Product_Size": "Toni & Guy 4mm Hair Elastic Brown 10pc",
    "WOW Price": 4.9,
    "WOW Size": "10pc",
    "WOW ppu": ""
  },
  {
    "Brand_Product_Size": "Pampas Puff Pastry 10 Sheets 1.6kg",
    "WOW Price": 6.4,
    "WOW Size": "1.6kg",
    "WOW ppu": "$0.40 / 100G"
  },
  {
    "Brand_Product_Size": "Birds Eye Deli French Fries Garlic Herb & Lemon 600g",
    "WOW Price": 4,
    "WOW Size": "600g",
    "WOW ppu": "$6.67 / 1KG"
  },
  {
    "Brand_Product_Size": "Siggi's 4% Fat Yoghurt Vanilla 125g",
    "WOW Price": 2,
    "WOW Size": "125g",
    "WOW ppu": "$1.60 / 100G"
  },
  {
    "Brand_Product_Size": "Gripball 2000 L each",
    "WOW Price": 8,
    "WOW Size": "each",
    "WOW ppu": ""
  },
  {
    "Brand_Product_Size": "Bega Peanut Butter No Added Sugar Or Salt Crunchy 325g",
    "WOW Price": 4,
    "WOW Size": "325g",
    "WOW ppu": "$1.23 / 100G"
  },
  {
    "Brand_Product_Size": "Clearasil Facial Scrub Blackhead Clearing 150mL",
    "WOW Price": 8.55,
    "WOW Size": "150mL",
    "WOW ppu": "$5.70 / 100ML"
  },
  {
    "Brand_Product_Size": "Woolworths Dark Fruit Cake 465g",
    "WOW Price": 4,
    "WOW Size": "465g",
    "WOW ppu": "$0.86 / 100G"
  },
  {
    "Brand_Product_Size": "The Dutch Company Confectionary 4 Syrup Wafers 130g",
    "WOW Price": 2.25,
    "WOW Size": "130g",
    "WOW ppu": "$1.80 / 100G"
  },
  {
    "Brand_Product_Size": "Barilla Spaghetti Gluten Free 340g",
    "WOW Price": 3.8,
    "WOW Size": "340g",
    "WOW ppu": "$1.12 / 100G"
  },
  {
    "Brand_Product_Size": "Chris' Heritage Dips Vintage Cheddar & Caramelised Onion Cheese 170g",
    "WOW Price": 8,
    "WOW Size": "170g",
    "WOW ppu": "$4.71 / 100G"
  },
  {
    "Brand_Product_Size": "Chris' Heritage Dips Vintage Cheddar & Caramelised Onion Cheese 170g",
    "WOW Price": 8,
    "WOW Size": "170g",
    "WOW ppu": "$4.71 / 100G"
  },
  {
    "Brand_Product_Size": "Birds Eye Golden Ale Chips 600g",
    "WOW Price": 4,
    "WOW Size": "600g",
    "WOW ppu": "$6.67 / 1KG"
  },
  {
    "Brand_Product_Size": "Latina Fresh Spinach & Ricotta Agnolotti 375g",
    "WOW Price": 6.5,
    "WOW Size": "375g",
    "WOW ppu": "$1.73 / 100G"
  },
  {
    "Brand_Product_Size": "Marco Polo European Foods White Beans 375g",
    "WOW Price": 2.5,
    "WOW Size": "375g",
    "WOW ppu": "$0.67 / 100G"
  },
  {
    "Brand_Product_Size": "Santa Vittoria Sparkling Mineral Water 6x1.5L bottLes",
    "WOW Price": 14.65,
    "WOW Size": "6x1.5L bottLes",
    "WOW ppu": "$1.63 / 1L"
  },
  {
    "Brand_Product_Size": "Mr Chen's Prawn Gyoza Noodles 350g",
    "WOW Price": 5.5,
    "WOW Size": "350g",
    "WOW ppu": "$1.57 / 100G"
  },
  {
    "Brand_Product_Size": "Mdh Meat Curry Masala 100g",
    "WOW Price": 2.5,
    "WOW Size": "100g",
    "WOW ppu": "$2.50 / 100G"
  },
  {
    "Brand_Product_Size": "Pantene Smooth & Sleek 3min Conditioner 400mL",
    "WOW Price": 6.75,
    "WOW Size": "400mL",
    "WOW ppu": "$1.69 / 100ML"
  },
  {
    "Brand_Product_Size": "Paradise Plain Rich Tea 200g",
    "WOW Price": 1.5,
    "WOW Size": "200g",
    "WOW ppu": "$0.75 / 100G"
  },
  {
    "Brand_Product_Size": "Savu Bamboo Pulp Cups 10 pack",
    "WOW Price": 2,
    "WOW Size": "10 pack",
    "WOW ppu": ""
  },
  {
    "Brand_Product_Size": "Oc Naturals Handwash Replenishing Vanilla Shea 400mL",
    "WOW Price": 5,
    "WOW Size": "400mL",
    "WOW ppu": "$1.25 / 100ML"
  },
  {
    "Brand_Product_Size": "Mrs Macs Crispy Microwave Pastie 165g",
    "WOW Price": 2.5,
    "WOW Size": "165g",
    "WOW ppu": "$1.52 / 100G"
  },
  {
    "Brand_Product_Size": "Dairy Farmers Thick & Creamy Vanilla 110g x4 pack",
    "WOW Price": 4,
    "WOW Size": "110g x4 pack",
    "WOW ppu": "$0.91 / 100G"
  },
  {
    "Brand_Product_Size": "Essentials Pancake & Pikelet Mix 300g",
    "WOW Price": 0.99,
    "WOW Size": "300g",
    "WOW ppu": "$0.33 / 100G"
  },
  {
    "Brand_Product_Size": "Mckenzie's Beans Red Kidney 375g",
    "WOW Price": 2.69,
    "WOW Size": "375g",
    "WOW ppu": "$7.17 / 1KG"
  },
  {
    "Brand_Product_Size": "Maggi Stir Fry Creations Chinese Bbq Pork 150g",
    "WOW Price": 3,
    "WOW Size": "150g",
    "WOW ppu": "$2.00 / 100G"
  },
  {
    "Brand_Product_Size": "Prana On Plant Protein Shake Vanilla Flavour 405g",
    "WOW Price": 30,
    "WOW Size": "405g",
    "WOW ppu": "$7.41 / 100G"
  },
  {
    "Brand_Product_Size": "Woolworths Scotch Fillet Pork 600g",
    "WOW Price": 10,
    "WOW Size": "600g",
    "WOW ppu": "$16.67 / 1KG"
  },
  {
    "Brand_Product_Size": "Cottee's Jam Blackberry 500g",
    "WOW Price": 2.8,
    "WOW Size": "500g",
    "WOW ppu": "$0.56 / 100G"
  },
  {
    "Brand_Product_Size": "Smitten Cat Food Chunky Sardines 400g",
    "WOW Price": 0.85,
    "WOW Size": "400g",
    "WOW ppu": "$0.21 / 100G"
  },
  {
    "Brand_Product_Size": "Pauls Zymil Light Lactose Free Milk 1L",
    "WOW Price": 3.1,
    "WOW Size": "1L",
    "WOW ppu": "$3.10 / 1L"
  },
  {
    "Brand_Product_Size": "Calidad Canon 681 Magenta Xxl each",
    "WOW Price": 28,
    "WOW Size": "each",
    "WOW ppu": ""
  },
  {
    "Brand_Product_Size": "Zenzone Air Freshener Odour Neutraliser Frangipani 150g",
    "WOW Price": 1.9,
    "WOW Size": "150g",
    "WOW ppu": "$0.13 / 10G"
  },
  {
    "Brand_Product_Size": "Optrex Advance Preservative Free Tired Eye Drops 10mL",
    "WOW Price": 14,
    "WOW Size": "10mL",
    "WOW ppu": "$140.00 / 100ML"
  },
  {
    "Brand_Product_Size": "Huggies Ultra Dry Nappies Crawler 6-11kg Boy 90 pack jumbo",
    "WOW Price": 30,
    "WOW Size": "90 pack jumbo",
    "WOW ppu": "$0.33 / 1EA"
  },
  {
    "Brand_Product_Size": "Maybelline Superstay Matte Ink Liquid Lipstick - Seductress 65 each",
    "WOW Price": 11,
    "WOW Size": "each",
    "WOW ppu": "$22.00 / 10ML"
  },
  {
    "Brand_Product_Size": "Sirena Tuna La Vita Lite Chilli 95g",
    "WOW Price": 2.7,
    "WOW Size": "95g",
    "WOW ppu": "$28.42 / 1KG"
  },
  {
    "Brand_Product_Size": "Dettol Parents Approved Citrus Shower Gel 950mL",
    "WOW Price": 9.5,
    "WOW Size": "950mL",
    "WOW ppu": "$1.00 / 100ML"
  },
  {
    "Brand_Product_Size": "Rexona Women Antiperspirant Aerosol Deodorant Sexy Bouquet 250mL",
    "WOW Price": 5,
    "WOW Size": "250mL",
    "WOW ppu": "$2.00 / 100ML"
  },
  {
    "Brand_Product_Size": "Vital Strength Lean Whey High Protein Powder Vanilla 720g",
    "WOW Price": 29.75,
    "WOW Size": "720g",
    "WOW ppu": "$4.13 / 100G"
  },
  {
    "Brand_Product_Size": "Norsca Anti Perspirant Deodorant Aerosol Pump Forest 150mL",
    "WOW Price": 6,
    "WOW Size": "150mL",
    "WOW ppu": "$4.00 / 100ML"
  },
  {
    "Brand_Product_Size": "Nature's Way Hair Growth Tablets 30 pack",
    "WOW Price": 20,
    "WOW Size": "30 pack",
    "WOW ppu": "$66.67 / 100EA"
  },
  {
    "Brand_Product_Size": "Only Organic Mango & Banana Puffs 20g",
    "WOW Price": 3,
    "WOW Size": "20g",
    "WOW ppu": "$15.00 / 100G"
  },
  {
    "Brand_Product_Size": "Cussons Bliss Cleans + Freshens Iris Monsoon Laundry Liquid 2L",
    "WOW Price": 7,
    "WOW Size": "2L",
    "WOW ppu": "$3.50 / 1L"
  },
  {
    "Brand_Product_Size": "Richter Marzipan Loaves 100g",
    "WOW Price": 2.99,
    "WOW Size": "100g",
    "WOW ppu": "$2.99 / 100G"
  },
  {
    "Brand_Product_Size": "Cocobella Coconut Yoghurt Natural 500g",
    "WOW Price": 6,
    "WOW Size": "500g",
    "WOW ppu": "$1.20 / 100G"
  },
  {
    "Brand_Product_Size": "Australia's Own Full Cream Uht Milk 6 pack",
    "WOW Price": 3.5,
    "WOW Size": "6 pack",
    "WOW ppu": "$2.92 / 1L"
  },
  {
    "Brand_Product_Size": "Australia's Own Full Cream Uht Milk 6 pack",
    "WOW Price": 3.5,
    "WOW Size": "6 pack",
    "WOW ppu": "$2.92 / 1L"
  },
  {
    "Brand_Product_Size": "Sistema Klip It Cracker Container Large 1.8L",
    "WOW Price": 4.5,
    "WOW Size": "1.8L",
    "WOW ppu": "$4.50 / 1EA"
  },
  {
    "Brand_Product_Size": "Herbal Essences Conditioner Hello Hydration 300mL",
    "WOW Price": 3.25,
    "WOW Size": "300mL",
    "WOW ppu": "$1.08 / 100ML"
  },
  {
    "Brand_Product_Size": "Farmers Market Beef & Farm Vegetables Dry Dog Food 6.8kg",
    "WOW Price": 35,
    "WOW Size": "6.8kg",
    "WOW ppu": "$0.51 / 100G"
  },
  {
    "Brand_Product_Size": "Heinz Tomato Ketchup Less Sugar 500mL",
    "WOW Price": 3.2,
    "WOW Size": "500mL",
    "WOW ppu": "$0.64 / 100ML"
  },
  {
    "Brand_Product_Size": "Masterfoods Tuscan Seasoning 35g",
    "WOW Price": 3.75,
    "WOW Size": "35g",
    "WOW ppu": "$0.94 / 10G"
  },
  {
    "Brand_Product_Size": "Masterfoods Barbeque Sauce 2L",
    "WOW Price": 7,
    "WOW Size": "2L",
    "WOW ppu": "$0.35 / 100ML"
  },
  {
    "Brand_Product_Size": "Gaia Natural Baby Bath Wash Sleeptime 500mL",
    "WOW Price": 17,
    "WOW Size": "500mL",
    "WOW ppu": "$3.40 / 100ML"
  },
  {
    "Brand_Product_Size": "Mr Hamfrey's Microwavable Pork Crackle Original 35g",
    "WOW Price": 3.5,
    "WOW Size": "35g",
    "WOW ppu": "$10.00 / 100G"
  },
  {
    "Brand_Product_Size": "Vevelle Toilet Paper 4ply 8 pack",
    "WOW Price": 4.4,
    "WOW Size": "8 pack",
    "WOW ppu": "$0.39 / 100SS"
  },
  {
    "Brand_Product_Size": "Maybelline Superstay Active Wear 30hr Foundation True Ivory 30mL",
    "WOW Price": 13.5,
    "WOW Size": "30mL",
    "WOW ppu": "$4.50 / 10ML"
  },
  {
    "Brand_Product_Size": "Sistema Slimline Plasticware Quaddie Lunch Box each",
    "WOW Price": 9,
    "WOW Size": "each",
    "WOW ppu": ""
  },
  {
    "Brand_Product_Size": "Sistema Slimline Plasticware Quaddie Lunch Box each",
    "WOW Price": 9,
    "WOW Size": "each",
    "WOW ppu": ""
  },
  {
    "Brand_Product_Size": "Heinz Big N Chunky Canned Soup Chicken & Corn 535g",
    "WOW Price": 2,
    "WOW Size": "535g",
    "WOW ppu": "$0.37 / 100G"
  },
  {
    "Brand_Product_Size": "Purina Totalcare Detangling Shampoo For Dogs 350mL",
    "WOW Price": 10.4,
    "WOW Size": "350mL",
    "WOW ppu": "$2.97 / 100ML"
  },
  {
    "Brand_Product_Size": "Crayola Color Sticker Disney Princess each",
    "WOW Price": 5,
    "WOW Size": "each",
    "WOW ppu": ""
  },
  {
    "Brand_Product_Size": "Palmolive Ultra Strength Antibacterial Dishwashing Liquid Lemon 400mL",
    "WOW Price": 2.8,
    "WOW Size": "400mL",
    "WOW ppu": "$0.70 / 100ML"
  },
  {
    "Brand_Product_Size": "Fresh Up Apple And Orange 355mL",
    "WOW Price": 2.3,
    "WOW Size": "355mL",
    "WOW ppu": "$6.48 / 1L"
  },
  {
    "Brand_Product_Size": "Sodastream Llb Syrup 440mL",
    "WOW Price": 5,
    "WOW Size": "440mL",
    "WOW ppu": "$11.36 / 1L"
  },
  {
    "Brand_Product_Size": "Sanitarium Weet-bix Bites Apricot Breakfast Cereal 500g",
    "WOW Price": 4,
    "WOW Size": "500g",
    "WOW ppu": "$0.80 / 100G"
  },
  {
    "Brand_Product_Size": "Combat Ant Rid Bait Strips 10 pack",
    "WOW Price": 8,
    "WOW Size": "10 pack",
    "WOW ppu": "$80.00 / 100G"
  },
  {
    "Brand_Product_Size": "Korbond Compact Needle Kit 40 pack",
    "WOW Price": 3,
    "WOW Size": "40 pack",
    "WOW ppu": ""
  },
  {
    "Brand_Product_Size": "Vanish Gold Pro Stain Remover Powder 500g",
    "WOW Price": 6,
    "WOW Size": "500g",
    "WOW ppu": "$12.00 / 1KG"
  },
  {
    "Brand_Product_Size": "Kewpie Salad Dressing Roasted Sesame 210mL",
    "WOW Price": 4.6,
    "WOW Size": "210mL",
    "WOW ppu": "$2.19 / 100ML"
  },
  {
    "Brand_Product_Size": "Maggi Gravy Mix Roast Meat 27g",
    "WOW Price": 0.8,
    "WOW Size": "27g",
    "WOW ppu": "$0.30 / 10G"
  },
  {
    "Brand_Product_Size": "Earth Choice Dishwashing Liquid 1L",
    "WOW Price": 2,
    "WOW Size": "1L",
    "WOW ppu": "$0.20 / 100ML"
  },
  {
    "Brand_Product_Size": "Korbond Party Novelty Bouncy Balls 6 pack",
    "WOW Price": 4,
    "WOW Size": "6 pack",
    "WOW ppu": "$0.67 / 1EA"
  },
  {
    "Brand_Product_Size": "Continental Nutrish Soup So Mushroom 103g",
    "WOW Price": 4.3,
    "WOW Size": "103g",
    "WOW ppu": "$4.17 / 100G"
  },
  {
    "Brand_Product_Size": "Mortein Powergard Cockroach Baits 12 pack",
    "WOW Price": 15,
    "WOW Size": "12 pack",
    "WOW ppu": "$1.25 / 1EA"
  },
  {
    "Brand_Product_Size": "Bonds Womens Underwear Cottontails Size 20 2 pack",
    "WOW Price": 16,
    "WOW Size": "2 pack",
    "WOW ppu": ""
  },
  {
    "Brand_Product_Size": "Fluffy Fragrance Temptations Ultra Fabric Softener Aqua Desire 1L",
    "WOW Price": 7,
    "WOW Size": "1L",
    "WOW ppu": "$7.00 / 1L"
  },
  {
    "Brand_Product_Size": "Waxworks Mozzie Sticks Sandalwood & Citronella 12 pack",
    "WOW Price": 8,
    "WOW Size": "12 pack",
    "WOW ppu": ""
  },
  {
    "Brand_Product_Size": "Maybelline Tattoo Studio Brow Gel Deep Brown each",
    "WOW Price": 14,
    "WOW Size": "each",
    "WOW ppu": "$20.59 / 10ML"
  },
  {
    "Brand_Product_Size": "Queen Meringue & Pavlova Powder Mix 300g",
    "WOW Price": 4.5,
    "WOW Size": "300g",
    "WOW ppu": "$1.50 / 100G"
  },
  {
    "Brand_Product_Size": "Applaws Cat Food Tuna & Prawn 70g",
    "WOW Price": 2,
    "WOW Size": "70g",
    "WOW ppu": "$2.86 / 100G"
  },
  {
    "Brand_Product_Size": "Old El Paso Enchilada Dinner Kit 520g",
    "WOW Price": 6.5,
    "WOW Size": "520g",
    "WOW ppu": "$1.25 / 100G"
  },
  {
    "Brand_Product_Size": "Simply Wize Gluten Free Spring Rolls 228g",
    "WOW Price": 8,
    "WOW Size": "228g",
    "WOW ppu": "$3.51 / 100G"
  },
  {
    "Brand_Product_Size": "Mccormicks Grill Mates Tennessee Smokehouse Bbq Rub 40g",
    "WOW Price": 1.5,
    "WOW Size": "40g",
    "WOW ppu": "$0.38 / 10G"
  },
  {
    "Brand_Product_Size": "Lipton Ice Tea Peach 1.5L",
    "WOW Price": 3.95,
    "WOW Size": "1.5L",
    "WOW ppu": "$2.63 / 1L"
  },
  {
    "Brand_Product_Size": "Woolworths Barbecue Sauce Squeeze 500mL",
    "WOW Price": 1.5,
    "WOW Size": "500mL",
    "WOW ppu": "$0.30 / 100ML"
  },
  {
    "Brand_Product_Size": "Mount Franklin Lightly Sparkling Water Bottle 1.25L",
    "WOW Price": 1.95,
    "WOW Size": "1.25L",
    "WOW ppu": "$1.56 / 1L"
  },
  {
    "Brand_Product_Size": "Energizer 364 Battery each",
    "WOW Price": 2.99,
    "WOW Size": "each",
    "WOW ppu": "$2.99 / 1EA"
  },
  {
    "Brand_Product_Size": "Hercules Sustain Compostable Paper Sandwich Sealable Bags 30 pack",
    "WOW Price": 3,
    "WOW Size": "30 pack",
    "WOW ppu": "$0.10 / 1EA"
  },
  {
    "Brand_Product_Size": "Perfect Italiano Parmesan Block 200g",
    "WOW Price": 6,
    "WOW Size": "200g",
    "WOW ppu": "$30.00 / 1KG"
  },
  {
    "Brand_Product_Size": "Perfect Italiano Parmesan Block 200g",
    "WOW Price": 6,
    "WOW Size": "200g",
    "WOW ppu": "$30.00 / 1KG"
  },
  {
    "Brand_Product_Size": "Korbond Kids Favours Srt 2 32g",
    "WOW Price": 2,
    "WOW Size": "32g",
    "WOW ppu": "$2.00 / 1EA"
  },
  {
    "Brand_Product_Size": "Peters Rabbit & Guinea Pig Little Gems Treats 120g",
    "WOW Price": 4.54,
    "WOW Size": "120g",
    "WOW ppu": "$3.78 / 100G"
  },
  {
    "Brand_Product_Size": "Beyblade Hypersphere Assorted each",
    "WOW Price": 14,
    "WOW Size": "each",
    "WOW ppu": ""
  },
  {
    "Brand_Product_Size": "Maynards Wine Gums 39g",
    "WOW Price": 1.4,
    "WOW Size": "39g",
    "WOW ppu": "$3.59 / 100G"
  },
  {
    "Brand_Product_Size": "Barilla Angel Hair Pasta 500g",
    "WOW Price": 2.4,
    "WOW Size": "500g",
    "WOW ppu": "$0.48 / 100G"
  },
  {
    "Brand_Product_Size": "Jeeny's Ingredients Puree Tamarind 220g",
    "WOW Price": 5.2,
    "WOW Size": "220g",
    "WOW ppu": "$2.36 / 100G"
  },
  {
    "Brand_Product_Size": "Spc Spaghetti Rich Tomato Sauce 4x220g",
    "WOW Price": 5,
    "WOW Size": "4x220g",
    "WOW ppu": "$0.57 / 100G"
  },
  {
    "Brand_Product_Size": "Paul Newman's Dressings Classic Salad 250mL",
    "WOW Price": 4,
    "WOW Size": "250mL",
    "WOW ppu": "$1.60 / 100ML"
  },
  {
    "Brand_Product_Size": "Edgell Tomatoes Supreme 300g",
    "WOW Price": 1.4,
    "WOW Size": "300g",
    "WOW ppu": "$4.67 / 1KG"
  },
  {
    "Brand_Product_Size": "Saxa Natural Rock Salt 500g",
    "WOW Price": 2.05,
    "WOW Size": "500g",
    "WOW ppu": "$0.04 / 10G"
  },
  {
    "Brand_Product_Size": "L'oreal Paris Revitalift Facial Serum 30mL",
    "WOW Price": 19.75,
    "WOW Size": "30mL",
    "WOW ppu": "$65.83 / 100ML"
  },
  {
    "Brand_Product_Size": "Mrs H.s.ball's Chutney Original 470g",
    "WOW Price": 5,
    "WOW Size": "470g",
    "WOW ppu": "$10.64 / 1KG"
  },
  {
    "Brand_Product_Size": "Campbell's Country Ladle With Bone Broth Spiced Pumpkin 505g",
    "WOW Price": 3,
    "WOW Size": "505g",
    "WOW ppu": "$0.59 / 100G"
  },
  {
    "Brand_Product_Size": "Biozet Attack Plus Softener Liquid 1L",
    "WOW Price": 12,
    "WOW Size": "1L",
    "WOW ppu": "$12.00 / 1L"
  },
  {
    "Brand_Product_Size": "Wokka Ramen Noodles 400g",
    "WOW Price": 2.7,
    "WOW Size": "400g",
    "WOW ppu": "$0.68 / 100G"
  },
  {
    "Brand_Product_Size": "Crouton Caravan Dressing Olive Oil And Salt 90g",
    "WOW Price": 3.5,
    "WOW Size": "90g",
    "WOW ppu": "$3.89 / 100G"
  },
  {
    "Brand_Product_Size": "Parker's Pretzels Twists Oven Baked Wheat 200g",
    "WOW Price": 2.45,
    "WOW Size": "200g",
    "WOW ppu": "$1.23 / 100G"
  },
  {
    "Brand_Product_Size": "Naty Nappies Bulk Size 3 50 pack",
    "WOW Price": 18,
    "WOW Size": "50 pack",
    "WOW ppu": "$0.36 / 1EA"
  },
  {
    "Brand_Product_Size": "Woolworths Brazil Nuts 150g",
    "WOW Price": 5,
    "WOW Size": "150g",
    "WOW ppu": "$33.33 / 1KG"
  },
  {
    "Brand_Product_Size": "Frankie & Friends Parrot & Peachface Bar Twin Pack 180g",
    "WOW Price": 3.4,
    "WOW Size": "180g",
    "WOW ppu": "$1.89 / 100G"
  },
  {
    "Brand_Product_Size": "Wiltshire Bakeware Enamel Bake Baker 28cm each",
    "WOW Price": 15,
    "WOW Size": "each",
    "WOW ppu": ""
  },
  {
    "Brand_Product_Size": "V8 Original Vegetable Juice 1.25L",
    "WOW Price": 3.5,
    "WOW Size": "1.25L",
    "WOW ppu": "$2.80 / 1L"
  },
  {
    "Brand_Product_Size": "Garnier Olia Permanent Hair Colour 3.16 Deep Violet each",
    "WOW Price": 17,
    "WOW Size": "each",
    "WOW ppu": ""
  },
  {
    "Brand_Product_Size": "L'oreal Wrinkle Expert 35+ 50mL",
    "WOW Price": 15,
    "WOW Size": "50mL",
    "WOW ppu": "$30.00 / 100ML"
  },
  {
    "Brand_Product_Size": "Essentials Porcelain Pitcher each",
    "WOW Price": 10,
    "WOW Size": "each",
    "WOW ppu": ""
  },
  {
    "Brand_Product_Size": "Felix Adult SensationsJellies Favourites Menu Wet Cat Food 85g x12 pack",
    "WOW Price": 11.5,
    "WOW Size": "85g x12 pack",
    "WOW ppu": "$1.13 / 100G"
  },
  {
    "Brand_Product_Size": "Raid Max Crawling Insect Killer 375g",
    "WOW Price": 9,
    "WOW Size": "375g",
    "WOW ppu": "$2.40 / 100G"
  },
  {
    "Brand_Product_Size": "Birds Eye Fish Cakes Oven Fry 300g",
    "WOW Price": 5,
    "WOW Size": "300g",
    "WOW ppu": "$16.67 / 1KG"
  },
  {
    "Brand_Product_Size": "Sharpie S Gel Comfort Grip Pens Medium 4 pack",
    "WOW Price": 8.5,
    "WOW Size": "4 pack",
    "WOW ppu": ""
  },
  {
    "Brand_Product_Size": "Connoisseur Mint With Cookies Ice Cream Tub 1L",
    "WOW Price": 11,
    "WOW Size": "1L",
    "WOW ppu": "$1.10 / 100ML"
  },
  {
    "Brand_Product_Size": "Olive Grove Classic Spread 500g",
    "WOW Price": 3.5,
    "WOW Size": "500g",
    "WOW ppu": "$0.70 / 100G"
  },
  {
    "Brand_Product_Size": "Four Seasons Vegan Intimacy Gel Water Based 200mL",
    "WOW Price": 12.4,
    "WOW Size": "200mL",
    "WOW ppu": "$6.20 / 100ML"
  },
  {
    "Brand_Product_Size": "L'oreal Paris Blush True Match 120 Sandalwood 5g",
    "WOW Price": 13,
    "WOW Size": "5g",
    "WOW ppu": "$26.00 / 10G"
  },
  {
    "Brand_Product_Size": "Haldiram's Rasgulla 1kg",
    "WOW Price": 6,
    "WOW Size": "1kg",
    "WOW ppu": "$0.60 / 100G"
  },
  {
    "Brand_Product_Size": "Twinings Earl Grey Tea Bags 100 pack",
    "WOW Price": 11.2,
    "WOW Size": "100 pack",
    "WOW ppu": "$0.11 / 1EA"
  },
  {
    "Brand_Product_Size": "Twinings Earl Grey Tea Bags 100 pack",
    "WOW Price": 11.2,
    "WOW Size": "100 pack",
    "WOW ppu": "$0.11 / 1EA"
  },
  {
    "Brand_Product_Size": "Bonds Comfy Tops Semi Opaque Knee High Nude 1 Size each",
    "WOW Price": 6,
    "WOW Size": "each",
    "WOW ppu": ""
  },
  {
    "Brand_Product_Size": "Swisse Ultiboost Iron Tabs 30 pack",
    "WOW Price": 10,
    "WOW Size": "30 pack",
    "WOW ppu": "$33.33 / 100EA"
  },
  {
    "Brand_Product_Size": "Essentials Scrubbing Brush With Handle each",
    "WOW Price": 5,
    "WOW Size": "each",
    "WOW ppu": "$5.00 / 1EA"
  },
  {
    "Brand_Product_Size": "South Cape Onion & Chives Cream Cheese 200g",
    "WOW Price": 4.6,
    "WOW Size": "200g",
    "WOW ppu": "$23.00 / 1KG"
  },
  {
    "Brand_Product_Size": "South Cape Onion & Chives Cream Cheese 200g",
    "WOW Price": 4.6,
    "WOW Size": "200g",
    "WOW ppu": "$23.00 / 1KG"
  },
  {
    "Brand_Product_Size": "Chris' Dips French Onion 60g x3 pack",
    "WOW Price": 3,
    "WOW Size": "60g x3 pack",
    "WOW ppu": "$1.67 / 100G"
  },
  {
    "Brand_Product_Size": "Chris' Dips French Onion 60g x3 pack",
    "WOW Price": 3,
    "WOW Size": "60g x3 pack",
    "WOW ppu": "$1.67 / 100G"
  },
  {
    "Brand_Product_Size": "Woolworths Mexican Cheese Blend 250g",
    "WOW Price": 4.2,
    "WOW Size": "250g",
    "WOW ppu": "$16.80 / 1KG"
  },
  {
    "Brand_Product_Size": "Ansell Gloves Super Large Size 9 1 pair",
    "WOW Price": 3.4,
    "WOW Size": "1 pair",
    "WOW ppu": "$3.40 / 1EA"
  },
  {
    "Brand_Product_Size": "Toni & Guy Damage Repair Conditioner For Damaged Hair 250mL",
    "WOW Price": 16,
    "WOW Size": "250mL",
    "WOW ppu": "$6.40 / 100ML"
  },
  {
    "Brand_Product_Size": "Olsent Led Candle Ses 5.5w 480lm Ww 2 pack",
    "WOW Price": 9.5,
    "WOW Size": "2 pack",
    "WOW ppu": "$4.75 / 1EA"
  },
  {
    "Brand_Product_Size": "Little Wishes Suction Bowl With Spoon each",
    "WOW Price": 3,
    "WOW Size": "each",
    "WOW ppu": "$3.00 / 1EA"
  },
  {
    "Brand_Product_Size": "Kan Tong Butter Chicken Cooking Sauce 485g",
    "WOW Price": 3,
    "WOW Size": "485g",
    "WOW ppu": "$0.62 / 100G"
  },
  {
    "Brand_Product_Size": "Ever Green Fresh Egg Noodles 400g",
    "WOW Price": 2.95,
    "WOW Size": "400g",
    "WOW ppu": "$0.74 / 100G"
  },
  {
    "Brand_Product_Size": "Bulla Creamy Classics Neapolitan Tub 2L",
    "WOW Price": 4.25,
    "WOW Size": "2L",
    "WOW ppu": "$0.21 / 100ML"
  },
  {
    "Brand_Product_Size": "Sanitarium Up&go Liquid Breakfast Banana 6 pack",
    "WOW Price": 9.7,
    "WOW Size": "6 pack",
    "WOW ppu": "$6.47 / 1L"
  },
  {
    "Brand_Product_Size": "Sanitarium Up&go Liquid Breakfast Banana 6 pack",
    "WOW Price": 9.7,
    "WOW Size": "6 pack",
    "WOW ppu": "$6.47 / 1L"
  },
  {
    "Brand_Product_Size": "Sour Mash Cocktail Bundle",
    "WOW Price": 64,
    "WOW Size": "",
    "WOW ppu": ""
  },
  {
    "Brand_Product_Size": "Sour Mash Cocktail Bundle",
    "WOW Price": 64,
    "WOW Size": "",
    "WOW ppu": ""
  },
  {
    "Brand_Product_Size": "Mistral 3.5l Air Fryer each",
    "WOW Price": 49,
    "WOW Size": "each",
    "WOW ppu": ""
  },
  {
    "Brand_Product_Size": "Supercoat Adult Sensitive Fish Dry Dog Food 3kg",
    "WOW Price": 15.5,
    "WOW Size": "3kg",
    "WOW ppu": "$0.52 / 100G"
  },
  {
    "Brand_Product_Size": "Mainland On The Go Chilli Jam With Cheddar Slices & Crackers 110g",
    "WOW Price": 4,
    "WOW Size": "110g",
    "WOW ppu": "$36.36 / 1KG"
  },
  {
    "Brand_Product_Size": "Woolworths Barramundi Thawed Fillets per kg",
    "WOW Price": 16,
    "WOW Size": "per kg",
    "WOW ppu": "$16.00 / 1KG"
  },
  {
    "Brand_Product_Size": "Green's Cookies & Cream Cupcakes Mix 380g",
    "WOW Price": 4,
    "WOW Size": "380g",
    "WOW ppu": "$1.05 / 100G"
  },
  {
    "Brand_Product_Size": "Nature's Gift Sustain Healthy Weight Chicken 2.5kg",
    "WOW Price": 9.5,
    "WOW Size": "2.5kg",
    "WOW ppu": "$0.38 / 100G"
  },
  {
    "Brand_Product_Size": "Gatorade No Sugar Berry 600mL",
    "WOW Price": 2.15,
    "WOW Size": "600mL",
    "WOW ppu": "$3.58 / 1L"
  },
  {
    "Brand_Product_Size": "Disney Mother's Day Princess Mug & Sock Set each",
    "WOW Price": 10,
    "WOW Size": "each",
    "WOW ppu": ""
  },
  {
    "Brand_Product_Size": "Nivea Naturally Good Anti Age Night Cream 50mL",
    "WOW Price": 15.4,
    "WOW Size": "50mL",
    "WOW ppu": "$30.80 / 100ML"
  },
  {
    "Brand_Product_Size": "Skin Control Pimple Patch Am & Pm Mixed 36 pack",
    "WOW Price": 9,
    "WOW Size": "36 pack",
    "WOW ppu": "$0.25 / 1EA"
  },
  {
    "Brand_Product_Size": "Birds Eye Corn Kernels Super Sweet 1kg",
    "WOW Price": 4,
    "WOW Size": "1kg",
    "WOW ppu": "$4.00 / 1KG"
  },
  {
    "Brand_Product_Size": "Lean Cuisine Sundried Tomato & Chicken Pasta 375g",
    "WOW Price": 6.7,
    "WOW Size": "375g",
    "WOW ppu": "$1.79 / 100G"
  },
  {
    "Brand_Product_Size": "Zerella Fresh Micro Spud Lite Microwavable 350g",
    "WOW Price": 2,
    "WOW Size": "350g",
    "WOW ppu": "$5.71 / 1KG"
  },
  {
    "Brand_Product_Size": "Essentials Microfibre Tea Towel 40x48cm 5 pack",
    "WOW Price": 4.2,
    "WOW Size": "5 pack",
    "WOW ppu": ""
  },
  {
    "Brand_Product_Size": "San Marino Spicy Chorizo 100g",
    "WOW Price": 5.5,
    "WOW Size": "100g",
    "WOW ppu": "$55.00 / 1KG"
  },
  {
    "Brand_Product_Size": "Exit Mould Bathroom Cleaner Trigger 500mL",
    "WOW Price": 7.5,
    "WOW Size": "500mL",
    "WOW ppu": "$1.50 / 100ML"
  },
  {
    "Brand_Product_Size": "Pedigree Homestyle With Beef Pasta & Veggies Wet Dog Food Can 1.2kg",
    "WOW Price": 3,
    "WOW Size": "1.2kg",
    "WOW ppu": "$0.25 / 100G"
  },
  {
    "Brand_Product_Size": "Bonds Comfy Tops Slimming Sheer Tights Black Med each",
    "WOW Price": 8,
    "WOW Size": "each",
    "WOW ppu": ""
  },
  {
    "Brand_Product_Size": "Olsent Cfl Spiral Bc 23w 1600lm Ww 23 Watt 2 pack",
    "WOW Price": 10,
    "WOW Size": "2 pack",
    "WOW ppu": "$5.00 / 1EA"
  },
  {
    "Brand_Product_Size": "Woolworths Rainbow Coleslaw 300g",
    "WOW Price": 3,
    "WOW Size": "300g",
    "WOW ppu": "$10.00 / 1KG"
  },
  {
    "Brand_Product_Size": "Woolworths Rainbow Coleslaw 300g",
    "WOW Price": 3,
    "WOW Size": "300g",
    "WOW ppu": "$10.00 / 1KG"
  },
  {
    "Brand_Product_Size": "Tena Night Pants Large 12 pack",
    "WOW Price": 13.9,
    "WOW Size": "12 pack",
    "WOW ppu": "$1.16 / 1EA"
  },
  {
    "Brand_Product_Size": "San Remo La Pasta Macaroni Cheese 160g",
    "WOW Price": 2,
    "WOW Size": "160g",
    "WOW ppu": "$1.25 / 100G"
  },
  {
    "Brand_Product_Size": "Sashi's Secret Beef Rendang Curry Kit 385g",
    "WOW Price": 6,
    "WOW Size": "385g",
    "WOW ppu": "$1.56 / 100G"
  },
  {
    "Brand_Product_Size": "Optimum Vitality Salmon Chunks In Jelly Adult Wet Cat Food 85g",
    "WOW Price": 1.3,
    "WOW Size": "85g",
    "WOW ppu": "$1.53 / 100G"
  },
  {
    "Brand_Product_Size": "Hasbro My Little Pony Assorted each",
    "WOW Price": 7,
    "WOW Size": "each",
    "WOW ppu": ""
  },
  {
    "Brand_Product_Size": "Colgate Toothbrush Toothpaste Mouthwash & Floss Travel Pack each",
    "WOW Price": 8,
    "WOW Size": "each",
    "WOW ppu": ""
  },
  {
    "Brand_Product_Size": "Carman's Super Berry & Coconut Gourmet Porridge Sachets 320g",
    "WOW Price": 6,
    "WOW Size": "320g",
    "WOW ppu": "$1.88 / 100G"
  },
  {
    "Brand_Product_Size": "D'orsogna Hungarian Salami 4 pack",
    "WOW Price": 6.5,
    "WOW Size": "4 pack",
    "WOW ppu": "$27.08 / 1KG"
  },
  {
    "Brand_Product_Size": "Felix Adult Doubly Delicious Meat Selection Wet Cat Food 85g x12 pack",
    "WOW Price": 11.5,
    "WOW Size": "85g x12 pack",
    "WOW ppu": "$1.13 / 100G"
  },
  {
    "Brand_Product_Size": "Mint Tea / Coffee Strainer each",
    "WOW Price": 3,
    "WOW Size": "each",
    "WOW ppu": ""
  },
  {
    "Brand_Product_Size": "Brut Deodorant Aerosol Original 150g",
    "WOW Price": 6.3,
    "WOW Size": "150g",
    "WOW ppu": "$2.57 / 100ML"
  },
  {
    "Brand_Product_Size": "Olay Magnemasks Illuminating Sheet Mask each",
    "WOW Price": 7.7,
    "WOW Size": "each",
    "WOW ppu": "$7.70 / 1EA"
  },
  {
    "Brand_Product_Size": "Hellmann's Real Mayo Jar Real Mayonnaise 400g",
    "WOW Price": 5.2,
    "WOW Size": "400g",
    "WOW ppu": "$1.30 / 100G"
  },
  {
    "Brand_Product_Size": "Hellmann's Real Mayo Jar Real Mayonnaise 400g",
    "WOW Price": 5.2,
    "WOW Size": "400g",
    "WOW ppu": "$1.30 / 100G"
  },
  {
    "Brand_Product_Size": "Purina Totalcare Comfort Dog Collar Medium Assorted each",
    "WOW Price": 18,
    "WOW Size": "each",
    "WOW ppu": "$18.00 / 1EA"
  },
  {
    "Brand_Product_Size": "Bulla Choc Bars Malt, Peppermint & Vanilla 10 pack",
    "WOW Price": 5,
    "WOW Size": "10 pack",
    "WOW ppu": "$0.65 / 100ML"
  },
  {
    "Brand_Product_Size": "Sirena Tuna In Oil Italian Style 95g",
    "WOW Price": 2.7,
    "WOW Size": "95g",
    "WOW ppu": "$28.42 / 1KG"
  },
  {
    "Brand_Product_Size": "Cocoa And Caffeine Sweet Delights Bundle",
    "WOW Price": 9.6,
    "WOW Size": "",
    "WOW ppu": ""
  },
  {
    "Brand_Product_Size": "Cocoa And Caffeine Sweet Delights Bundle",
    "WOW Price": 9.6,
    "WOW Size": "",
    "WOW ppu": ""
  },
  {
    "Brand_Product_Size": "Bonds Womens Logo Socks Light No Show Sz 3 Plus 4 pack",
    "WOW Price": 14,
    "WOW Size": "4 pack",
    "WOW ppu": ""
  },
  {
    "Brand_Product_Size": "Macro Organic Royal Gala Apple Punnet 1kg",
    "WOW Price": 5.9,
    "WOW Size": "1kg",
    "WOW ppu": ""
  },
  {
    "Brand_Product_Size": "Macro Organic Royal Gala Apple Punnet 1kg",
    "WOW Price": 5.9,
    "WOW Size": "1kg",
    "WOW ppu": ""
  },
  {
    "Brand_Product_Size": "Little Bellies Organic Animal Biscuits 130g",
    "WOW Price": 4,
    "WOW Size": "130g",
    "WOW ppu": "$3.08 / 100G"
  },
  {
    "Brand_Product_Size": "Little One's Baby Wipes 80 pack",
    "WOW Price": 2,
    "WOW Size": "80 pack",
    "WOW ppu": "$2.50 / 100EA"
  },
  {
    "Brand_Product_Size": "The Natural Paw Company Baked Dog Biscuits Multigrain Dog Bones 500g",
    "WOW Price": 5,
    "WOW Size": "500g",
    "WOW ppu": "$1.00 / 100G"
  },
  {
    "Brand_Product_Size": "Powerade Active Water Mango 600mL",
    "WOW Price": 2.2,
    "WOW Size": "600mL",
    "WOW ppu": "$3.67 / 1L"
  },
  {
    "Brand_Product_Size": "Ingham's Turkey Wing Pieces 1.3kg - 1.9kg",
    "WOW Price": 15.2,
    "WOW Size": "1.3kg - 1.9kg",
    "WOW ppu": "$8.00 / 1KG"
  },
  {
    "Brand_Product_Size": "Frankie & Friends Tidy Bag Refills 4 x25 pack",
    "WOW Price": 4.99,
    "WOW Size": "4 x25 pack",
    "WOW ppu": "$0.04 / 1EA"
  },
  {
    "Brand_Product_Size": "Biopak Bio Paper Straws 40 pack",
    "WOW Price": 2,
    "WOW Size": "40 pack",
    "WOW ppu": "$0.05 / 1EA"
  },
  {
    "Brand_Product_Size": "Woolworths Family Classics Tuna Mornay 1.1kg",
    "WOW Price": 10,
    "WOW Size": "1.1kg",
    "WOW ppu": "$0.91 / 100G"
  },
  {
    "Brand_Product_Size": "Heinz Steam Fresh Beans Broccoli & Sugarsnap 450g",
    "WOW Price": 3.3,
    "WOW Size": "450g",
    "WOW ppu": "$7.33 / 1KG"
  },
  {
    "Brand_Product_Size": "Wizz Fizz Sherbet Original 8 pack",
    "WOW Price": 2,
    "WOW Size": "8 pack",
    "WOW ppu": "$2.00 / 100G"
  },
  {
    "Brand_Product_Size": "Tamar Valley Greek Style Yoghurt 500g",
    "WOW Price": 3.5,
    "WOW Size": "500g",
    "WOW ppu": "$0.70 / 100G"
  },
  {
    "Brand_Product_Size": "Voeu Facial Wipes Normal To Combination Skin 30 pack",
    "WOW Price": 1.8,
    "WOW Size": "30 pack",
    "WOW ppu": "$0.06 / 1EA"
  },
  {
    "Brand_Product_Size": "Mersey Valley Original Spreadable Cheddar Cheese 150g",
    "WOW Price": 4.2,
    "WOW Size": "150g",
    "WOW ppu": "$28.00 / 1KG"
  },
  {
    "Brand_Product_Size": "Mersey Valley Original Spreadable Cheddar Cheese 150g",
    "WOW Price": 4.2,
    "WOW Size": "150g",
    "WOW ppu": "$28.00 / 1KG"
  },
  {
    "Brand_Product_Size": "Continental Soup Sensations Sweet Potato Pumpkin & Caramelised Onion 63g",
    "WOW Price": 2.5,
    "WOW Size": "63g",
    "WOW ppu": "$3.97 / 100G"
  },
  {
    "Brand_Product_Size": "Sistema Laundry Stack & Nest 18.5L",
    "WOW Price": 15,
    "WOW Size": "18.5L",
    "WOW ppu": ""
  },
  {
    "Brand_Product_Size": "Woolworths Thai Basil Fresh Herbs 15g punnet",
    "WOW Price": 3,
    "WOW Size": "15g punnet",
    "WOW ppu": "$2.00 / 10G"
  },
  {
    "Brand_Product_Size": "Woolworths Thai Basil Fresh Herbs 15g punnet",
    "WOW Price": 3,
    "WOW Size": "15g punnet",
    "WOW ppu": "$2.00 / 10G"
  },
  {
    "Brand_Product_Size": "Frico Edam Cheese Mini 80g",
    "WOW Price": 3,
    "WOW Size": "80g",
    "WOW ppu": "$37.50 / 1KG"
  },
  {
    "Brand_Product_Size": "Frico Edam Cheese Mini 80g",
    "WOW Price": 3,
    "WOW Size": "80g",
    "WOW ppu": "$37.50 / 1KG"
  },
  {
    "Brand_Product_Size": "Peters Drumstick Caramel 4 pack",
    "WOW Price": 8.4,
    "WOW Size": "4 pack",
    "WOW ppu": "$1.77 / 100ML"
  },
  {
    "Brand_Product_Size": "Help@hand Make Up Pads 80 pack",
    "WOW Price": 1.5,
    "WOW Size": "80 pack",
    "WOW ppu": "$1.88 / 100EA"
  },
  {
    "Brand_Product_Size": "Podravka Vegeta Vegetable Gourmet Stock Powder 500g",
    "WOW Price": 5.8,
    "WOW Size": "500g",
    "WOW ppu": "$0.12 / 10G"
  },
  {
    "Brand_Product_Size": "Glow Lab Coconut & Sandalwood Body Wash 900mL",
    "WOW Price": 15,
    "WOW Size": "900mL",
    "WOW ppu": "$1.67 / 100ML"
  },
  {
    "Brand_Product_Size": "Logan Farm Chopped Leaf Spinach 250g",
    "WOW Price": 1.8,
    "WOW Size": "250g",
    "WOW ppu": "$7.20 / 1KG"
  },
  {
    "Brand_Product_Size": "Calbee Harvest Snaps Black Bean Sour Cream & Chives 85g",
    "WOW Price": 3,
    "WOW Size": "85g",
    "WOW ppu": "$35.29 / 1KG"
  },
  {
    "Brand_Product_Size": "Little Bellies Gingerbread Men 130g",
    "WOW Price": 4,
    "WOW Size": "130g",
    "WOW ppu": "$3.08 / 100G"
  },
  {
    "Brand_Product_Size": "Maybelline Dream Urban Cover Liquid Foundation - Soft Tan 30mL",
    "WOW Price": 13,
    "WOW Size": "30mL",
    "WOW ppu": "$4.33 / 10ML"
  },
  {
    "Brand_Product_Size": "Cascade Dry Ginger Ale Cans 4x200mL",
    "WOW Price": 2.2,
    "WOW Size": "4x200mL",
    "WOW ppu": "$2.75 / 1L"
  },
  {
    "Brand_Product_Size": "Beef Chuck Steak Medium 400g - 700g",
    "WOW Price": 12.6,
    "WOW Size": "400g - 700g",
    "WOW ppu": "$18.00 / 1KG"
  },
  {
    "Brand_Product_Size": "Head & Shoulders Clean & Balanced Shampoo 660mL",
    "WOW Price": 11.9,
    "WOW Size": "660mL",
    "WOW ppu": "$1.80 / 100ML"
  },
  {
    "Brand_Product_Size": "Finish All In 1 Max Dishwashing Fast Dissolving Gel Lemon 1L",
    "WOW Price": 12,
    "WOW Size": "1L",
    "WOW ppu": "$1.20 / 100ML"
  },
  {
    "Brand_Product_Size": "Fancy Feast Adult Beef, Salmon & Cheese Flavour Dry Cat Food 1.4kg",
    "WOW Price": 15.5,
    "WOW Size": "1.4kg",
    "WOW ppu": "$1.11 / 100G"
  },
  {
    "Brand_Product_Size": "Mccain Mixed Vegetables Peas & Corn 500g",
    "WOW Price": 2.6,
    "WOW Size": "500g",
    "WOW ppu": "$5.20 / 1KG"
  },
  {
    "Brand_Product_Size": "Woolworths Belgian Chocolate Cake Wedge 2 pack",
    "WOW Price": 6,
    "WOW Size": "2 pack",
    "WOW ppu": "$2.40 / 100G"
  },
  {
    "Brand_Product_Size": "Activia Pouch Vanilla 140g",
    "WOW Price": 2.25,
    "WOW Size": "140g",
    "WOW ppu": "$1.61 / 100G"
  },
  {
    "Brand_Product_Size": "Woolworths Indulgent Chocolate & Caramel Cake 400g",
    "WOW Price": 6.5,
    "WOW Size": "400g",
    "WOW ppu": "$1.63 / 100G"
  },
  {
    "Brand_Product_Size": "Cabbage Red whoLe each",
    "WOW Price": 7,
    "WOW Size": "whoLe each",
    "WOW ppu": ""
  },
  {
    "Brand_Product_Size": "Dine Melting Soup Tuna & Chicken Wet Cat Food Treat 40g",
    "WOW Price": 0.7,
    "WOW Size": "40g",
    "WOW ppu": "$1.75 / 100G"
  },
  {
    "Brand_Product_Size": "Hoyt's Parsley 15g",
    "WOW Price": 1.6,
    "WOW Size": "15g",
    "WOW ppu": "$1.07 / 10G"
  },
  {
    "Brand_Product_Size": "Twisties Chicken Snacks 90g",
    "WOW Price": 2,
    "WOW Size": "90g",
    "WOW ppu": "$2.22 / 100G"
  },
  {
    "Brand_Product_Size": "Woolworths Creamy Chicken Bacon & Leek 700g",
    "WOW Price": 13.5,
    "WOW Size": "700g",
    "WOW ppu": "$1.93 / 100G"
  },
  {
    "Brand_Product_Size": "Woolworths Creamy Chicken Bacon & Leek 700g",
    "WOW Price": 13.5,
    "WOW Size": "700g",
    "WOW ppu": "$1.93 / 100G"
  },
  {
    "Brand_Product_Size": "Rafferty's Garden Probiotics Sweet Potato, Carrot & Barley 120g",
    "WOW Price": 1.9,
    "WOW Size": "120g",
    "WOW ppu": "$1.58 / 100G"
  },
  {
    "Brand_Product_Size": "Dynamo Professional Odour Eliminating 3.6L",
    "WOW Price": 24,
    "WOW Size": "3.6L",
    "WOW ppu": "$6.67 / 1L"
  },
  {
    "Brand_Product_Size": "President Le Blue Extra Creamy 120g",
    "WOW Price": 5,
    "WOW Size": "120g",
    "WOW ppu": "$41.67 / 1KG"
  },
  {
    "Brand_Product_Size": "President Le Blue Extra Creamy 120g",
    "WOW Price": 5,
    "WOW Size": "120g",
    "WOW ppu": "$41.67 / 1KG"
  },
  {
    "Brand_Product_Size": "Roast Pork Leg Boneless Small 1.6kg - 2.6kg",
    "WOW Price": 22.1,
    "WOW Size": "1.6kg - 2.6kg",
    "WOW ppu": "$8.50 / 1KG"
  },
  {
    "Brand_Product_Size": "Valcom Paste Thai Green Curry 210g",
    "WOW Price": 3.2,
    "WOW Size": "210g",
    "WOW ppu": "$1.52 / 100G"
  },
  {
    "Brand_Product_Size": "Vitapet Kitchen & Bathroom Odour Control Litter 6L",
    "WOW Price": 11.95,
    "WOW Size": "6L",
    "WOW ppu": "$1.99 / 1L"
  },
  {
    "Brand_Product_Size": "Nutino Hazelnut Spread Spread 750g",
    "WOW Price": 5.5,
    "WOW Size": "750g",
    "WOW ppu": "$0.73 / 100G"
  },
  {
    "Brand_Product_Size": "Nutino Hazelnut Spread Spread 750g",
    "WOW Price": 5.5,
    "WOW Size": "750g",
    "WOW ppu": "$0.73 / 100G"
  },
  {
    "Brand_Product_Size": "Philips Cfl Tornado Cool Daylight 12w Bc Base each",
    "WOW Price": 6.5,
    "WOW Size": "each",
    "WOW ppu": "$6.50 / 1EA"
  },
  {
    "Brand_Product_Size": "Kewpie Japanese Mayonnaise 300g",
    "WOW Price": 3,
    "WOW Size": "300g",
    "WOW ppu": "$1.00 / 100G"
  },
  {
    "Brand_Product_Size": "Advil Minis Liquid Capsules 20 pack",
    "WOW Price": 5.5,
    "WOW Size": "20 pack",
    "WOW ppu": "$0.28 / 1EA"
  },
  {
    "Brand_Product_Size": "Woolworths Spread Olive Oil 500g",
    "WOW Price": 2,
    "WOW Size": "500g",
    "WOW ppu": "$0.40 / 100G"
  },
  {
    "Brand_Product_Size": "Brunnings Tough Lawn Seed 1kg",
    "WOW Price": 12,
    "WOW Size": "1kg",
    "WOW ppu": "$1.20 / 100G"
  },
  {
    "Brand_Product_Size": "Woolworths Chocolate Cream Biscuit 140g",
    "WOW Price": 0.7,
    "WOW Size": "140g",
    "WOW ppu": "$0.50 / 100G"
  },
  {
    "Brand_Product_Size": "Riverland Chicken Shaved 80g",
    "WOW Price": 2,
    "WOW Size": "80g",
    "WOW ppu": "$25.00 / 1KG"
  },
  {
    "Brand_Product_Size": "Cocobella Dairy Free Coconut Yoghurt Natural 900g",
    "WOW Price": 9,
    "WOW Size": "900g",
    "WOW ppu": "$1.00 / 100G"
  },
  {
    "Brand_Product_Size": "Woolworths Market Value Chicken Rissoles With Cheese 500g",
    "WOW Price": 5.8,
    "WOW Size": "500g",
    "WOW ppu": "$11.60 / 1KG"
  },
  {
    "Brand_Product_Size": "Cadbury Old Gold Rum & Raisin Block 315g",
    "WOW Price": 6,
    "WOW Size": "315g",
    "WOW ppu": "$1.90 / 100G"
  },
  {
    "Brand_Product_Size": "Woolworths Potato Egg & Bacon Salad 400g",
    "WOW Price": 5,
    "WOW Size": "400g",
    "WOW ppu": "$1.25 / 100G"
  },
  {
    "Brand_Product_Size": "Hoyt's Oregano 25g",
    "WOW Price": 1.65,
    "WOW Size": "25g",
    "WOW ppu": "$0.66 / 10G"
  },
  {
    "Brand_Product_Size": "Birds Eye Baby Beans 1kg",
    "WOW Price": 4,
    "WOW Size": "1kg",
    "WOW ppu": "$4.00 / 1KG"
  },
  {
    "Brand_Product_Size": "Schwarzkopf Extra Care Strong Styling Hair Spray 200mL",
    "WOW Price": 7,
    "WOW Size": "200mL",
    "WOW ppu": "$3.50 / 100ML"
  },
  {
    "Brand_Product_Size": "Dove Men Dermacare Scalp Anti Dundruff Shampoo 2in1 300mL",
    "WOW Price": 5.5,
    "WOW Size": "300mL",
    "WOW ppu": "$1.83 / 100ML"
  },
  {
    "Brand_Product_Size": "Rexona Women Clinical Summer Strength 180mL",
    "WOW Price": 5,
    "WOW Size": "180mL",
    "WOW ppu": "$2.78 / 100ML"
  },
  {
    "Brand_Product_Size": "Mother's Day Unicorn With Baby each",
    "WOW Price": 15,
    "WOW Size": "each",
    "WOW ppu": ""
  },
  {
    "Brand_Product_Size": "Eclipse Watermelon Mints 40g",
    "WOW Price": 3,
    "WOW Size": "40g",
    "WOW ppu": "$7.50 / 100G"
  },
  {
    "Brand_Product_Size": "Woolworths All Butter Croissants 4 pack",
    "WOW Price": 2.5,
    "WOW Size": "4 pack",
    "WOW ppu": "$0.63 / 1EA"
  },
  {
    "Brand_Product_Size": "Woolworths All Butter Croissants 4 pack",
    "WOW Price": 2.5,
    "WOW Size": "4 pack",
    "WOW ppu": "$0.63 / 1EA"
  },
  {
    "Brand_Product_Size": "Fresh Otto Wurth Frank German Style per kg",
    "WOW Price": 16,
    "WOW Size": "per kg",
    "WOW ppu": "$16.00 / 1KG"
  },
  {
    "Brand_Product_Size": "Beerenberg Relish Burger 260g",
    "WOW Price": 4,
    "WOW Size": "260g",
    "WOW ppu": "$1.54 / 100G"
  },
  {
    "Brand_Product_Size": "Paperclick Scissors Soft Grip 17cm each",
    "WOW Price": 3,
    "WOW Size": "17cm each",
    "WOW ppu": ""
  },
  {
    "Brand_Product_Size": "Bertocchi Mortadella Green Olives Sliced From The Deli per kg",
    "WOW Price": 12.5,
    "WOW Size": "per kg",
    "WOW ppu": "$12.50 / 1KG"
  },
  {
    "Brand_Product_Size": "Little Wishes Suction Plate each",
    "WOW Price": 2,
    "WOW Size": "each",
    "WOW ppu": "$2.00 / 1EA"
  },
  {
    "Brand_Product_Size": "Essentials Pads Regular 20 pack",
    "WOW Price": 1.5,
    "WOW Size": "20 pack",
    "WOW ppu": "$0.08 / 1EA"
  },
  {
    "Brand_Product_Size": "Aussie Bodies Shape Lo Carb Vanilla Milkshake 420g",
    "WOW Price": 25,
    "WOW Size": "420g",
    "WOW ppu": "$5.95 / 100G"
  },
  {
    "Brand_Product_Size": "Mildura Quencher Lemonade Fruit Juice 2L",
    "WOW Price": 4,
    "WOW Size": "2L",
    "WOW ppu": "$2.00 / 1L"
  },
  {
    "Brand_Product_Size": "Glade Gel Decorative Lavender & Vanilla 170g",
    "WOW Price": 3,
    "WOW Size": "170g",
    "WOW ppu": "$0.18 / 10G"
  },
  {
    "Brand_Product_Size": "Woolworths Chocolate Birthday Drip Cake 1.5kg",
    "WOW Price": 25,
    "WOW Size": "1.5kg",
    "WOW ppu": "$1.67 / 100G"
  },
  {
    "Brand_Product_Size": "Vanish Gold Pro Stain Remover Spray 450mL",
    "WOW Price": 7,
    "WOW Size": "450mL",
    "WOW ppu": "$15.56 / 1L"
  },
  {
    "Brand_Product_Size": "Cornwell's Vinegar Malt 750mL",
    "WOW Price": 3.1,
    "WOW Size": "750mL",
    "WOW ppu": "$0.41 / 100ML"
  },
  {
    "Brand_Product_Size": "Elastoplast Weight Crepe Bandage Unstretched Medium 7.5cm x 1.6m",
    "WOW Price": 8.5,
    "WOW Size": "7.5cm x 1.6m",
    "WOW ppu": ""
  },
  {
    "Brand_Product_Size": "Essentials Antiseptic Solution 250mL",
    "WOW Price": 3.65,
    "WOW Size": "250mL",
    "WOW ppu": "$1.46 / 100ML"
  },
  {
    "Brand_Product_Size": "Obento Japanese Noodles Udon 200g",
    "WOW Price": 1.4,
    "WOW Size": "200g",
    "WOW ppu": "$0.70 / 100G"
  },
  {
    "Brand_Product_Size": "V-soy Milk-multi Grain 300mL",
    "WOW Price": 1.3,
    "WOW Size": "300mL",
    "WOW ppu": "$0.43 / 100ML"
  },
  {
    "Brand_Product_Size": "Ufc Canned Bean Sprouts 410g",
    "WOW Price": 2.3,
    "WOW Size": "410g",
    "WOW ppu": "$5.61 / 1KG"
  },
  {
    "Brand_Product_Size": "Primo Kransky Double Smoked From The Deli per kg",
    "WOW Price": 17,
    "WOW Size": "per kg",
    "WOW ppu": "$17.00 / 1KG"
  },
  {
    "Brand_Product_Size": "Cuddly Concentrate Fabric Softener Charcoal & Lime 900mL",
    "WOW Price": 9,
    "WOW Size": "900mL",
    "WOW ppu": "$10.00 / 1L"
  },
  {
    "Brand_Product_Size": "Woolworths Cook Roast Beef With Onion & Garlic Gravy 500g",
    "WOW Price": 12,
    "WOW Size": "500g",
    "WOW ppu": "$24.00 / 1KG"
  },
  {
    "Brand_Product_Size": "Devondale Skim Long Life Milk 1L",
    "WOW Price": 1.45,
    "WOW Size": "1L",
    "WOW ppu": "$1.45 / 1L"
  },
  {
    "Brand_Product_Size": "Devondale Skim Long Life Milk 1L",
    "WOW Price": 1.45,
    "WOW Size": "1L",
    "WOW ppu": "$1.45 / 1L"
  },
  {
    "Brand_Product_Size": "Revlon Colorstay Brow Makeup Pencil Dark Brown 0.35g",
    "WOW Price": 11.5,
    "WOW Size": "0.35g",
    "WOW ppu": "$328.57 / 10G"
  },
  {
    "Brand_Product_Size": "Dishmatic Micro- Soft Refills 3 pack",
    "WOW Price": 5,
    "WOW Size": "3 pack",
    "WOW ppu": "$1.67 / 1EA"
  },
  {
    "Brand_Product_Size": "Dermal Therapy Lip Balm 10g",
    "WOW Price": 5,
    "WOW Size": "10g",
    "WOW ppu": "$5.00 / 10G"
  },
  {
    "Brand_Product_Size": "Vanish Napisan Oxi Action Stain Remover Powder 2kg",
    "WOW Price": 13,
    "WOW Size": "2kg",
    "WOW ppu": "$6.50 / 1KG"
  },
  {
    "Brand_Product_Size": "Windex Multi-purpose Surface & Glass Cleaner Mountain Fresh 750mL",
    "WOW Price": 4.8,
    "WOW Size": "750mL",
    "WOW ppu": "$0.64 / 100ML"
  },
  {
    "Brand_Product_Size": "Pureharvest Almond Quench 1L",
    "WOW Price": 2,
    "WOW Size": "1L",
    "WOW ppu": "$2.00 / 1L"
  },
  {
    "Brand_Product_Size": "Pureharvest Almond Quench 1L",
    "WOW Price": 2,
    "WOW Size": "1L",
    "WOW ppu": "$2.00 / 1L"
  },
  {
    "Brand_Product_Size": "Bosisto's Nasal Inhaler Eucalyptus 1g",
    "WOW Price": 4.8,
    "WOW Size": "1g",
    "WOW ppu": "$48.00 / 10G"
  },
  {
    "Brand_Product_Size": "So Delicious Nutmilk Salted Caramel Bliss 150g",
    "WOW Price": 1.75,
    "WOW Size": "150g",
    "WOW ppu": "$1.17 / 100G"
  },
  {
    "Brand_Product_Size": "Praise Caesar Salad Croutons 150g",
    "WOW Price": 4,
    "WOW Size": "150g",
    "WOW ppu": "$2.67 / 100G"
  },
  {
    "Brand_Product_Size": "Avofresh Chunky Avocado Garlic & Coriander 160g tub",
    "WOW Price": 5.5,
    "WOW Size": "160g tub",
    "WOW ppu": "$3.44 / 100G"
  },
  {
    "Brand_Product_Size": "Avofresh Chunky Avocado Garlic & Coriander 160g tub",
    "WOW Price": 5.5,
    "WOW Size": "160g tub",
    "WOW ppu": "$3.44 / 100G"
  },
  {
    "Brand_Product_Size": "Sun Maid California Pitted Prunes 225g",
    "WOW Price": 3.8,
    "WOW Size": "225g",
    "WOW ppu": "$16.89 / 1KG"
  },
  {
    "Brand_Product_Size": "Garnier Fructis Coconut Water Conditioner 315mL",
    "WOW Price": 7,
    "WOW Size": "315mL",
    "WOW ppu": "$2.22 / 100ML"
  },
  {
    "Brand_Product_Size": "U By Kotex Sport Ultrathin Super 10 pack",
    "WOW Price": 3.6,
    "WOW Size": "10 pack",
    "WOW ppu": "$0.36 / 1EA"
  },
  {
    "Brand_Product_Size": "Fitness Outcomes Open Chicken Burrito 350g",
    "WOW Price": 9,
    "WOW Size": "350g",
    "WOW ppu": "$2.57 / 100G"
  },
  {
    "Brand_Product_Size": "Woolworths Chicken Rscpa Approved Chicken Wings 1.5kg - 1.9kg",
    "WOW Price": 14.25,
    "WOW Size": "1.5kg - 1.9kg",
    "WOW ppu": "$7.50 / 1KG"
  },
  {
    "Brand_Product_Size": "Oral-b 5 Way Clean Toothbrush 3 pack",
    "WOW Price": 10,
    "WOW Size": "3 pack",
    "WOW ppu": "$3.33 / 1EA"
  },
  {
    "Brand_Product_Size": "Maybelline Dream Urban Cover Liquid Foundation - Classic Ivory 30mL",
    "WOW Price": 13,
    "WOW Size": "30mL",
    "WOW ppu": "$4.33 / 10ML"
  },
  {
    "Brand_Product_Size": "Oreo Cookie Strawberry 133g",
    "WOW Price": 1.5,
    "WOW Size": "133g",
    "WOW ppu": "$1.13 / 100G"
  },
  {
    "Brand_Product_Size": "Oral-b Gum Care & Sensitive Repair Toothpaste 110g",
    "WOW Price": 7,
    "WOW Size": "110g",
    "WOW ppu": "$6.36 / 100G"
  },
  {
    "Brand_Product_Size": "Allen's Minties Mint Chew Lollies Bag 150g",
    "WOW Price": 3,
    "WOW Size": "150g",
    "WOW ppu": "$2.00 / 100G"
  },
  {
    "Brand_Product_Size": "Aeroplane Dessert Mix Vanilla 100g",
    "WOW Price": 1.1,
    "WOW Size": "100g",
    "WOW ppu": "$1.10 / 100G"
  },
  {
    "Brand_Product_Size": "Devondale Mozzarella Cheese Block 550g",
    "WOW Price": 7.5,
    "WOW Size": "550g",
    "WOW ppu": "$13.64 / 1KG"
  },
  {
    "Brand_Product_Size": "Tradie Mens Brief L 4 pack",
    "WOW Price": 16,
    "WOW Size": "4 pack",
    "WOW ppu": ""
  },
  {
    "Brand_Product_Size": "Vetta Microwave Ready Pasta Classic Macaroni 150g",
    "WOW Price": 2,
    "WOW Size": "150g",
    "WOW ppu": "$1.33 / 100G"
  },
  {
    "Brand_Product_Size": "Munchme Roasted Almond 120g",
    "WOW Price": 5.5,
    "WOW Size": "120g",
    "WOW ppu": "$4.58 / 100G"
  },
  {
    "Brand_Product_Size": "Chan's Yum Cha Vegan Fried Gyoza 300g",
    "WOW Price": 6.3,
    "WOW Size": "300g",
    "WOW ppu": "$2.10 / 100G"
  },
  {
    "Brand_Product_Size": "Angas Park Fruit Mix Medley 375g",
    "WOW Price": 8.4,
    "WOW Size": "375g",
    "WOW ppu": "$22.40 / 1KG"
  },
  {
    "Brand_Product_Size": "L'oreal Revitalift Laser Day Cream Spf 15 50mL",
    "WOW Price": 28.5,
    "WOW Size": "50mL",
    "WOW ppu": "$57.00 / 100ML"
  },
  {
    "Brand_Product_Size": "Bonds Boys Briefs 4 To 8 4 pack",
    "WOW Price": 10.5,
    "WOW Size": "4 pack",
    "WOW ppu": "$2.63 / 1EA"
  },
  {
    "Brand_Product_Size": "Woolworths Smiling Tums 6 Months+ Apple & Banana Fruit Custard 120g",
    "WOW Price": 1,
    "WOW Size": "120g",
    "WOW ppu": "$0.83 / 100G"
  },
  {
    "Brand_Product_Size": "Mcobeauty Sophie Monk Pout Gloss Lullaby (morocco Shade) 6mL",
    "WOW Price": 6,
    "WOW Size": "6mL",
    "WOW ppu": "$10.00 / 10ML"
  },
  {
    "Brand_Product_Size": "Inspire Speckle Mug Assorted each",
    "WOW Price": 3,
    "WOW Size": "each",
    "WOW ppu": ""
  },
  {
    "Brand_Product_Size": "Azure Wipes Anti Bacterial Sensitive 30 pack",
    "WOW Price": 2.4,
    "WOW Size": "30 pack",
    "WOW ppu": "$0.08 / 1EA"
  },
  {
    "Brand_Product_Size": "Azure Wipes Anti Bacterial Sensitive 30 pack",
    "WOW Price": 2.4,
    "WOW Size": "30 pack",
    "WOW ppu": "$0.08 / 1EA"
  },
  {
    "Brand_Product_Size": "Heinz Apple & Oatmeal Baby Food Jar 6+ Months 170g",
    "WOW Price": 1.5,
    "WOW Size": "170g",
    "WOW ppu": "$0.88 / 100G"
  },
  {
    "Brand_Product_Size": "Trident Dates Pitted 600g",
    "WOW Price": 4.3,
    "WOW Size": "600g",
    "WOW ppu": "$7.17 / 1KG"
  },
  {
    "Brand_Product_Size": "Schweppes Lemonade Cans 10 x375mL",
    "WOW Price": 12.4,
    "WOW Size": "10 x375mL",
    "WOW ppu": "$3.31 / 1L"
  },
  {
    "Brand_Product_Size": "Mcobeauty More Brows Brush On Fibre Gel Light/medium each",
    "WOW Price": 7,
    "WOW Size": "each",
    "WOW ppu": "$20.00 / 10ML"
  },
  {
    "Brand_Product_Size": "Ingham's Free Range Breast Fillet With Ciabatta Parsley Crumb 300g",
    "WOW Price": 6,
    "WOW Size": "300g",
    "WOW ppu": "$20.00 / 1KG"
  },
  {
    "Brand_Product_Size": "Spc Tropics Pineapple Pieces In Juice 227g",
    "WOW Price": 1.5,
    "WOW Size": "227g",
    "WOW ppu": "$6.61 / 1KG"
  },
  {
    "Brand_Product_Size": "Mcvitie's Hobnobs 300g",
    "WOW Price": 1.5,
    "WOW Size": "300g",
    "WOW ppu": "$0.50 / 100G"
  },
  {
    "Brand_Product_Size": "Woolworths Belgian Chocolate Layer Cake 170g",
    "WOW Price": 5.5,
    "WOW Size": "170g",
    "WOW ppu": "$3.24 / 100G"
  },
  {
    "Brand_Product_Size": "Femfresh Intimate Hygiene Feminine Wipes 20 pack",
    "WOW Price": 5.2,
    "WOW Size": "20 pack",
    "WOW ppu": "$0.26 / 1EA"
  },
  {
    "Brand_Product_Size": "Uncle Tobys Le Snak Nacho Cheese Dip & Crackers 6 pack",
    "WOW Price": 4.7,
    "WOW Size": "6 pack",
    "WOW ppu": "$3.56 / 100G"
  },
  {
    "Brand_Product_Size": "Woolworths Medium Salsa 300g",
    "WOW Price": 1.5,
    "WOW Size": "300g",
    "WOW ppu": "$0.50 / 100G"
  },
  {
    "Brand_Product_Size": "Glad Garbage Bags Tuff Stuff Drawstring 56l 20 pack",
    "WOW Price": 6.8,
    "WOW Size": "20 pack",
    "WOW ppu": "$0.34 / 1EA"
  },
  {
    "Brand_Product_Size": "Revlon Color Stay Brow Pencil Soft Brown each",
    "WOW Price": 11.5,
    "WOW Size": "each",
    "WOW ppu": "$328.57 / 10G"
  },
  {
    "Brand_Product_Size": "Puregg Simply Egg Whites 500g",
    "WOW Price": 5.5,
    "WOW Size": "500g",
    "WOW ppu": "$1.10 / 100G"
  },
  {
    "Brand_Product_Size": "Connoisseur Ice Cream Raspberry White Chocolate 1L tub",
    "WOW Price": 11,
    "WOW Size": "1L tub",
    "WOW ppu": "$1.10 / 100ML"
  },
  {
    "Brand_Product_Size": "Woolworths Free From Gluten Sourdough Seeded Vienna 400g",
    "WOW Price": 6,
    "WOW Size": "400g",
    "WOW ppu": "$1.50 / 100G"
  },
  {
    "Brand_Product_Size": "Oscar Orsen Kids One Touch Hair Clip Assorted 10 pack",
    "WOW Price": 4.5,
    "WOW Size": "10 pack",
    "WOW ppu": ""
  },
  {
    "Brand_Product_Size": "Samyang Ramen Hot Chicken Cheese 5 pack",
    "WOW Price": 8,
    "WOW Size": "5 pack",
    "WOW ppu": "$1.14 / 100G"
  },
  {
    "Brand_Product_Size": "Post-it Page Markers Neon 5 pack",
    "WOW Price": 3.5,
    "WOW Size": "5 pack",
    "WOW ppu": ""
  },
  {
    "Brand_Product_Size": "Macro Organic Corn Chips Spicy Bbq 200g",
    "WOW Price": 2.5,
    "WOW Size": "200g",
    "WOW ppu": "$1.25 / 100G"
  },
  {
    "Brand_Product_Size": "Uncle Tobys Rolled Oats Big Bowl Quick Sachets Banana & Honey 8 pack",
    "WOW Price": 5,
    "WOW Size": "8 pack",
    "WOW ppu": "$1.36 / 100G"
  },
  {
    "Brand_Product_Size": "Sargents Premium Vegetable Pie 4 pack",
    "WOW Price": 8.5,
    "WOW Size": "4 pack",
    "WOW ppu": "$1.21 / 100G"
  },
  {
    "Brand_Product_Size": "Woolworths Apple Sauce 370g",
    "WOW Price": 1.8,
    "WOW Size": "370g",
    "WOW ppu": "$0.49 / 100G"
  },
  {
    "Brand_Product_Size": "Green's Muffins Savoury Mix 500g",
    "WOW Price": 4,
    "WOW Size": "500g",
    "WOW ppu": "$0.80 / 100G"
  },
  {
    "Brand_Product_Size": "Double D Butter Candy Sugar Free 90g bag",
    "WOW Price": 2,
    "WOW Size": "90g bag",
    "WOW ppu": "$2.22 / 100G"
  },
  {
    "Brand_Product_Size": "Wallaby Nutty Bites Vanilla 130g",
    "WOW Price": 4.5,
    "WOW Size": "130g",
    "WOW ppu": "$3.46 / 100G"
  },
  {
    "Brand_Product_Size": "Primo Danish Salami 80g",
    "WOW Price": 3.25,
    "WOW Size": "80g",
    "WOW ppu": "$40.63 / 1KG"
  },
  {
    "Brand_Product_Size": "Primo Danish Salami 80g",
    "WOW Price": 3.25,
    "WOW Size": "80g",
    "WOW ppu": "$40.63 / 1KG"
  },
  {
    "Brand_Product_Size": "Grinders Coffee Capsules Crema Caffitaly System 10 pack",
    "WOW Price": 6,
    "WOW Size": "10 pack",
    "WOW ppu": "$0.60 / 1EA"
  },
  {
    "Brand_Product_Size": "Grinders Coffee Capsules Crema Caffitaly System 10 pack",
    "WOW Price": 6,
    "WOW Size": "10 pack",
    "WOW ppu": "$0.60 / 1EA"
  },
  {
    "Brand_Product_Size": "Creative Gourmet Frozen Pineapple Pieces 500g",
    "WOW Price": 4.5,
    "WOW Size": "500g",
    "WOW ppu": "$9.00 / 1KG"
  },
  {
    "Brand_Product_Size": "Bickford's Peach Tea Cordial 750mL",
    "WOW Price": 4,
    "WOW Size": "750mL",
    "WOW ppu": "$5.33 / 1L"
  },
  {
    "Brand_Product_Size": "Kellogg's Frosties Breakfast Cereal 350g",
    "WOW Price": 4.95,
    "WOW Size": "350g",
    "WOW ppu": "$1.41 / 100G"
  },
  {
    "Brand_Product_Size": "Method Anti-bacterial Kitchen Cleaner Sunny Citrus 490mL",
    "WOW Price": 4.5,
    "WOW Size": "490mL",
    "WOW ppu": "$0.92 / 100ML"
  },
  {
    "Brand_Product_Size": "Birch & Waite Parsley Dill & Tarragon Seafood Sauce 250mL",
    "WOW Price": 4.2,
    "WOW Size": "250mL",
    "WOW ppu": "$1.68 / 100ML"
  },
  {
    "Brand_Product_Size": "Woolworths Greek Mix 120g",
    "WOW Price": 3.5,
    "WOW Size": "120g",
    "WOW ppu": "$2.92 / 100G"
  },
  {
    "Brand_Product_Size": "Akin Avocado & Calendula Daily Shine Conditioner 500mL",
    "WOW Price": 18.85,
    "WOW Size": "500mL",
    "WOW ppu": "$3.77 / 100ML"
  },
  {
    "Brand_Product_Size": "Mama Bowl Noodles each",
    "WOW Price": 2.8,
    "WOW Size": "each",
    "WOW ppu": "$4.31 / 100G"
  },
  {
    "Brand_Product_Size": "Flora Proactiv Light Margarine 750g",
    "WOW Price": 10.6,
    "WOW Size": "750g",
    "WOW ppu": "$1.41 / 100G"
  },
  {
    "Brand_Product_Size": "Scholl Gelactiv Insoles Women's Sport 1 pair",
    "WOW Price": 19.6,
    "WOW Size": "1 pair",
    "WOW ppu": ""
  },
  {
    "Brand_Product_Size": "Essentials Kitchen Manchester Oven Glove Plain each",
    "WOW Price": 4,
    "WOW Size": "each",
    "WOW ppu": "$4.00 / 1EA"
  },
  {
    "Brand_Product_Size": "Cover Girl Lash Blast Volume Mascara 800 Very Black each",
    "WOW Price": 9.5,
    "WOW Size": "each",
    "WOW ppu": "$7.25 / 10ML"
  },
  {
    "Brand_Product_Size": "Loacker Quadratini Wafers Vanilla 125g",
    "WOW Price": 2,
    "WOW Size": "125g",
    "WOW ppu": "$1.60 / 100G"
  },
  {
    "Brand_Product_Size": "Pauls Low Fat Chocolate Mousse 2 pack",
    "WOW Price": 2,
    "WOW Size": "2 pack",
    "WOW ppu": "$1.61 / 100G"
  },
  {
    "Brand_Product_Size": "Macro Organic Creamy Soy Milk 1L",
    "WOW Price": 2,
    "WOW Size": "1L",
    "WOW ppu": "$2.00 / 1L"
  },
  {
    "Brand_Product_Size": "Kleenex Viva Paper Towel White 360 Sheets 6 pack",
    "WOW Price": 8,
    "WOW Size": "6 pack",
    "WOW ppu": "$2.22 / 100SS"
  },
  {
    "Brand_Product_Size": "Woolworths Vegetable & Ricotta Lasagne 350g",
    "WOW Price": 7.5,
    "WOW Size": "350g",
    "WOW ppu": "$2.14 / 100G"
  },
  {
    "Brand_Product_Size": "Total Care Tasty Chew Heartwormer & Allwormer For Medium Dogs 3 pack",
    "WOW Price": 25,
    "WOW Size": "3 pack",
    "WOW ppu": "$8.33 / 1EA"
  },
  {
    "Brand_Product_Size": "Essentials Laundry Liquid 2L",
    "WOW Price": 1.49,
    "WOW Size": "2L",
    "WOW ppu": "$0.75 / 1L"
  },
  {
    "Brand_Product_Size": "Woolworths Grass Fed Beef Eye Fillet Steak 320g",
    "WOW Price": 20.5,
    "WOW Size": "320g",
    "WOW ppu": "$64.06 / 1KG"
  },
  {
    "Brand_Product_Size": "Woolworths Lamb Midloin Chops 9-12 Pieces 800g - 1.1kg",
    "WOW Price": 29.7,
    "WOW Size": "800g - 1.1kg",
    "WOW ppu": "$27.00 / 1KG"
  },
  {
    "Brand_Product_Size": "Ayam Coconut Cream 400mL",
    "WOW Price": 3.5,
    "WOW Size": "400mL",
    "WOW ppu": "$0.88 / 100ML"
  },
  {
    "Brand_Product_Size": "Essentials Steam Iron each",
    "WOW Price": 12,
    "WOW Size": "each",
    "WOW ppu": ""
  },
  {
    "Brand_Product_Size": "Mint Non-stick Coating Muffin Pan 12 Cups each",
    "WOW Price": 6.4,
    "WOW Size": "each",
    "WOW ppu": ""
  },
  {
    "Brand_Product_Size": "Woolworths Belgian Chocolate Lava Cake 2 Pack 180g",
    "WOW Price": 4,
    "WOW Size": "180g",
    "WOW ppu": "$2.22 / 100G"
  },
  {
    "Brand_Product_Size": "Nakula Vanilla Coconut Yoghurt 500g",
    "WOW Price": 6,
    "WOW Size": "500g",
    "WOW ppu": "$1.20 / 100G"
  },
  {
    "Brand_Product_Size": "Hovex Insect Control Moth Balls 27g",
    "WOW Price": 3.6,
    "WOW Size": "27g",
    "WOW ppu": "$1.33 / 10G"
  },
  {
    "Brand_Product_Size": "Essentials Blue Toilet Cleaner Block In Cistern 150g",
    "WOW Price": 1.7,
    "WOW Size": "150g",
    "WOW ppu": "$1.13 / 100G"
  },
  {
    "Brand_Product_Size": "Voeu Facial Wipes Sensitive Skin 30 pack",
    "WOW Price": 1.8,
    "WOW Size": "30 pack",
    "WOW ppu": "$0.06 / 1EA"
  },
  {
    "Brand_Product_Size": "Box Mixers Classic Margarita 750mL",
    "WOW Price": 3.75,
    "WOW Size": "750mL",
    "WOW ppu": "$5.00 / 1L"
  },
  {
    "Brand_Product_Size": "Woolworths Rspca Approved Fresh Chicken Thigh Fillets Skinless Tray 1kg - 1.7kg",
    "WOW Price": 20.4,
    "WOW Size": "1kg - 1.7kg",
    "WOW ppu": "$12.00 / 1KG"
  },
  {
    "Brand_Product_Size": "Original Source Body Wash Lime 250mL",
    "WOW Price": 3.5,
    "WOW Size": "250mL",
    "WOW ppu": "$1.40 / 100ML"
  },
  {
    "Brand_Product_Size": "Bosisto's Aroma Sleep Mist 125mL",
    "WOW Price": 12,
    "WOW Size": "125mL",
    "WOW ppu": "$9.60 / 100ML"
  },
  {
    "Brand_Product_Size": "Bodiez Protein Water Berry Optimum 500mL",
    "WOW Price": 3.85,
    "WOW Size": "500mL",
    "WOW ppu": "$0.77 / 100ML"
  },
  {
    "Brand_Product_Size": "Waxworks Insect Control Citronella Oil 1L",
    "WOW Price": 5.75,
    "WOW Size": "1L",
    "WOW ppu": "$0.58 / 100ML"
  },
  {
    "Brand_Product_Size": "Baby Bellies Organic Sweet Potato Pick-up Sticks 16g",
    "WOW Price": 3.5,
    "WOW Size": "16g",
    "WOW ppu": "$21.88 / 100G"
  },
  {
    "Brand_Product_Size": "Buderim Ginger Cordial 750mL",
    "WOW Price": 4,
    "WOW Size": "750mL",
    "WOW ppu": "$5.33 / 1L"
  },
  {
    "Brand_Product_Size": "Polident Whitening Daily Cleanser For Dentures 66 pack",
    "WOW Price": 10,
    "WOW Size": "66 pack",
    "WOW ppu": "$0.15 / 1EA"
  },
  {
    "Brand_Product_Size": "Woolworths Diced Italian Tomatoes 800g",
    "WOW Price": 1.5,
    "WOW Size": "800g",
    "WOW ppu": "$1.88 / 1KG"
  },
  {
    "Brand_Product_Size": "Woolworths Lamb Mince 500g",
    "WOW Price": 8,
    "WOW Size": "500g",
    "WOW ppu": "$16.00 / 1KG"
  },
  {
    "Brand_Product_Size": "Green's Trolls Learn To Bake Vanilla Cupcake Mix 280g",
    "WOW Price": 4,
    "WOW Size": "280g",
    "WOW ppu": "$1.43 / 100G"
  },
  {
    "Brand_Product_Size": "Regal Vita Mince Chicken With Salmon & Tumeric Pet Food 8 x90g",
    "WOW Price": 6,
    "WOW Size": "8 x90g",
    "WOW ppu": "$0.83 / 100G"
  },
  {
    "Brand_Product_Size": "Lipton Ice Tea Raspberry 1.5L",
    "WOW Price": 3.95,
    "WOW Size": "1.5L",
    "WOW ppu": "$2.63 / 1L"
  },
  {
    "Brand_Product_Size": "Woolworths Broccoli Chinese bunch",
    "WOW Price": 2.5,
    "WOW Size": "bunch",
    "WOW ppu": ""
  },
  {
    "Brand_Product_Size": "Macro Free Range Chicken Roasting Portions Portugese Style 1kg - 1.3kg",
    "WOW Price": 12.35,
    "WOW Size": "1kg - 1.3kg",
    "WOW ppu": "$9.50 / 1KG"
  },
  {
    "Brand_Product_Size": "Total Care Cuddlechews Dog Toy each",
    "WOW Price": 15,
    "WOW Size": "each",
    "WOW ppu": "$15.00 / 1EA"
  },
  {
    "Brand_Product_Size": "Sargents Pies Chunky Beef Royale 4 pack",
    "WOW Price": 8.5,
    "WOW Size": "4 pack",
    "WOW ppu": "$1.21 / 100G"
  },
  {
    "Brand_Product_Size": "Berretta Prosciutto Di Parma 85g",
    "WOW Price": 8.5,
    "WOW Size": "85g",
    "WOW ppu": "$100.00 / 1KG"
  },
  {
    "Brand_Product_Size": "Mint Toothpicks Holder 300 pack",
    "WOW Price": 3,
    "WOW Size": "300 pack",
    "WOW ppu": ""
  },
  {
    "Brand_Product_Size": "Dove Restoring Ritual Shampoo 320mL",
    "WOW Price": 4.9,
    "WOW Size": "320mL",
    "WOW ppu": "$1.53 / 100ML"
  },
  {
    "Brand_Product_Size": "Macro Pink Lady Apple Organic 1kg punnet",
    "WOW Price": 5.9,
    "WOW Size": "1kg punnet",
    "WOW ppu": "$5.90 / 1KG"
  },
  {
    "Brand_Product_Size": "Macro Pink Lady Apple Organic 1kg punnet",
    "WOW Price": 5.9,
    "WOW Size": "1kg punnet",
    "WOW ppu": "$5.90 / 1KG"
  },
  {
    "Brand_Product_Size": "Woolworths Lamb Shoulder Roast 1kg - 2kg",
    "WOW Price": 26,
    "WOW Size": "1kg - 2kg",
    "WOW ppu": "$13.00 / 1KG"
  },
  {
    "Brand_Product_Size": "Perfection Mix A Mato Mini Tomatoes 320g",
    "WOW Price": 5.9,
    "WOW Size": "320g",
    "WOW ppu": "$18.44 / 1KG"
  },
  {
    "Brand_Product_Size": "Poise Incontinence Pads Extra Plus Absorbency 20 pack",
    "WOW Price": 10,
    "WOW Size": "20 pack",
    "WOW ppu": "$0.50 / 1EA"
  },
  {
    "Brand_Product_Size": "Buontempo Gluten & Wheat Free Pasta Penne Pasta 500g",
    "WOW Price": 3.4,
    "WOW Size": "500g",
    "WOW ppu": "$0.68 / 100G"
  },
  {
    "Brand_Product_Size": "Maybelline Lash Sensational Sky High Mascara Black Washable each",
    "WOW Price": 12.5,
    "WOW Size": "each",
    "WOW ppu": "$17.36 / 10ML"
  },
  {
    "Brand_Product_Size": "Fab Essential Oils Cherry Blossom & Green Tea Laundry Powder 1.8kg",
    "WOW Price": 6,
    "WOW Size": "1.8kg",
    "WOW ppu": "$3.33 / 1KG"
  },
  {
    "Brand_Product_Size": "Darikay Lentil Soup 550g",
    "WOW Price": 6.5,
    "WOW Size": "550g",
    "WOW ppu": "$1.18 / 100G"
  },
  {
    "Brand_Product_Size": "Primo Ham Shredded Twin Pack 300g",
    "WOW Price": 4.6,
    "WOW Size": "300g",
    "WOW ppu": "$15.33 / 1KG"
  },
  {
    "Brand_Product_Size": "Wallaby Chocolate Bites Orange Almond & Coconut 150g",
    "WOW Price": 5,
    "WOW Size": "150g",
    "WOW ppu": "$3.33 / 100G"
  },
  {
    "Brand_Product_Size": "For Her Crew Socks Black Size 9-11 5 pack",
    "WOW Price": 7,
    "WOW Size": "5 pack",
    "WOW ppu": ""
  },
  {
    "Brand_Product_Size": "Bakery Du Jour Brioche Burger Buns 4 pack",
    "WOW Price": 2.7,
    "WOW Size": "4 pack",
    "WOW ppu": "$0.68 / 1EA"
  },
  {
    "Brand_Product_Size": "Essentials Plastic Food Cover each",
    "WOW Price": 2,
    "WOW Size": "each",
    "WOW ppu": ""
  },
  {
    "Brand_Product_Size": "Essentials Paper Side Uncoated 20 pack",
    "WOW Price": 1.5,
    "WOW Size": "20 pack",
    "WOW ppu": "$0.08 / 1EA"
  },
  {
    "Brand_Product_Size": "Air Wick Essential Oil Freshmatic Refill Lavender 174g",
    "WOW Price": 8,
    "WOW Size": "174g",
    "WOW ppu": "$4.60 / 100G"
  },
  {
    "Brand_Product_Size": "Elastoplast Sensitive Sterile Dressing 5 pack",
    "WOW Price": 6,
    "WOW Size": "5 pack",
    "WOW ppu": "$6.00 / 1EA"
  },
  {
    "Brand_Product_Size": "Roundup Garden Weed Killer Fast Action 1L",
    "WOW Price": 21,
    "WOW Size": "1L",
    "WOW ppu": "$2.10 / 100ML"
  },
  {
    "Brand_Product_Size": "Lavazza Qualita Oro Coffee Beans 1kg",
    "WOW Price": 21,
    "WOW Size": "1kg",
    "WOW ppu": "$2.10 / 100G"
  },
  {
    "Brand_Product_Size": "Lavazza Qualita Oro Coffee Beans 1kg",
    "WOW Price": 21,
    "WOW Size": "1kg",
    "WOW ppu": "$2.10 / 100G"
  },
  {
    "Brand_Product_Size": "Magnum White Chocolate & Cookies Tub 440mL",
    "WOW Price": 9,
    "WOW Size": "440mL",
    "WOW ppu": "$2.05 / 100ML"
  },
  {
    "Brand_Product_Size": "Vege Chips Sweet & Sour 100g",
    "WOW Price": 1.9,
    "WOW Size": "100g",
    "WOW ppu": "$1.90 / 100G"
  },
  {
    "Brand_Product_Size": "Veet Spawax Warm Kit Lily & Sugar 150g",
    "WOW Price": 35,
    "WOW Size": "150g",
    "WOW ppu": "$23.33 / 100G"
  },
  {
    "Brand_Product_Size": "Aussie Frozen Fruit 100% Australian Mangoes 400g",
    "WOW Price": 6,
    "WOW Size": "400g",
    "WOW ppu": "$15.00 / 1KG"
  },
  {
    "Brand_Product_Size": "Cancer Council Spf 50+ Sunscreen Ultra 75mL",
    "WOW Price": 10.49,
    "WOW Size": "75mL",
    "WOW ppu": "$13.99 / 100ML"
  },
  {
    "Brand_Product_Size": "Coca-cola No Sugarvanilla Soft Drink Bottle 600mL",
    "WOW Price": 3.65,
    "WOW Size": "600mL",
    "WOW ppu": "$6.08 / 1L"
  },
  {
    "Brand_Product_Size": "Woolworths Cook Slow Cooked Butterflied Beef 700g",
    "WOW Price": 16,
    "WOW Size": "700g",
    "WOW ppu": "$22.86 / 1KG"
  },
  {
    "Brand_Product_Size": "Mayver's Crunchy Peanut Butter 750g",
    "WOW Price": 8.5,
    "WOW Size": "750g",
    "WOW ppu": "$1.13 / 100G"
  },
  {
    "Brand_Product_Size": "Woolworths Banana Bread Slices 5 pack",
    "WOW Price": 4.5,
    "WOW Size": "5 pack",
    "WOW ppu": "$0.90 / 100G"
  },
  {
    "Brand_Product_Size": "Woolworths Banana Bread Slices 5 pack",
    "WOW Price": 4.5,
    "WOW Size": "5 pack",
    "WOW ppu": "$0.90 / 100G"
  },
  {
    "Brand_Product_Size": "Woolworths Banana Bread Slices 5 pack",
    "WOW Price": 4.5,
    "WOW Size": "5 pack",
    "WOW ppu": "$0.90 / 100G"
  },
  {
    "Brand_Product_Size": "Lucas' Papaw Lip Care Ointment 25g",
    "WOW Price": 6,
    "WOW Size": "25g",
    "WOW ppu": "$24.00 / 100G"
  },
  {
    "Brand_Product_Size": "Woolworths Vanilla Cupcakes With Buttercream Frosting 9 pack",
    "WOW Price": 8,
    "WOW Size": "9 pack",
    "WOW ppu": "$0.89 / 1EA"
  },
  {
    "Brand_Product_Size": "Table Of Plenty Mini Rice Snacks Chocolate Cakes 60g",
    "WOW Price": 3.6,
    "WOW Size": "60g",
    "WOW ppu": "$6.00 / 100G"
  },
  {
    "Brand_Product_Size": "Bulla Creamy Classics Ice Cream Rich Choc Chip 2L tub",
    "WOW Price": 4.25,
    "WOW Size": "2L tub",
    "WOW ppu": "$0.21 / 100ML"
  },
  {
    "Brand_Product_Size": "Macro Mini Organic Apple 1kg",
    "WOW Price": 6.9,
    "WOW Size": "1kg",
    "WOW ppu": "$6.90 / 1KG"
  },
  {
    "Brand_Product_Size": "Macro Mini Organic Apple 1kg",
    "WOW Price": 6.9,
    "WOW Size": "1kg",
    "WOW ppu": "$6.90 / 1KG"
  },
  {
    "Brand_Product_Size": "Bonds 100 Crew Socks Size 6-12m & 1-2y each",
    "WOW Price": 5.4,
    "WOW Size": "each",
    "WOW ppu": ""
  },
  {
    "Brand_Product_Size": "Golden Circle Golden Pash Fruit Drink 24x250mL",
    "WOW Price": 12.9,
    "WOW Size": "24x250mL",
    "WOW ppu": "$2.15 / 1L"
  },
  {
    "Brand_Product_Size": "Golden Circle Golden Pash Fruit Drink 24x250mL",
    "WOW Price": 12.9,
    "WOW Size": "24x250mL",
    "WOW ppu": "$2.15 / 1L"
  },
  {
    "Brand_Product_Size": "Peters Drumstick Mini Boysen Berry Swirl 6 pack",
    "WOW Price": 8.4,
    "WOW Size": "6 pack",
    "WOW ppu": "$1.75 / 100ML"
  },
  {
    "Brand_Product_Size": "Go Natural Hiprotein Almond Apricot Bar 60g",
    "WOW Price": 3,
    "WOW Size": "60g",
    "WOW ppu": "$5.00 / 100G"
  },
  {
    "Brand_Product_Size": "Gillette Skinguard Razor Starter Kit each",
    "WOW Price": 21.6,
    "WOW Size": "each",
    "WOW ppu": "$21.60 / 1EA"
  },
  {
    "Brand_Product_Size": "Woolworths Kids Jumbo Chalk 10 pack",
    "WOW Price": 2.5,
    "WOW Size": "10 pack",
    "WOW ppu": ""
  },
  {
    "Brand_Product_Size": "Hedy's Quiche Spinach & Feta 1.1kg",
    "WOW Price": 13.5,
    "WOW Size": "1.1kg",
    "WOW ppu": "$1.23 / 100G"
  },
  {
    "Brand_Product_Size": "Hedy's Quiche Spinach & Feta 1.1kg",
    "WOW Price": 13.5,
    "WOW Size": "1.1kg",
    "WOW ppu": "$1.23 / 100G"
  },
  {
    "Brand_Product_Size": "Essentials Serviettes White 1 Ply 500 pack",
    "WOW Price": 4.5,
    "WOW Size": "500 pack",
    "WOW ppu": "$0.01 / 1EA"
  },
  {
    "Brand_Product_Size": "Spirax Pocket Notebook 76x112mm Assorted Colours 112pg each",
    "WOW Price": 3.75,
    "WOW Size": "112pg each",
    "WOW ppu": ""
  },
  {
    "Brand_Product_Size": "D'orsogna Flame Roasted Kansas Style Smokey Caramel Streaky Bacon 200g",
    "WOW Price": 4.5,
    "WOW Size": "200g",
    "WOW ppu": "$22.50 / 1KG"
  },
  {
    "Brand_Product_Size": "Nivea Rich Nourishing Body Lotion Moisturiser+almond Oil 400mL",
    "WOW Price": 6.4,
    "WOW Size": "400mL",
    "WOW ppu": "$1.60 / 100ML"
  },
  {
    "Brand_Product_Size": "Strike Multipurpose Cleaner Vanilla & Pomegranate 750mL",
    "WOW Price": 1.8,
    "WOW Size": "750mL",
    "WOW ppu": "$0.24 / 100ML"
  },
  {
    "Brand_Product_Size": "Canon Pg640xl + Cl641xl Value Pack each",
    "WOW Price": 68,
    "WOW Size": "each",
    "WOW ppu": ""
  },
  {
    "Brand_Product_Size": "Sonic B Honest True Wireless Earphones each",
    "WOW Price": 40,
    "WOW Size": "each",
    "WOW ppu": ""
  },
  {
    "Brand_Product_Size": "Nivea Men Cool Kick Aerosol Antiperspirant Deodorant 250mL",
    "WOW Price": 6.5,
    "WOW Size": "250mL",
    "WOW ppu": "$2.60 / 100ML"
  },
  {
    "Brand_Product_Size": "Macro Free Range Chicken Thigh Fillet 700g - 1.25kg",
    "WOW Price": 18.75,
    "WOW Size": "700g - 1.25kg",
    "WOW ppu": "$15.00 / 1KG"
  },
  {
    "Brand_Product_Size": "Woolworths Garlic Clove 3 pack",
    "WOW Price": 3,
    "WOW Size": "3 pack",
    "WOW ppu": "$1.00 / 1EA"
  },
  {
    "Brand_Product_Size": "Daily Juice Orange Juice Pulp Free 500mL",
    "WOW Price": 2.4,
    "WOW Size": "500mL",
    "WOW ppu": "$4.80 / 1L"
  },
  {
    "Brand_Product_Size": "Mission Naan Bread Plain 4 pack 280g",
    "WOW Price": 3.8,
    "WOW Size": "4 pack 280g",
    "WOW ppu": "$1.36 / 100G"
  },
  {
    "Brand_Product_Size": "Macro Linseed 500g",
    "WOW Price": 3.3,
    "WOW Size": "500g",
    "WOW ppu": "$0.66 / 100G"
  },
  {
    "Brand_Product_Size": "Little Wishes Bottle Brush each",
    "WOW Price": 6,
    "WOW Size": "each",
    "WOW ppu": "$6.00 / 1EA"
  },
  {
    "Brand_Product_Size": "U By Kotex Sport Ultrathin Regular 12 pack",
    "WOW Price": 3.6,
    "WOW Size": "12 pack",
    "WOW ppu": "$0.30 / 1EA"
  },
  {
    "Brand_Product_Size": "Finish Dishwashing Rinse Aid Liquid Regular 250mL",
    "WOW Price": 3.6,
    "WOW Size": "250mL",
    "WOW ppu": "$1.44 / 100ML"
  },
  {
    "Brand_Product_Size": "Biopak Biocan Bowls 10 pack",
    "WOW Price": 2.5,
    "WOW Size": "10 pack",
    "WOW ppu": "$0.25 / 1EA"
  },
  {
    "Brand_Product_Size": "Woolworths Salad Kits Buffalo Style 340g",
    "WOW Price": 5,
    "WOW Size": "340g",
    "WOW ppu": "$14.71 / 1KG"
  },
  {
    "Brand_Product_Size": "Woolworths Salad Kits Buffalo Style 340g",
    "WOW Price": 5,
    "WOW Size": "340g",
    "WOW ppu": "$14.71 / 1KG"
  },
  {
    "Brand_Product_Size": "Herbert Adams Beef & Camembert Pie 2 pack",
    "WOW Price": 7.8,
    "WOW Size": "2 pack",
    "WOW ppu": "$1.95 / 100G"
  },
  {
    "Brand_Product_Size": "Uncle Tobys Roll-ups Rainbow Berry 6 pack",
    "WOW Price": 4,
    "WOW Size": "6 pack",
    "WOW ppu": "$4.26 / 100G"
  },
  {
    "Brand_Product_Size": "Uncle Tobys Roll-ups Rainbow Berry 6 pack",
    "WOW Price": 4,
    "WOW Size": "6 pack",
    "WOW ppu": "$4.26 / 100G"
  },
  {
    "Brand_Product_Size": "Masterfoods All Purpose Seasoning 65g",
    "WOW Price": 2.35,
    "WOW Size": "65g",
    "WOW ppu": "$0.36 / 10G"
  },
  {
    "Brand_Product_Size": "Mersey Valley Cheddar Cheese Smoky Bacon Flavour 235g",
    "WOW Price": 5.5,
    "WOW Size": "235g",
    "WOW ppu": "$23.40 / 1KG"
  },
  {
    "Brand_Product_Size": "Mersey Valley Cheddar Cheese Smoky Bacon Flavour 235g",
    "WOW Price": 5.5,
    "WOW Size": "235g",
    "WOW ppu": "$23.40 / 1KG"
  },
  {
    "Brand_Product_Size": "Cracker Barrel Infused Smoked 130g",
    "WOW Price": 5.15,
    "WOW Size": "130g",
    "WOW ppu": "$39.62 / 1KG"
  },
  {
    "Brand_Product_Size": "Cracker Barrel Infused Smoked 130g",
    "WOW Price": 5.15,
    "WOW Size": "130g",
    "WOW ppu": "$39.62 / 1KG"
  },
  {
    "Brand_Product_Size": "Don Premium Butcher's Style Rindless Bacon 200g",
    "WOW Price": 6,
    "WOW Size": "200g",
    "WOW ppu": "$30.00 / 1KG"
  },
  {
    "Brand_Product_Size": "Woolworths Lamb Rump Steak Medium 400g - 700g",
    "WOW Price": 19.6,
    "WOW Size": "400g - 700g",
    "WOW ppu": "$28.00 / 1KG"
  },
  {
    "Brand_Product_Size": "Paperclick Aspirational Notebook each",
    "WOW Price": 6,
    "WOW Size": "each",
    "WOW ppu": ""
  },
  {
    "Brand_Product_Size": "Eylure Lashes Definition No 121 each",
    "WOW Price": 6.49,
    "WOW Size": "each",
    "WOW ppu": "$6.49 / 1EA"
  },
  {
    "Brand_Product_Size": "Woolworths Strawberry Creme Wafers 125g",
    "WOW Price": 0.57,
    "WOW Size": "125g",
    "WOW ppu": "$0.46 / 100G"
  },
  {
    "Brand_Product_Size": "Beerenberg Hot Tomato Chutney 260g",
    "WOW Price": 4.3,
    "WOW Size": "260g",
    "WOW ppu": "$1.65 / 100G"
  },
  {
    "Brand_Product_Size": "Rockstar Silver Ice 500mL",
    "WOW Price": 2.15,
    "WOW Size": "500mL",
    "WOW ppu": "$4.30 / 1L"
  },
  {
    "Brand_Product_Size": "Woolworths Mushroom Sliced 500g",
    "WOW Price": 6,
    "WOW Size": "500g",
    "WOW ppu": "$12.00 / 1KG"
  },
  {
    "Brand_Product_Size": "Local Legends Wagyu Beef 50g",
    "WOW Price": 5.5,
    "WOW Size": "50g",
    "WOW ppu": "$11.00 / 100G"
  },
  {
    "Brand_Product_Size": "Veeda Natural Cotton Liners Thin 40 pack",
    "WOW Price": 2.4,
    "WOW Size": "40 pack",
    "WOW ppu": "$0.06 / 1EA"
  },
  {
    "Brand_Product_Size": "Dettol Parents Approved Citrus Handwash 250mL",
    "WOW Price": 3,
    "WOW Size": "250mL",
    "WOW ppu": "$1.20 / 100ML"
  },
  {
    "Brand_Product_Size": "Oakwood Wood Wipes 20 pack",
    "WOW Price": 5,
    "WOW Size": "20 pack",
    "WOW ppu": "$0.25 / 1EA"
  },
  {
    "Brand_Product_Size": "Smash Glass Barista Buddy Buddy each",
    "WOW Price": 6,
    "WOW Size": "each",
    "WOW ppu": ""
  },
  {
    "Brand_Product_Size": "Skittles Fruits 380g",
    "WOW Price": 6,
    "WOW Size": "380g",
    "WOW ppu": "$1.58 / 100G"
  },
  {
    "Brand_Product_Size": "Perfect Italiano Shaved Parmesan 125g",
    "WOW Price": 3.25,
    "WOW Size": "125g",
    "WOW ppu": "$26.00 / 1KG"
  },
  {
    "Brand_Product_Size": "Perfect Italiano Shaved Parmesan 125g",
    "WOW Price": 3.25,
    "WOW Size": "125g",
    "WOW ppu": "$26.00 / 1KG"
  },
  {
    "Brand_Product_Size": "Woolworths Raspberry Lamington Bites 9 pack",
    "WOW Price": 3,
    "WOW Size": "9 pack",
    "WOW ppu": "$1.43 / 100G"
  },
  {
    "Brand_Product_Size": "Hygiene Plus Sustain Food Handling Powdered Disposable Gloves 100 pack",
    "WOW Price": 19.5,
    "WOW Size": "100 pack",
    "WOW ppu": "$0.20 / 1EA"
  },
  {
    "Brand_Product_Size": "Woolworths Kiwi Fruit Gold each",
    "WOW Price": 1.16,
    "WOW Size": "each",
    "WOW ppu": "$1.16 / 1EA"
  },
  {
    "Brand_Product_Size": "Primo Stackers Chicken Breast With Cheddar Cheese & Crackers 45g",
    "WOW Price": 4,
    "WOW Size": "45g",
    "WOW ppu": "$88.89 / 1KG"
  },
  {
    "Brand_Product_Size": "Daily Juice Nourish Immunity 1L",
    "WOW Price": 5,
    "WOW Size": "1L",
    "WOW ppu": "$5.00 / 1L"
  },
  {
    "Brand_Product_Size": "Woolworths Light Thickened Cream 600mL",
    "WOW Price": 3,
    "WOW Size": "600mL",
    "WOW ppu": "$0.50 / 100ML"
  },
  {
    "Brand_Product_Size": "Old Spice Deodorant Roll On Stick Original 92g",
    "WOW Price": 5.5,
    "WOW Size": "92g",
    "WOW ppu": "$5.98 / 100G"
  },
  {
    "Brand_Product_Size": "Woolworths Mixed Gourmet Olives 110g",
    "WOW Price": 3.5,
    "WOW Size": "110g",
    "WOW ppu": "$3.18 / 100G"
  },
  {
    "Brand_Product_Size": "Sunsilk Total Care 2 In 1 Shampoo 350mL",
    "WOW Price": 5.5,
    "WOW Size": "350mL",
    "WOW ppu": "$1.57 / 100ML"
  },
  {
    "Brand_Product_Size": "Woolworths Naked Burrito Kit 500g",
    "WOW Price": 8,
    "WOW Size": "500g",
    "WOW ppu": "$1.60 / 100G"
  },
  {
    "Brand_Product_Size": "Woolworths Italian Style Fennel Pork Sausages 500g",
    "WOW Price": 8.5,
    "WOW Size": "500g",
    "WOW ppu": "$17.00 / 1KG"
  },
  {
    "Brand_Product_Size": "Armada Small Kitchen Tidy Bag 40 pack",
    "WOW Price": 2,
    "WOW Size": "40 pack",
    "WOW ppu": "$0.05 / 1EA"
  },
  {
    "Brand_Product_Size": "Fry's 100% Vegan Brioche Burger Buns 4 pack",
    "WOW Price": 5,
    "WOW Size": "4 pack",
    "WOW ppu": "$2.00 / 100G"
  },
  {
    "Brand_Product_Size": "Mandarin Imperial each",
    "WOW Price": 0.41,
    "WOW Size": "each",
    "WOW ppu": "$0.41 / 1EA"
  },
  {
    "Brand_Product_Size": "Mandarin Imperial each",
    "WOW Price": 0.41,
    "WOW Size": "each",
    "WOW ppu": "$0.41 / 1EA"
  },
  {
    "Brand_Product_Size": "L'or Lungo Profondo Coffee Capsules 20 pack",
    "WOW Price": 8.8,
    "WOW Size": "20 pack",
    "WOW ppu": "$0.44 / 1EA"
  },
  {
    "Brand_Product_Size": "L'or Lungo Profondo Coffee Capsules 20 pack",
    "WOW Price": 8.8,
    "WOW Size": "20 pack",
    "WOW ppu": "$0.44 / 1EA"
  },
  {
    "Brand_Product_Size": "Ratsak Rat & Mouse Baits Double Strength 350g",
    "WOW Price": 7.7,
    "WOW Size": "350g",
    "WOW ppu": "$2.20 / 100G"
  },
  {
    "Brand_Product_Size": "Smith's Potato Chips Snack Mix Variety Multipack 20 pack",
    "WOW Price": 5.5,
    "WOW Size": "20 pack",
    "WOW ppu": "$1.39 / 100G"
  },
  {
    "Brand_Product_Size": "Fancy Feast Classic Ocean Whitefish Tuna Gravy Grilled Wet Cat Food 85g",
    "WOW Price": 1.45,
    "WOW Size": "85g",
    "WOW ppu": "$1.71 / 100G"
  },
  {
    "Brand_Product_Size": "Strength Meals Co Lemon Herb Chicken 350g",
    "WOW Price": 9,
    "WOW Size": "350g",
    "WOW ppu": "$2.57 / 100G"
  },
  {
    "Brand_Product_Size": "Seriously Low Carb Chocolate Cake & Cupcake Mix 250g",
    "WOW Price": 7.5,
    "WOW Size": "250g",
    "WOW ppu": "$3.00 / 100G"
  },
  {
    "Brand_Product_Size": "Maximus Sports Drink Grape Flavour 1L",
    "WOW Price": 2.15,
    "WOW Size": "1L",
    "WOW ppu": "$2.15 / 1L"
  },
  {
    "Brand_Product_Size": "Aussie Frozen Fruit 100% Australian Strawberries 400g",
    "WOW Price": 6,
    "WOW Size": "400g",
    "WOW ppu": "$15.00 / 1KG"
  },
  {
    "Brand_Product_Size": "Woolworths Fresh Pink Lady Apples 1kg",
    "WOW Price": 4.5,
    "WOW Size": "1kg",
    "WOW ppu": "$4.50 / 1KG"
  },
  {
    "Brand_Product_Size": "Woolworths Fresh Pink Lady Apples 1kg",
    "WOW Price": 4.5,
    "WOW Size": "1kg",
    "WOW ppu": "$4.50 / 1KG"
  },
  {
    "Brand_Product_Size": "Dove Nutritive Solutions Shampoo Intensive Repair 320mL",
    "WOW Price": 4.9,
    "WOW Size": "320mL",
    "WOW ppu": "$1.53 / 100ML"
  },
  {
    "Brand_Product_Size": "Woolworths Shredded Iceberg Lettuce 200g",
    "WOW Price": 2,
    "WOW Size": "200g",
    "WOW ppu": "$10.00 / 1KG"
  },
  {
    "Brand_Product_Size": "Woolworths Shredded Iceberg Lettuce 200g",
    "WOW Price": 2,
    "WOW Size": "200g",
    "WOW ppu": "$10.00 / 1KG"
  },
  {
    "Brand_Product_Size": "Woolworths Shredded Iceberg Lettuce 200g",
    "WOW Price": 2,
    "WOW Size": "200g",
    "WOW ppu": "$10.00 / 1KG"
  },
  {
    "Brand_Product_Size": "4 Legs Angus Beef Meatballs 1.3kg",
    "WOW Price": 7.5,
    "WOW Size": "1.3kg",
    "WOW ppu": "$0.58 / 100G"
  },
  {
    "Brand_Product_Size": "Tamar Valley Yoghurt Pouch Raspberry 110g",
    "WOW Price": 1.8,
    "WOW Size": "110g",
    "WOW ppu": "$1.64 / 100G"
  },
  {
    "Brand_Product_Size": "Birds Eye Country Harvest Garden Mix Snap Frozen 1kg",
    "WOW Price": 5,
    "WOW Size": "1kg",
    "WOW ppu": "$5.00 / 1KG"
  },
  {
    "Brand_Product_Size": "Rafferty's Garden Snack Apple Fruit Bars 8 pack",
    "WOW Price": 3.5,
    "WOW Size": "8 pack",
    "WOW ppu": "$2.73 / 100G"
  },
  {
    "Brand_Product_Size": "Leggos Fresh Pasta Sauce Bolognese 450g",
    "WOW Price": 5.5,
    "WOW Size": "450g",
    "WOW ppu": "$1.22 / 100G"
  },
  {
    "Brand_Product_Size": "Kanzi Apple 1kg punnet",
    "WOW Price": 6.5,
    "WOW Size": "1kg punnet",
    "WOW ppu": "$6.50 / 1KG"
  },
  {
    "Brand_Product_Size": "Kanzi Apple 1kg punnet",
    "WOW Price": 6.5,
    "WOW Size": "1kg punnet",
    "WOW ppu": "$6.50 / 1KG"
  },
  {
    "Brand_Product_Size": "Glad Wavetop Garbage Bag 80 Litres 30 pack",
    "WOW Price": 8,
    "WOW Size": "30 pack",
    "WOW ppu": "$0.27 / 1EA"
  },
  {
    "Brand_Product_Size": "Woolworths Cook Stir-fry Traditional Vegetables 400g",
    "WOW Price": 4,
    "WOW Size": "400g",
    "WOW ppu": "$10.00 / 1KG"
  },
  {
    "Brand_Product_Size": "Kiwi Shoe Care Sports Whitener 75mL",
    "WOW Price": 4.85,
    "WOW Size": "75mL",
    "WOW ppu": "$6.47 / 100ML"
  },
  {
    "Brand_Product_Size": "Peters Maxibon Monster Cookie 4 pack",
    "WOW Price": 5,
    "WOW Size": "4 pack",
    "WOW ppu": "$0.81 / 100ML"
  },
  {
    "Brand_Product_Size": "Mcobeauty Ultra Stay Liquid Matte Dusty Rose 4.8mL",
    "WOW Price": 8,
    "WOW Size": "4.8mL",
    "WOW ppu": "$16.67 / 10ML"
  },
  {
    "Brand_Product_Size": "Well Naturally Bars Mint Chocolate Sugar Free 90g",
    "WOW Price": 3.5,
    "WOW Size": "90g",
    "WOW ppu": "$3.89 / 100G"
  },
  {
    "Brand_Product_Size": "White Wings Cake Mix Milk Chocolate 530g",
    "WOW Price": 3,
    "WOW Size": "530g",
    "WOW ppu": "$0.57 / 100G"
  },
  {
    "Brand_Product_Size": "Bundaberg Diet Ginger Beer 750mL",
    "WOW Price": 3.15,
    "WOW Size": "750mL",
    "WOW ppu": "$4.20 / 1L"
  },
  {
    "Brand_Product_Size": "Nair Hair Removal Cream Shower Power Max 312g",
    "WOW Price": 15.5,
    "WOW Size": "312g",
    "WOW ppu": "$4.97 / 100G"
  },
  {
    "Brand_Product_Size": "Woolworths Natural Plain Waffle Cones 12 pack",
    "WOW Price": 3.2,
    "WOW Size": "12 pack",
    "WOW ppu": "$1.88 / 100G"
  },
  {
    "Brand_Product_Size": "Dollar Sweets Non Artificial Food Colours 8 pack",
    "WOW Price": 10,
    "WOW Size": "8 pack",
    "WOW ppu": "$12.50 / 100ML"
  },
  {
    "Brand_Product_Size": "Uncle Tobys Oat Slice Peanut Butter 4 pack",
    "WOW Price": 2.75,
    "WOW Size": "4 pack",
    "WOW ppu": "$1.96 / 100G"
  },
  {
    "Brand_Product_Size": "Uncle Tobys Oat Slice Peanut Butter 4 pack",
    "WOW Price": 2.75,
    "WOW Size": "4 pack",
    "WOW ppu": "$1.96 / 100G"
  },
  {
    "Brand_Product_Size": "Fruit For Life Mango Dried 150g",
    "WOW Price": 4.8,
    "WOW Size": "150g",
    "WOW ppu": "$32.00 / 1KG"
  },
  {
    "Brand_Product_Size": "Old El Paso Gluten Free Enchilada Kit 518g",
    "WOW Price": 7,
    "WOW Size": "518g",
    "WOW ppu": "$1.35 / 100G"
  },
  {
    "Brand_Product_Size": "San Remo Gluten Free Brown Rice Penne 250g",
    "WOW Price": 4.2,
    "WOW Size": "250g",
    "WOW ppu": "$1.68 / 100G"
  },
  {
    "Brand_Product_Size": "Bisto Granules Gravy Chicken 170g",
    "WOW Price": 6,
    "WOW Size": "170g",
    "WOW ppu": "$3.53 / 100G"
  },
  {
    "Brand_Product_Size": "Purina Pixar Dory Cat Toy each",
    "WOW Price": 15,
    "WOW Size": "each",
    "WOW ppu": "$15.00 / 1EA"
  },
  {
    "Brand_Product_Size": "Ocean Spray Fruit Sauce Cranberry Jellied 275g",
    "WOW Price": 3.6,
    "WOW Size": "275g",
    "WOW ppu": "$1.31 / 100G"
  },
  {
    "Brand_Product_Size": "Veet Cold Hair Removal Wax Strips 40 pack",
    "WOW Price": 17,
    "WOW Size": "40 pack",
    "WOW ppu": "$0.43 / 1EA"
  },
  {
    "Brand_Product_Size": "Huggies Baby Wipes Cucumber & Aloe 80 pack",
    "WOW Price": 4,
    "WOW Size": "80 pack",
    "WOW ppu": "$5.00 / 100EA"
  },
  {
    "Brand_Product_Size": "Method All Purpose Cleaner Pink Grapefruit 490mL",
    "WOW Price": 4.5,
    "WOW Size": "490mL",
    "WOW ppu": "$0.92 / 100ML"
  },
  {
    "Brand_Product_Size": "Farmers Own Full Cream Milk 1L",
    "WOW Price": 2.1,
    "WOW Size": "1L",
    "WOW ppu": "$2.10 / 1L"
  },
  {
    "Brand_Product_Size": "Vegeta Chicken Stock Cubes 60g",
    "WOW Price": 2,
    "WOW Size": "60g",
    "WOW ppu": "$0.33 / 10G"
  },
  {
    "Brand_Product_Size": "Fropro Singles Salted Caramel 4 pack",
    "WOW Price": 10,
    "WOW Size": "4 pack",
    "WOW ppu": "$2.50 / 100ML"
  },
  {
    "Brand_Product_Size": "Eylure Dybrow Permanent Tint Dye Kit Black each",
    "WOW Price": 10,
    "WOW Size": "each",
    "WOW ppu": "$10.00 / 1EA"
  },
  {
    "Brand_Product_Size": "Felix As Good As It Looks Kitten Menus Jelly Wet Cat Food 85g x12 pack",
    "WOW Price": 11.5,
    "WOW Size": "85g x12 pack",
    "WOW ppu": "$1.13 / 100G"
  },
  {
    "Brand_Product_Size": "Red Kellys Dressings Sweet Chilli & Lime 250mL",
    "WOW Price": 4,
    "WOW Size": "250mL",
    "WOW ppu": "$1.60 / 100ML"
  },
  {
    "Brand_Product_Size": "Sistema Plasticware Dressing Pot To Go each",
    "WOW Price": 5,
    "WOW Size": "each",
    "WOW ppu": ""
  },
  {
    "Brand_Product_Size": "Maybelline Color Sensational Lipstick Plum 4.2g",
    "WOW Price": 10,
    "WOW Size": "4.2g",
    "WOW ppu": "$23.81 / 10G"
  },
  {
    "Brand_Product_Size": "Mcobeauty Blush Duo Berry Rush 10g",
    "WOW Price": 6,
    "WOW Size": "10g",
    "WOW ppu": "$6.00 / 10G"
  },
  {
    "Brand_Product_Size": "Tommee Tippee Advanced Sensitive Soother 6-18 Months 2 pack",
    "WOW Price": 8.4,
    "WOW Size": "2 pack",
    "WOW ppu": "$8.40 / 1EA"
  },
  {
    "Brand_Product_Size": "Applaws Cat Pot Chicken & Duck 60g",
    "WOW Price": 2.1,
    "WOW Size": "60g",
    "WOW ppu": "$3.50 / 100G"
  },
  {
    "Brand_Product_Size": "Continental Cup A Soup Classic Spring Vegetable 4 pack",
    "WOW Price": 2,
    "WOW Size": "4 pack",
    "WOW ppu": "$3.33 / 100G"
  },
  {
    "Brand_Product_Size": "Undo Stain Blaster Laundry Liquid 2L",
    "WOW Price": 16,
    "WOW Size": "2L",
    "WOW ppu": "$8.00 / 1L"
  },
  {
    "Brand_Product_Size": "Masterfoods Creamy Herb Garlic Potato Bake 175g",
    "WOW Price": 2.2,
    "WOW Size": "175g",
    "WOW ppu": "$1.26 / 100G"
  },
  {
    "Brand_Product_Size": "Vitapet Jerhigh Treat Real Chicken Bacon 100g",
    "WOW Price": 4.9,
    "WOW Size": "100g",
    "WOW ppu": "$4.90 / 100G"
  },
  {
    "Brand_Product_Size": "Woolworths Cranberries 150g",
    "WOW Price": 2.2,
    "WOW Size": "150g",
    "WOW ppu": "$14.67 / 1KG"
  },
  {
    "Brand_Product_Size": "Olsent Cfl Spiral Bc 20w 1400lm Cw 20w 2 pack",
    "WOW Price": 10,
    "WOW Size": "2 pack",
    "WOW ppu": "$5.00 / 1EA"
  },
  {
    "Brand_Product_Size": "Maggi Pad Thai Stir Fry Infusion 150g",
    "WOW Price": 3,
    "WOW Size": "150g",
    "WOW ppu": "$2.00 / 100G"
  },
  {
    "Brand_Product_Size": "Essentials Paper Plate Uncoated 20 pack",
    "WOW Price": 1.5,
    "WOW Size": "20 pack",
    "WOW ppu": "$0.08 / 1EA"
  },
  {
    "Brand_Product_Size": "Natural Ceramic Grinder Himalayan Rock Salt 100g",
    "WOW Price": 4.5,
    "WOW Size": "100g",
    "WOW ppu": "$0.45 / 10G"
  },
  {
    "Brand_Product_Size": "Bakers South African Lemon Cream Biscuits 200g",
    "WOW Price": 3.5,
    "WOW Size": "200g",
    "WOW ppu": "$1.75 / 100G"
  },
  {
    "Brand_Product_Size": "Sirena Italian Style Salad With Tuna 170g",
    "WOW Price": 4,
    "WOW Size": "170g",
    "WOW ppu": "$23.53 / 1KG"
  },
  {
    "Brand_Product_Size": "Armada Cocktail Serviettes White 2ply 50 pack",
    "WOW Price": 1.5,
    "WOW Size": "50 pack",
    "WOW ppu": "$0.03 / 1EA"
  },
  {
    "Brand_Product_Size": "Queen Rainbow Food Colours 4 pack",
    "WOW Price": 3.6,
    "WOW Size": "4 pack",
    "WOW ppu": "$12.86 / 100ML"
  },
  {
    "Brand_Product_Size": "Nuk Mickey Soother 0-6m 2 pack",
    "WOW Price": 13,
    "WOW Size": "2 pack",
    "WOW ppu": "$6.50 / 1EA"
  },
  {
    "Brand_Product_Size": "Mccain Pizza Margherita 500g",
    "WOW Price": 7,
    "WOW Size": "500g",
    "WOW ppu": "$1.40 / 100G"
  },
  {
    "Brand_Product_Size": "Caltrate 1000iu Bone And Muscle Health Tablets 100 pack",
    "WOW Price": 10,
    "WOW Size": "100 pack",
    "WOW ppu": "$10.00 / 100EA"
  },
  {
    "Brand_Product_Size": "Aeroplane Jelly Purple Grape 85g",
    "WOW Price": 1,
    "WOW Size": "85g",
    "WOW ppu": "$1.18 / 100G"
  },
  {
    "Brand_Product_Size": "Biopak Biocutlery Wooden Knives 10 pack",
    "WOW Price": 1.2,
    "WOW Size": "10 pack",
    "WOW ppu": "$0.12 / 1EA"
  },
  {
    "Brand_Product_Size": "Nivea Men Exfoliating Face Scrub + Aloe Vera 125mL",
    "WOW Price": 7.2,
    "WOW Size": "125mL",
    "WOW ppu": "$5.76 / 100ML"
  },
  {
    "Brand_Product_Size": "Lenny & Larry The Complete Cookie Double Chocolate 113g",
    "WOW Price": 4.5,
    "WOW Size": "113g",
    "WOW ppu": "$3.98 / 100G"
  },
  {
    "Brand_Product_Size": "Woolworths Milk Chocolate Sultanas 190g",
    "WOW Price": 2,
    "WOW Size": "190g",
    "WOW ppu": "$1.05 / 100G"
  },
  {
    "Brand_Product_Size": "Arnott's Shortbread 250g",
    "WOW Price": 3,
    "WOW Size": "250g",
    "WOW ppu": "$1.20 / 100G"
  },
  {
    "Brand_Product_Size": "Ayam Teriyaki Sauce 210mL",
    "WOW Price": 3.5,
    "WOW Size": "210mL",
    "WOW ppu": "$1.67 / 100ML"
  },
  {
    "Brand_Product_Size": "Uncle Tobys Oat Slice Choc Chip 4 pack",
    "WOW Price": 2.75,
    "WOW Size": "4 pack",
    "WOW ppu": "$1.96 / 100G"
  },
  {
    "Brand_Product_Size": "Uncle Tobys Oat Slice Choc Chip 4 pack",
    "WOW Price": 2.75,
    "WOW Size": "4 pack",
    "WOW ppu": "$1.96 / 100G"
  },
  {
    "Brand_Product_Size": "Maggi Stir Fry Creations Chinese Five Spice & Soy Beef 150g",
    "WOW Price": 3,
    "WOW Size": "150g",
    "WOW ppu": "$2.00 / 100G"
  },
  {
    "Brand_Product_Size": "Sunrice Microwave Medium Grain Brown Rice In 90 250g",
    "WOW Price": 2,
    "WOW Size": "250g",
    "WOW ppu": "$0.80 / 100G"
  },
  {
    "Brand_Product_Size": "Palmer's Coconut Oil Body Lotion 400mL",
    "WOW Price": 10.49,
    "WOW Size": "400mL",
    "WOW ppu": "$2.62 / 100ML"
  },
  {
    "Brand_Product_Size": "Tandaco Dry Yeast 12 pack 84g",
    "WOW Price": 4.7,
    "WOW Size": "12 pack 84g",
    "WOW ppu": "$5.60 / 100G"
  },
  {
    "Brand_Product_Size": "Woolworths Cashews 150g",
    "WOW Price": 3.7,
    "WOW Size": "150g",
    "WOW ppu": "$24.67 / 1KG"
  },
  {
    "Brand_Product_Size": "Lovable Care & Renew For Black & Darks 1.5L",
    "WOW Price": 12,
    "WOW Size": "1.5L",
    "WOW ppu": "$8.00 / 1L"
  },
  {
    "Brand_Product_Size": "Lindt Caramel Squares Luscious Caramel Filling 124g",
    "WOW Price": 6,
    "WOW Size": "124g",
    "WOW ppu": "$4.84 / 100G"
  },
  {
    "Brand_Product_Size": "Betty Crocker Chocolate Fudge Cake Mix 540g",
    "WOW Price": 5.2,
    "WOW Size": "540g",
    "WOW ppu": "$0.96 / 100G"
  },
  {
    "Brand_Product_Size": "Oakwood Renovating Shoe Polish 65g",
    "WOW Price": 4,
    "WOW Size": "65g",
    "WOW ppu": "$6.15 / 100G"
  },
  {
    "Brand_Product_Size": "Purina One Adult Indoor With Chicken In Gravy Wet Cat Food 70g",
    "WOW Price": 1.8,
    "WOW Size": "70g",
    "WOW ppu": "$2.57 / 100G"
  },
  {
    "Brand_Product_Size": "Twinings Extra Strong English Breakfast Tea Bags 10 pack",
    "WOW Price": 2.9,
    "WOW Size": "10 pack",
    "WOW ppu": "$0.29 / 1EA"
  },
  {
    "Brand_Product_Size": "Twinings Extra Strong English Breakfast Tea Bags 10 pack",
    "WOW Price": 2.9,
    "WOW Size": "10 pack",
    "WOW ppu": "$0.29 / 1EA"
  },
  {
    "Brand_Product_Size": "Kellogg's Lcms Yoghurty Split Stix Snack Bars 15 pack",
    "WOW Price": 7,
    "WOW Size": "15 pack",
    "WOW ppu": "$2.03 / 100G"
  },
  {
    "Brand_Product_Size": "Kellogg's Lcms Yoghurty Split Stix Snack Bars 15 pack",
    "WOW Price": 7,
    "WOW Size": "15 pack",
    "WOW ppu": "$2.03 / 100G"
  },
  {
    "Brand_Product_Size": "Mccain Oh My Veg Super Mix 230g",
    "WOW Price": 4,
    "WOW Size": "230g",
    "WOW ppu": "$17.39 / 1KG"
  },
  {
    "Brand_Product_Size": "Maybelline Lash Sensational Serum 5.3mL",
    "WOW Price": 12.5,
    "WOW Size": "5.3mL",
    "WOW ppu": "$23.58 / 10ML"
  },
  {
    "Brand_Product_Size": "Natvia 100% Natural Sweetener 300g",
    "WOW Price": 7.75,
    "WOW Size": "300g",
    "WOW ppu": "$2.58 / 100G"
  },
  {
    "Brand_Product_Size": "Vetta Rural Aid Spaghetti Value Pack 750g",
    "WOW Price": 2.8,
    "WOW Size": "750g",
    "WOW ppu": "$0.37 / 100G"
  },
  {
    "Brand_Product_Size": "Colgate Zigzag Deep Interdental Clean Toothbrush Soft 6 pack",
    "WOW Price": 10,
    "WOW Size": "6 pack",
    "WOW ppu": "$1.67 / 1EA"
  },
  {
    "Brand_Product_Size": "Twinings Earl Grey Loose Leaf Tea 125g",
    "WOW Price": 6,
    "WOW Size": "125g",
    "WOW ppu": "$4.80 / 100G"
  },
  {
    "Brand_Product_Size": "Twinings Earl Grey Loose Leaf Tea 125g",
    "WOW Price": 6,
    "WOW Size": "125g",
    "WOW ppu": "$4.80 / 100G"
  },
  {
    "Brand_Product_Size": "Mckenzie's Pepper Black Coarse Milled 100g",
    "WOW Price": 3.75,
    "WOW Size": "100g",
    "WOW ppu": "$0.38 / 10G"
  },
  {
    "Brand_Product_Size": "Bostik Blu Stik Glue 35g",
    "WOW Price": 3.5,
    "WOW Size": "35g",
    "WOW ppu": ""
  },
  {
    "Brand_Product_Size": "Nature's Way Kids Smart Immunity Chewable Tablets 50 pack",
    "WOW Price": 15,
    "WOW Size": "50 pack",
    "WOW ppu": "$30.00 / 100EA"
  },
  {
    "Brand_Product_Size": "Latina Fresh Beef Ravioli 625g",
    "WOW Price": 6,
    "WOW Size": "625g",
    "WOW ppu": "$0.96 / 100G"
  },
  {
    "Brand_Product_Size": "Admiral Mangoes Sliced In Natural Juice 800g",
    "WOW Price": 3.5,
    "WOW Size": "800g",
    "WOW ppu": "$4.38 / 1KG"
  },
  {
    "Brand_Product_Size": "San Marino Platter Continental 180g",
    "WOW Price": 11.5,
    "WOW Size": "180g",
    "WOW ppu": "$63.89 / 1KG"
  },
  {
    "Brand_Product_Size": "Gm Housebrand Make Your Own Tiara Assorted each",
    "WOW Price": 5,
    "WOW Size": "each",
    "WOW ppu": ""
  },
  {
    "Brand_Product_Size": "Kellogg's K-time Baked Twists Strawberry & Blueberry Flavour Snack Bars 5 pack",
    "WOW Price": 2,
    "WOW Size": "5 pack",
    "WOW ppu": "$1.08 / 100G"
  },
  {
    "Brand_Product_Size": "Kellogg's K-time Baked Twists Strawberry & Blueberry Flavour Snack Bars 5 pack",
    "WOW Price": 2,
    "WOW Size": "5 pack",
    "WOW ppu": "$1.08 / 100G"
  },
  {
    "Brand_Product_Size": "Eveready Gold Aa Batteries 24 pack",
    "WOW Price": 20,
    "WOW Size": "24 pack",
    "WOW ppu": "$0.83 / 1EA"
  },
  {
    "Brand_Product_Size": "Mcobeauty Hydrating Oil Peachy Nude 4.8mL",
    "WOW Price": 6,
    "WOW Size": "4.8mL",
    "WOW ppu": "$12.50 / 10ML"
  },
  {
    "Brand_Product_Size": "Twinings Orange & Cinnamon Tea 10 pack",
    "WOW Price": 2.9,
    "WOW Size": "10 pack",
    "WOW ppu": "$0.29 / 1EA"
  },
  {
    "Brand_Product_Size": "Twinings Orange & Cinnamon Tea 10 pack",
    "WOW Price": 2.9,
    "WOW Size": "10 pack",
    "WOW ppu": "$0.29 / 1EA"
  },
  {
    "Brand_Product_Size": "Mcobeauty Pro Full Powder Brush each",
    "WOW Price": 10,
    "WOW Size": "each",
    "WOW ppu": "$10.00 / 1EA"
  },
  {
    "Brand_Product_Size": "Safcol Responsibly Fished Tuna In Oil Italian Style 425g",
    "WOW Price": 4,
    "WOW Size": "425g",
    "WOW ppu": "$9.41 / 1KG"
  },
  {
    "Brand_Product_Size": "Revlon Super Lustrous Lipstick Rum Raisin each",
    "WOW Price": 12.5,
    "WOW Size": "each",
    "WOW ppu": "$29.76 / 10G"
  },
  {
    "Brand_Product_Size": "Ocean Chef Garlic & Herb Prawns Peeled 500g",
    "WOW Price": 18.5,
    "WOW Size": "500g",
    "WOW ppu": "$37.00 / 1KG"
  },
  {
    "Brand_Product_Size": "La Panzanella Mini Croccantini Rosemary 85g",
    "WOW Price": 5.9,
    "WOW Size": "85g",
    "WOW ppu": "$6.94 / 100G"
  },
  {
    "Brand_Product_Size": "Maggi Fusian Soupy Noodles Thai Tom Yum 5 pack",
    "WOW Price": 3.95,
    "WOW Size": "5 pack",
    "WOW ppu": "$0.99 / 100G"
  },
  {
    "Brand_Product_Size": "Essentials Traditional Pasta Sauce 700g",
    "WOW Price": 2.1,
    "WOW Size": "700g",
    "WOW ppu": "$0.30 / 100G"
  },
  {
    "Brand_Product_Size": "Woolworths Artisan Style Seeds & Grains Crispbread 130g",
    "WOW Price": 3.5,
    "WOW Size": "130g",
    "WOW ppu": "$2.69 / 100G"
  },
  {
    "Brand_Product_Size": "Natures Goodness Adult Dog Food Wild Game With Sweet Potato 3kg",
    "WOW Price": 15.79,
    "WOW Size": "3kg",
    "WOW ppu": "$0.53 / 100G"
  },
  {
    "Brand_Product_Size": "Nivea Black & White Clear Aerosol Antiperspirant Deodorant 500mL",
    "WOW Price": 9.5,
    "WOW Size": "500mL",
    "WOW ppu": "$1.90 / 100ML"
  },
  {
    "Brand_Product_Size": "Babylove Cosifit Bulk Nappies Infant 44 pack",
    "WOW Price": 14,
    "WOW Size": "44 pack",
    "WOW ppu": "$0.32 / 1EA"
  },
  {
    "Brand_Product_Size": "Mars Mixed Variety Chocolate Large Party Share Bag 20 Piece 307g",
    "WOW Price": 5,
    "WOW Size": "307g",
    "WOW ppu": "$1.63 / 100G"
  },
  {
    "Brand_Product_Size": "Moro Extra Virgin Olive Oil 500mL",
    "WOW Price": 7,
    "WOW Size": "500mL",
    "WOW ppu": "$1.40 / 100ML"
  },
  {
    "Brand_Product_Size": "Crayola Washable Kids Paint 5 pack",
    "WOW Price": 5.6,
    "WOW Size": "5 pack",
    "WOW ppu": ""
  },
  {
    "Brand_Product_Size": "Maggi Side Dish Three Cheese Flavoured Potato Bake 21g",
    "WOW Price": 1.75,
    "WOW Size": "21g",
    "WOW ppu": "$8.33 / 100G"
  },
  {
    "Brand_Product_Size": "L'oreal Revitalift Brightening Sheet Mask each",
    "WOW Price": 4.8,
    "WOW Size": "each",
    "WOW ppu": "$16.00 / 100G"
  },
  {
    "Brand_Product_Size": "Banana Boat After Sun Aloe Vera Gel 250g",
    "WOW Price": 8,
    "WOW Size": "250g",
    "WOW ppu": "$3.20 / 100G"
  },
  {
    "Brand_Product_Size": "Macro Mighty Bites Cheeky Cocoa Balls 5 pack",
    "WOW Price": 4.5,
    "WOW Size": "5 pack",
    "WOW ppu": "$4.50 / 100G"
  },
  {
    "Brand_Product_Size": "Bikano Dry Petha 400g",
    "WOW Price": 4.5,
    "WOW Size": "400g",
    "WOW ppu": "$1.13 / 100G"
  },
  {
    "Brand_Product_Size": "Bx Earth Desert Lime & Coconut Candle 300g",
    "WOW Price": 15,
    "WOW Size": "300g",
    "WOW ppu": ""
  },
  {
    "Brand_Product_Size": "Voost Effervescent Energy Tablets 20 pack",
    "WOW Price": 6.5,
    "WOW Size": "20 pack",
    "WOW ppu": "$32.50 / 100EA"
  },
  {
    "Brand_Product_Size": "Revlon Colorstay For Normal & Dry Skin Buff Foundation 30mL",
    "WOW Price": 17.5,
    "WOW Size": "30mL",
    "WOW ppu": "$5.83 / 10ML"
  },
  {
    "Brand_Product_Size": "Chevron Lithium Cr2032 Batteries 6 pack",
    "WOW Price": 8,
    "WOW Size": "6 pack",
    "WOW ppu": "$1.33 / 1EA"
  },
  {
    "Brand_Product_Size": "Woolworths Margherita Family Pizza 470g",
    "WOW Price": 3.3,
    "WOW Size": "470g",
    "WOW ppu": "$0.70 / 100G"
  },
  {
    "Brand_Product_Size": "Dettol Antiseptic Antibacterial Disinfectant Liquid 500mL",
    "WOW Price": 10.5,
    "WOW Size": "500mL",
    "WOW ppu": "$2.10 / 100ML"
  },
  {
    "Brand_Product_Size": "Twinings Cranberry Pomegranate Tea Bags 10 pack 20g",
    "WOW Price": 2.9,
    "WOW Size": "10 pack 20g",
    "WOW ppu": "$0.29 / 1EA"
  },
  {
    "Brand_Product_Size": "Twinings Cranberry Pomegranate Tea Bags 10 pack 20g",
    "WOW Price": 2.9,
    "WOW Size": "10 pack 20g",
    "WOW ppu": "$0.29 / 1EA"
  },
  {
    "Brand_Product_Size": "Life Space Broad Spectrum Probiotic 40 pack",
    "WOW Price": 22,
    "WOW Size": "40 pack",
    "WOW ppu": "$55.00 / 100EA"
  },
  {
    "Brand_Product_Size": "Vileda Refill Cloths Fresh Attractive 10 pack",
    "WOW Price": 8,
    "WOW Size": "10 pack",
    "WOW ppu": "$0.80 / 1EA"
  },
  {
    "Brand_Product_Size": "Apollo Dog Food Traditional Lamb 100g",
    "WOW Price": 0.8,
    "WOW Size": "100g",
    "WOW ppu": "$0.80 / 100G"
  },
  {
    "Brand_Product_Size": "Nature's Way Vitagummies Mens Multivitamin 100 pack",
    "WOW Price": 10,
    "WOW Size": "100 pack",
    "WOW ppu": "$10.00 / 100EA"
  },
  {
    "Brand_Product_Size": "Underworks Women Active Heel Grip Socks Size 5-8 Assorted 2 pack",
    "WOW Price": 8,
    "WOW Size": "2 pack",
    "WOW ppu": ""
  },
  {
    "Brand_Product_Size": "Dove Dry Shampoo Refresh & Care 250mL",
    "WOW Price": 10,
    "WOW Size": "250mL",
    "WOW ppu": "$4.00 / 100ML"
  },
  {
    "Brand_Product_Size": "Pine O Cleen Simply Biodegradeable Wipes Grapefruit 90 pack",
    "WOW Price": 10,
    "WOW Size": "90 pack",
    "WOW ppu": "$11.11 / 100EA"
  },
  {
    "Brand_Product_Size": "Hovex Insect Control Moth Trap Pantry 2 pack",
    "WOW Price": 10,
    "WOW Size": "2 pack",
    "WOW ppu": "$5.00 / 1EA"
  },
  {
    "Brand_Product_Size": "John West Sardines In Tomato Sauce 110g",
    "WOW Price": 2.8,
    "WOW Size": "110g",
    "WOW ppu": "$25.45 / 1KG"
  },
  {
    "Brand_Product_Size": "Dynamo Professional Discs 700g",
    "WOW Price": 24,
    "WOW Size": "700g",
    "WOW ppu": "$0.86 / 1EA"
  },
  {
    "Brand_Product_Size": "Masterfoods Burger Sauce 250mL",
    "WOW Price": 2,
    "WOW Size": "250mL",
    "WOW ppu": "$0.80 / 100ML"
  },
  {
    "Brand_Product_Size": "Carman's Oat Clusters Vanilla Cinnamon 750g",
    "WOW Price": 8,
    "WOW Size": "750g",
    "WOW ppu": "$1.07 / 100G"
  },
  {
    "Brand_Product_Size": "Woolworths Chicken Massaman With Jasmine Rice 350g",
    "WOW Price": 4,
    "WOW Size": "350g",
    "WOW ppu": "$1.14 / 100G"
  },
  {
    "Brand_Product_Size": "Maybelline Superstay Active Wear 30hr Foundation Ivory 30mL",
    "WOW Price": 13.5,
    "WOW Size": "30mL",
    "WOW ppu": "$4.50 / 10ML"
  },
  {
    "Brand_Product_Size": "Cetaphil Gentle Skin Cleanser For Face & Body Care 250mL",
    "WOW Price": 11,
    "WOW Size": "250mL",
    "WOW ppu": "$4.40 / 100ML"
  },
  {
    "Brand_Product_Size": "Vanish Napisan Gold Pro Stain Remover Powder 1.8kg",
    "WOW Price": 17.6,
    "WOW Size": "1.8kg",
    "WOW ppu": "$9.78 / 1KG"
  },
  {
    "Brand_Product_Size": "Cuddly Aroma-intense Fragrance Booster Exotic Jasmie 850mL",
    "WOW Price": 4.5,
    "WOW Size": "850mL",
    "WOW ppu": "$5.29 / 1L"
  },
  {
    "Brand_Product_Size": "Rexona Men Antiperspirant Aerosol Deodorant Original 50mL",
    "WOW Price": 4,
    "WOW Size": "50mL",
    "WOW ppu": "$8.00 / 100ML"
  },
  {
    "Brand_Product_Size": "Bonds Socks Mens Business Black Size 11-14 3 pack",
    "WOW Price": 15,
    "WOW Size": "3 pack",
    "WOW ppu": "$5.00 / 1EA"
  },
  {
    "Brand_Product_Size": "John West Tuna Slices In Olive Oil 125g",
    "WOW Price": 3.5,
    "WOW Size": "125g",
    "WOW ppu": "$28.00 / 1KG"
  },
  {
    "Brand_Product_Size": "Poppin Microwave Popcorn Lite Butter Flavour 85g",
    "WOW Price": 1.75,
    "WOW Size": "85g",
    "WOW ppu": "$2.06 / 100G"
  },
  {
    "Brand_Product_Size": "Neat Feat Foot & Heel Balm 2 pack",
    "WOW Price": 17,
    "WOW Size": "2 pack",
    "WOW ppu": "$11.33 / 100G"
  },
  {
    "Brand_Product_Size": "Welch's Super Fruit Mix Fruit Snacks 160g",
    "WOW Price": 5,
    "WOW Size": "160g",
    "WOW ppu": "$3.13 / 100G"
  },
  {
    "Brand_Product_Size": "Golden Wok Asian Mini Chicken Dim Sims 660g",
    "WOW Price": 10,
    "WOW Size": "660g",
    "WOW ppu": "$1.52 / 100G"
  },
  {
    "Brand_Product_Size": "Britannia Milk Rusk 560g",
    "WOW Price": 5,
    "WOW Size": "560g",
    "WOW ppu": "$0.89 / 100G"
  },
  {
    "Brand_Product_Size": "Willow Waste Tidy Round 10l each",
    "WOW Price": 5,
    "WOW Size": "each",
    "WOW ppu": ""
  },
  {
    "Brand_Product_Size": "Underworks Ladies Ultra Lite Socks Size 5-8 Assorted 2 pack",
    "WOW Price": 8,
    "WOW Size": "2 pack",
    "WOW ppu": ""
  },
  {
    "Brand_Product_Size": "Lemnos Haloumi Cheese 600g",
    "WOW Price": 17,
    "WOW Size": "600g",
    "WOW ppu": "$28.33 / 1KG"
  },
  {
    "Brand_Product_Size": "Lemnos Haloumi Cheese 600g",
    "WOW Price": 17,
    "WOW Size": "600g",
    "WOW ppu": "$28.33 / 1KG"
  },
  {
    "Brand_Product_Size": "Woolworths Party Mix 150g",
    "WOW Price": 1,
    "WOW Size": "150g",
    "WOW ppu": "$0.67 / 100G"
  },
  {
    "Brand_Product_Size": "Revlon Photoready Prime Plus Brightening 30mL",
    "WOW Price": 15,
    "WOW Size": "30mL",
    "WOW ppu": "$5.00 / 10ML"
  },
  {
    "Brand_Product_Size": "Deep Heat Back Patch 2 pack",
    "WOW Price": 7,
    "WOW Size": "2 pack",
    "WOW ppu": "$3.50 / 1EA"
  },
  {
    "Brand_Product_Size": "Edgell Corn Super Sweet 4x125g",
    "WOW Price": 3,
    "WOW Size": "4x125g",
    "WOW ppu": "$6.00 / 1KG"
  },
  {
    "Brand_Product_Size": "Colgate Sensitive Teeth Pain Whitening Fluoride Toothpaste 110g",
    "WOW Price": 4,
    "WOW Size": "110g",
    "WOW ppu": "$3.64 / 100G"
  },
  {
    "Brand_Product_Size": "Energizer Max Aaa Batteries 8 pack",
    "WOW Price": 10,
    "WOW Size": "8 pack",
    "WOW ppu": "$1.25 / 1EA"
  },
  {
    "Brand_Product_Size": "Nature's Way Advanced Omega Triple Strength Fish Oil 60 pack",
    "WOW Price": 20,
    "WOW Size": "60 pack",
    "WOW ppu": "$33.33 / 100EA"
  },
  {
    "Brand_Product_Size": "Bx Earth Antibacterial Handwash Desert Lime & Coconut 300mL",
    "WOW Price": 5,
    "WOW Size": "300mL",
    "WOW ppu": "$1.67 / 100ML"
  },
  {
    "Brand_Product_Size": "Woolworths Lemon Mixer Cordial 750mL",
    "WOW Price": 3,
    "WOW Size": "750mL",
    "WOW ppu": "$4.00 / 1L"
  },
  {
    "Brand_Product_Size": "Munchme Cashew Sesame 120g",
    "WOW Price": 5.5,
    "WOW Size": "120g",
    "WOW ppu": "$4.58 / 100G"
  },
  {
    "Brand_Product_Size": "Cold Power Triple Caps Sensitive 390g",
    "WOW Price": 20,
    "WOW Size": "390g",
    "WOW ppu": "$0.67 / 1EA"
  },
  {
    "Brand_Product_Size": "Kurrajong Kitchen Lavosh Snack Twin Pack 2 pack 100g",
    "WOW Price": 3.2,
    "WOW Size": "2 pack 100g",
    "WOW ppu": "$3.20 / 100G"
  },
  {
    "Brand_Product_Size": "The Real Yorkshire Pudding Co. Snacks 12 pack",
    "WOW Price": 4.39,
    "WOW Size": "12 pack",
    "WOW ppu": "$19.09 / 1KG"
  },
  {
    "Brand_Product_Size": "Mccormicks Slow Cookers Mild Chicken 40g",
    "WOW Price": 1.5,
    "WOW Size": "40g",
    "WOW ppu": "$3.75 / 100G"
  },
  {
    "Brand_Product_Size": "Philadelphia Cadbury Dairy Milk Marble Cream Cheese 230g",
    "WOW Price": 2.35,
    "WOW Size": "230g",
    "WOW ppu": "$10.22 / 1KG"
  },
  {
    "Brand_Product_Size": "Woolworths Tasty Cheese Block 250g",
    "WOW Price": 4,
    "WOW Size": "250g",
    "WOW ppu": "$16.00 / 1KG"
  },
  {
    "Brand_Product_Size": "Woolworths Apple Raspberry 35% Fruit Juice 250mL x6 pack",
    "WOW Price": 2.65,
    "WOW Size": "250mL x6 pack",
    "WOW ppu": ""
  },
  {
    "Brand_Product_Size": "Carman's Muesli Original 875g",
    "WOW Price": 8,
    "WOW Size": "875g",
    "WOW ppu": "$0.91 / 100G"
  },
  {
    "Brand_Product_Size": "Carefree Acti-fresh Acti-fresh Panty Liners Thin Oxygen 20 pack",
    "WOW Price": 2.9,
    "WOW Size": "20 pack",
    "WOW ppu": "$0.15 / 1EA"
  },
  {
    "Brand_Product_Size": "Macro Laundry Liquid Geranium & Musk 1L",
    "WOW Price": 8,
    "WOW Size": "1L",
    "WOW ppu": "$0.80 / 100ML"
  },
  {
    "Brand_Product_Size": "Bonds Womens Socks Logo Low Cut Logo Size 3-8 3 pack",
    "WOW Price": 15,
    "WOW Size": "3 pack",
    "WOW ppu": "$5.00 / 1EA"
  },
  {
    "Brand_Product_Size": "Nudie Nothing But Apples Cloudy Juice 3L",
    "WOW Price": 10,
    "WOW Size": "3L",
    "WOW ppu": "$3.33 / 1L"
  },
  {
    "Brand_Product_Size": "Ottogi Korean Bbq Bulgogi 240g",
    "WOW Price": 3.5,
    "WOW Size": "240g",
    "WOW ppu": "$1.46 / 100G"
  },
  {
    "Brand_Product_Size": "Cadbury Freddo Biscuit 167g",
    "WOW Price": 3,
    "WOW Size": "167g",
    "WOW ppu": "$1.80 / 100G"
  },
  {
    "Brand_Product_Size": "Moro Vinegar White Wine 500mL",
    "WOW Price": 4,
    "WOW Size": "500mL",
    "WOW ppu": "$0.80 / 100ML"
  },
  {
    "Brand_Product_Size": "Cutex Nail Polish Remover Nourishing 100mL",
    "WOW Price": 2.45,
    "WOW Size": "100mL",
    "WOW ppu": "$0.25 / 10ML"
  },
  {
    "Brand_Product_Size": "Cover Girl Lash Blast Fusion Mascara 860 Very Black each",
    "WOW Price": 9.5,
    "WOW Size": "each",
    "WOW ppu": "$7.25 / 10ML"
  },
  {
    "Brand_Product_Size": "Allen's Bites Mini White Choc Raspberries 120g",
    "WOW Price": 4.5,
    "WOW Size": "120g",
    "WOW ppu": "$3.75 / 100G"
  },
  {
    "Brand_Product_Size": "Fisherman's Friend Mints Fresh Sugar Free 25g pack",
    "WOW Price": 1.8,
    "WOW Size": "25g pack",
    "WOW ppu": "$7.20 / 100G"
  },
  {
    "Brand_Product_Size": "Always Fresh Crustini Crispbread Olive & Sea Salt 120g",
    "WOW Price": 3.7,
    "WOW Size": "120g",
    "WOW ppu": "$3.08 / 100G"
  },
  {
    "Brand_Product_Size": "Heinz Seriously Good Lite Mayonnaise 285mL",
    "WOW Price": 3.5,
    "WOW Size": "285mL",
    "WOW ppu": "$1.23 / 100ML"
  },
  {
    "Brand_Product_Size": "Twinings Infuse Watermelon Strawberry & Mint 12 pack",
    "WOW Price": 5,
    "WOW Size": "12 pack",
    "WOW ppu": "$0.42 / 1EA"
  },
  {
    "Brand_Product_Size": "Twinings Infuse Watermelon Strawberry & Mint 12 pack",
    "WOW Price": 5,
    "WOW Size": "12 pack",
    "WOW ppu": "$0.42 / 1EA"
  },
  {
    "Brand_Product_Size": "Nature's Way Magnesium Sleep Well With Kava 60 pack",
    "WOW Price": 26,
    "WOW Size": "60 pack",
    "WOW ppu": "$43.33 / 100EA"
  },
  {
    "Brand_Product_Size": "Kleenex Toilet Tissue Double Length 12 pack",
    "WOW Price": 12,
    "WOW Size": "12 pack",
    "WOW ppu": "$0.28 / 100SS"
  },
  {
    "Brand_Product_Size": "Macro Organic Raw Sugar Organic 1kg",
    "WOW Price": 2.85,
    "WOW Size": "1kg",
    "WOW ppu": "$0.29 / 100G"
  },
  {
    "Brand_Product_Size": "Green's Cake Mix Banana 430g",
    "WOW Price": 2.75,
    "WOW Size": "430g",
    "WOW ppu": "$0.64 / 100G"
  },
  {
    "Brand_Product_Size": "Woolworths Yellowfin Tuna In Chilli & Oil 95g",
    "WOW Price": 1.3,
    "WOW Size": "95g",
    "WOW ppu": "$13.68 / 1KG"
  },
  {
    "Brand_Product_Size": "Nature's Way Odourless Fish Oil 1000mg 450 pack",
    "WOW Price": 30,
    "WOW Size": "450 pack",
    "WOW ppu": "$6.67 / 100EA"
  },
  {
    "Brand_Product_Size": "Colgate 360 Sensitive Pro-relief Teeth Pain Toothbrush Extra Soft 2 pack",
    "WOW Price": 8,
    "WOW Size": "2 pack",
    "WOW ppu": "$4.00 / 1EA"
  },
  {
    "Brand_Product_Size": "White Wings Cake Mix Rich Chocolate Cake 530g",
    "WOW Price": 3,
    "WOW Size": "530g",
    "WOW ppu": "$0.56 / 100G"
  },
  {
    "Brand_Product_Size": "Pantene Pro V Blends Micellar Aloe Conditioner 530mL",
    "WOW Price": 10.8,
    "WOW Size": "530mL",
    "WOW ppu": "$2.04 / 100ML"
  },
  {
    "Brand_Product_Size": "Vitasoy Almond Milk Chocolate 330mL",
    "WOW Price": 3.6,
    "WOW Size": "330mL",
    "WOW ppu": "$10.91 / 1L"
  },
  {
    "Brand_Product_Size": "Chang's Gluten Free Noodles 100g",
    "WOW Price": 2,
    "WOW Size": "100g",
    "WOW ppu": "$2.00 / 100G"
  },
  {
    "Brand_Product_Size": "Energizer Glass Screen Protector Iphone Xr/11 each",
    "WOW Price": 25,
    "WOW Size": "each",
    "WOW ppu": ""
  },
  {
    "Brand_Product_Size": "Dove Nourishing Secrets Restoring Ritual Conditioner 640mL",
    "WOW Price": 8.4,
    "WOW Size": "640mL",
    "WOW ppu": "$1.31 / 100ML"
  },
  {
    "Brand_Product_Size": "Mirabella Genio Wifi Power Plug With Dual 2 Usb Port each",
    "WOW Price": 29,
    "WOW Size": "each",
    "WOW ppu": "$29.00 / 1EA"
  },
  {
    "Brand_Product_Size": "Campbell's Canned Soup Cream Of Chicken 420g",
    "WOW Price": 1.7,
    "WOW Size": "420g",
    "WOW ppu": "$0.40 / 100G"
  },
  {
    "Brand_Product_Size": "The Collective Probiotic Natural Kefir Yoghurt 500g",
    "WOW Price": 4,
    "WOW Size": "500g",
    "WOW ppu": "$0.80 / 100G"
  },
  {
    "Brand_Product_Size": "Woolworths Muesli Bars Yoghurt & Strawberry 248g 8 pack",
    "WOW Price": 1.9,
    "WOW Size": "248g 8 pack",
    "WOW ppu": "$0.77 / 100G"
  },
  {
    "Brand_Product_Size": "Woolworths Muesli Bars Yoghurt & Strawberry 248g 8 pack",
    "WOW Price": 1.9,
    "WOW Size": "248g 8 pack",
    "WOW ppu": "$0.77 / 100G"
  },
  {
    "Brand_Product_Size": "Sss Foods Hommus Natural 225g",
    "WOW Price": 2.8,
    "WOW Size": "225g",
    "WOW ppu": "$1.24 / 100G"
  },
  {
    "Brand_Product_Size": "Weight Watchers Frozen Meal Bowl Creamy Tuna Bake 320g",
    "WOW Price": 4,
    "WOW Size": "320g",
    "WOW ppu": "$1.25 / 100G"
  },
  {
    "Brand_Product_Size": "Maldon Sea Salt Flakes 240g",
    "WOW Price": 9,
    "WOW Size": "240g",
    "WOW ppu": "$3.75 / 100G"
  },
  {
    "Brand_Product_Size": "Gaviscon Dual Action Heartburn & Indigestion Chewable Tablets 32 pack",
    "WOW Price": 10.5,
    "WOW Size": "32 pack",
    "WOW ppu": "$0.33 / 1EA"
  },
  {
    "Brand_Product_Size": "Dynamo Professional 7 Actions In 1 Wash Liquid Eucalyptus 1.8L",
    "WOW Price": 20,
    "WOW Size": "1.8L",
    "WOW ppu": "$11.11 / 1L"
  },
  {
    "Brand_Product_Size": "Total Care Heartwormer Allwormer & Flea Control Chew For Small Dog each",
    "WOW Price": 17.6,
    "WOW Size": "each",
    "WOW ppu": "$17.60 / 1EA"
  },
  {
    "Brand_Product_Size": "Fehlbergs Sweet & Sour Cucumbers 680g",
    "WOW Price": 3.5,
    "WOW Size": "680g",
    "WOW ppu": "$5.15 / 1KG"
  },
  {
    "Brand_Product_Size": "Cenovis Ginkgo Biloba 2000 Tablets Value Pack 100 pack",
    "WOW Price": 16,
    "WOW Size": "100 pack",
    "WOW ppu": "$16.00 / 100EA"
  },
  {
    "Brand_Product_Size": "Red Rock Deli Sweet Chilli & Sour Cream Deli Style Crackers 135g",
    "WOW Price": 2.8,
    "WOW Size": "135g",
    "WOW ppu": "$2.07 / 100G"
  },
  {
    "Brand_Product_Size": "John West Tuna Slices In Springwater 125g",
    "WOW Price": 3.5,
    "WOW Size": "125g",
    "WOW ppu": "$28.00 / 1KG"
  },
  {
    "Brand_Product_Size": "Woolworths Tuna Tomato And Onion 95g",
    "WOW Price": 0.9,
    "WOW Size": "95g",
    "WOW ppu": "$9.47 / 1KG"
  },
  {
    "Brand_Product_Size": "L'oreal Paris Golden Age Day Cream Rosy 50mL",
    "WOW Price": 22.2,
    "WOW Size": "50mL",
    "WOW ppu": "$44.40 / 100ML"
  },
  {
    "Brand_Product_Size": "Darrell Lea Chocolate Raspberry Balls 160g",
    "WOW Price": 3.5,
    "WOW Size": "160g",
    "WOW ppu": "$2.19 / 100G"
  },
  {
    "Brand_Product_Size": "Lolly Go Round Musk Sticks 320g",
    "WOW Price": 2,
    "WOW Size": "320g",
    "WOW ppu": "$0.63 / 100G"
  },
  {
    "Brand_Product_Size": "Rana Ricotta & Spinach Tortellini 565g",
    "WOW Price": 10,
    "WOW Size": "565g",
    "WOW ppu": "$1.77 / 100G"
  },
  {
    "Brand_Product_Size": "Toshiba Usb 2.0 Sm02 16gb each",
    "WOW Price": 14,
    "WOW Size": "each",
    "WOW ppu": ""
  },
  {
    "Brand_Product_Size": "Twisties Cheese Snacks Party Size Bag 270g",
    "WOW Price": 3,
    "WOW Size": "270g",
    "WOW ppu": "$1.11 / 100G"
  },
  {
    "Brand_Product_Size": "Bickford's Diet Lemon Cordial 750mL",
    "WOW Price": 4,
    "WOW Size": "750mL",
    "WOW ppu": "$5.33 / 1L"
  },
  {
    "Brand_Product_Size": "Nivea Rich Nourishing Body Lotion Moisturiser+almond Oil 250mL",
    "WOW Price": 3.78,
    "WOW Size": "250mL",
    "WOW ppu": "$1.51 / 100ML"
  },
  {
    "Brand_Product_Size": "Clairol Root Touch-up Color Blending Gel Black 45mL",
    "WOW Price": 18,
    "WOW Size": "45mL",
    "WOW ppu": "$40.00 / 100ML"
  },
  {
    "Brand_Product_Size": "Babushka Probiotic Kefir Natural 1kg",
    "WOW Price": 7,
    "WOW Size": "1kg",
    "WOW ppu": "$0.70 / 100G"
  },
  {
    "Brand_Product_Size": "Korbond Party Candle Metallics Number 7 19g",
    "WOW Price": 1.5,
    "WOW Size": "19g",
    "WOW ppu": "$1.50 / 1EA"
  },
  {
    "Brand_Product_Size": "Hair Dooz Shampoo Pack each",
    "WOW Price": 13,
    "WOW Size": "each",
    "WOW ppu": ""
  },
  {
    "Brand_Product_Size": "Arm & Hammer Clump & Seal Fresh Home Cat Litter 6.35kg",
    "WOW Price": 22,
    "WOW Size": "6.35kg",
    "WOW ppu": "$3.46 / 1KG"
  },
  {
    "Brand_Product_Size": "Annalisa Organically Farmed 4 Bean Mix 400g",
    "WOW Price": 1.6,
    "WOW Size": "400g",
    "WOW ppu": "$0.40 / 100G"
  },
  {
    "Brand_Product_Size": "Nando's Peri Peri Sauce Extra Bloody Hot 250g",
    "WOW Price": 5.2,
    "WOW Size": "250g",
    "WOW ppu": "$2.08 / 100G"
  },
  {
    "Brand_Product_Size": "Olina's Lavosh Crackers Natural 100g",
    "WOW Price": 3.5,
    "WOW Size": "100g",
    "WOW ppu": "$3.50 / 100G"
  },
  {
    "Brand_Product_Size": "Masterfoods Smoked Paprika 35g",
    "WOW Price": 3.3,
    "WOW Size": "35g",
    "WOW ppu": "$0.94 / 10G"
  },
  {
    "Brand_Product_Size": "Hygiene Plus Gloves Plus Silk Touch Large 1 pair",
    "WOW Price": 2.3,
    "WOW Size": "1 pair",
    "WOW ppu": "$2.30 / 1EA"
  },
  {
    "Brand_Product_Size": "Annalisa Organically Farmed Lentils 400g",
    "WOW Price": 1.6,
    "WOW Size": "400g",
    "WOW ppu": "$0.40 / 100G"
  },
  {
    "Brand_Product_Size": "Colgate Bamboo Kids Toothbrush Soft each",
    "WOW Price": 5,
    "WOW Size": "each",
    "WOW ppu": "$5.00 / 1EA"
  },
  {
    "Brand_Product_Size": "Colgate Sensitive Prorelief Enamel Repair Teeth Pain Toothpaste 110g",
    "WOW Price": 10,
    "WOW Size": "110g",
    "WOW ppu": "$9.09 / 100G"
  },
  {
    "Brand_Product_Size": "Fountain Satay Sauce 250mL",
    "WOW Price": 2.2,
    "WOW Size": "250mL",
    "WOW ppu": "$0.88 / 100ML"
  },
  {
    "Brand_Product_Size": "Mr Kipling French Fancies 8 pack",
    "WOW Price": 5,
    "WOW Size": "8 pack",
    "WOW ppu": "$0.63 / 1EA"
  },
  {
    "Brand_Product_Size": "Foster Clark's Custard Vanilla 1L",
    "WOW Price": 4,
    "WOW Size": "1L",
    "WOW ppu": "$0.40 / 100ML"
  },
  {
    "Brand_Product_Size": "Jordans Four Nut Muesli 600g",
    "WOW Price": 7,
    "WOW Size": "600g",
    "WOW ppu": "$1.17 / 100G"
  },
  {
    "Brand_Product_Size": "Maharajah's Choice Cinnamon Quills 100g",
    "WOW Price": 2.8,
    "WOW Size": "100g",
    "WOW ppu": "$2.80 / 100G"
  },
  {
    "Brand_Product_Size": "Barilla Lasagne Pasta 250g",
    "WOW Price": 2,
    "WOW Size": "250g",
    "WOW ppu": "$0.80 / 100G"
  },
  {
    "Brand_Product_Size": "Ayam Paste Thai Green Curry 195g",
    "WOW Price": 3.5,
    "WOW Size": "195g",
    "WOW ppu": "$1.79 / 100G"
  },
  {
    "Brand_Product_Size": "Tradie Ladies Hi-cut Size 14 3 pack",
    "WOW Price": 15,
    "WOW Size": "3 pack",
    "WOW ppu": ""
  },
  {
    "Brand_Product_Size": "Latina Fresh Roast Chicken & Garlic Ravioli 625g",
    "WOW Price": 6,
    "WOW Size": "625g",
    "WOW ppu": "$0.96 / 100G"
  },
  {
    "Brand_Product_Size": "Coco Earth Exotic Mushroom Risotto 300g",
    "WOW Price": 3.5,
    "WOW Size": "300g",
    "WOW ppu": "$1.17 / 100G"
  },
  {
    "Brand_Product_Size": "Piksters Bamboo Interdental Size 0 8 pack",
    "WOW Price": 8,
    "WOW Size": "8 pack",
    "WOW ppu": "$1.00 / 1EA"
  },
  {
    "Brand_Product_Size": "Amy's Kitchen Organic Chunky Vegetable Soup 405g",
    "WOW Price": 3.9,
    "WOW Size": "405g",
    "WOW ppu": "$0.96 / 100G"
  },
  {
    "Brand_Product_Size": "Maharajah's Choice Puffed Rice 200g",
    "WOW Price": 2.5,
    "WOW Size": "200g",
    "WOW ppu": "$1.25 / 100G"
  },
  {
    "Brand_Product_Size": "Almond Breeze Unsweetened Almond Milk 1L",
    "WOW Price": 2,
    "WOW Size": "1L",
    "WOW ppu": "$2.00 / 1L"
  },
  {
    "Brand_Product_Size": "Almond Breeze Unsweetened Almond Milk 1L",
    "WOW Price": 2,
    "WOW Size": "1L",
    "WOW ppu": "$2.00 / 1L"
  },
  {
    "Brand_Product_Size": "Bonds Mens Invisible Socks Size 11-14 2 pack",
    "WOW Price": 9,
    "WOW Size": "2 pack",
    "WOW ppu": ""
  },
  {
    "Brand_Product_Size": "Nutella Hazelnut Spread 1kg",
    "WOW Price": 10.5,
    "WOW Size": "1kg",
    "WOW ppu": "$1.05 / 100G"
  },
  {
    "Brand_Product_Size": "Nutella Hazelnut Spread 1kg",
    "WOW Price": 10.5,
    "WOW Size": "1kg",
    "WOW ppu": "$1.05 / 100G"
  },
  {
    "Brand_Product_Size": "Revlon Photoready Powder Light Medium 7.1g",
    "WOW Price": 18.5,
    "WOW Size": "7.1g",
    "WOW ppu": "$26.06 / 10G"
  },
  {
    "Brand_Product_Size": "Stabilo Swing Cool Pen Highlighters 4 pack",
    "WOW Price": 6.5,
    "WOW Size": "4 pack",
    "WOW ppu": ""
  },
  {
    "Brand_Product_Size": "Essentials Aspirin 300mg Tablets 24 pack",
    "WOW Price": 0.95,
    "WOW Size": "24 pack",
    "WOW ppu": "$0.04 / 1EA"
  },
  {
    "Brand_Product_Size": "Cottee's Conserve Apricot 500g",
    "WOW Price": 2.8,
    "WOW Size": "500g",
    "WOW ppu": "$0.56 / 100G"
  },
  {
    "Brand_Product_Size": "Swisse Ultiboost Hair Skin Nail Tabs 60 pack",
    "WOW Price": 23,
    "WOW Size": "60 pack",
    "WOW ppu": "$38.33 / 100EA"
  },
  {
    "Brand_Product_Size": "Hot Hands Hand Warmers 5 pack",
    "WOW Price": 8,
    "WOW Size": "5 pack",
    "WOW ppu": "$1.60 / 1EA"
  },
  {
    "Brand_Product_Size": "Mckenzie's Minestrone Soup Kit 180g",
    "WOW Price": 1.95,
    "WOW Size": "180g",
    "WOW ppu": "$1.08 / 100G"
  },
  {
    "Brand_Product_Size": "Cobram Estate Classic Extra Virgin Olive Oil 750mL",
    "WOW Price": 18,
    "WOW Size": "750mL",
    "WOW ppu": "$2.40 / 100ML"
  },
  {
    "Brand_Product_Size": "Nature's Gift Adult Dog Strips Gravy Style With Kangaroo In Gravy 100g",
    "WOW Price": 1,
    "WOW Size": "100g",
    "WOW ppu": "$1.00 / 100G"
  },
  {
    "Brand_Product_Size": "Mckenzie's Coconut Shredded Loose 215g",
    "WOW Price": 3.3,
    "WOW Size": "215g",
    "WOW ppu": "$15.35 / 1KG"
  },
  {
    "Brand_Product_Size": "Tom Piper Sausages & Vegetables 400g",
    "WOW Price": 3,
    "WOW Size": "400g",
    "WOW ppu": "$7.50 / 1KG"
  },
  {
    "Brand_Product_Size": "Arnott's Tiny Teddy Chocolate 8 pack",
    "WOW Price": 3,
    "WOW Size": "8 pack",
    "WOW ppu": "$1.50 / 100G"
  },
  {
    "Brand_Product_Size": "Arnott's Tiny Teddy Chocolate 8 pack",
    "WOW Price": 3,
    "WOW Size": "8 pack",
    "WOW ppu": "$1.50 / 100G"
  },
  {
    "Brand_Product_Size": "Jamie Oliver Rec Bowl 20cm",
    "WOW Price": 6.4,
    "WOW Size": "20cm",
    "WOW ppu": ""
  },
  {
    "Brand_Product_Size": "Ocean Pearl Australian Wild Caught Tropical Snapper Fillets 500g",
    "WOW Price": 17,
    "WOW Size": "500g",
    "WOW ppu": "$34.00 / 1KG"
  },
  {
    "Brand_Product_Size": "Moccona Freeze Dried Instant Coffee Classic Medium Roast 400g",
    "WOW Price": 24,
    "WOW Size": "400g",
    "WOW ppu": "$6.00 / 100G"
  },
  {
    "Brand_Product_Size": "Moccona Freeze Dried Instant Coffee Classic Medium Roast 400g",
    "WOW Price": 24,
    "WOW Size": "400g",
    "WOW ppu": "$6.00 / 100G"
  },
  {
    "Brand_Product_Size": "Nyal Paracetamol Tablets 20 pack",
    "WOW Price": 3.5,
    "WOW Size": "20 pack",
    "WOW ppu": "$0.18 / 1EA"
  },
  {
    "Brand_Product_Size": "Mccain Pizza Pocket Cheese & Bacon 4 pack",
    "WOW Price": 5,
    "WOW Size": "4 pack",
    "WOW ppu": "$1.25 / 100G"
  },
  {
    "Brand_Product_Size": "Bic Cristal Original Assorted Pens 10 pack",
    "WOW Price": 4,
    "WOW Size": "10 pack",
    "WOW ppu": ""
  },
  {
    "Brand_Product_Size": "White Wings Chocolate Mousse Mix 200g",
    "WOW Price": 3.2,
    "WOW Size": "200g",
    "WOW ppu": "$1.60 / 100G"
  },
  {
    "Brand_Product_Size": "Razzamatazz Ladder Resist Natural Size Xtall each",
    "WOW Price": 6,
    "WOW Size": "each",
    "WOW ppu": ""
  },
  {
    "Brand_Product_Size": "Obento Japanese Sushi & Sashimi Soy Sauce 250mL",
    "WOW Price": 3,
    "WOW Size": "250mL",
    "WOW ppu": "$1.20 / 100ML"
  },
  {
    "Brand_Product_Size": "Golden Circle Pear Nectar 1L",
    "WOW Price": 3,
    "WOW Size": "1L",
    "WOW ppu": "$3.00 / 1L"
  },
  {
    "Brand_Product_Size": "Macro Natural Almond Kernels 250g",
    "WOW Price": 7,
    "WOW Size": "250g",
    "WOW ppu": "$28.00 / 1KG"
  },
  {
    "Brand_Product_Size": "Nestle Soothers Throat Lozenges Liquid Centre Lemon Lime 10 pack",
    "WOW Price": 2,
    "WOW Size": "10 pack",
    "WOW ppu": "$0.20 / 1EA"
  },
  {
    "Brand_Product_Size": "Continental Cup A Soup Classic Chicken Noodle 4 pack",
    "WOW Price": 2,
    "WOW Size": "4 pack",
    "WOW ppu": "$5.00 / 100G"
  },
  {
    "Brand_Product_Size": "Meander Valley Double Cream 200mL",
    "WOW Price": 3.6,
    "WOW Size": "200mL",
    "WOW ppu": "$1.80 / 100ML"
  },
  {
    "Brand_Product_Size": "Eclipse Intense Mints Sugar Free Large Tin 40g",
    "WOW Price": 3,
    "WOW Size": "40g",
    "WOW ppu": "$7.50 / 100G"
  },
  {
    "Brand_Product_Size": "Rufus & Coco Reel Fish Crunchers Cat Treats 30g",
    "WOW Price": 10,
    "WOW Size": "30g",
    "WOW ppu": "$33.33 / 100G"
  },
  {
    "Brand_Product_Size": "Leggos Providore Tomato & Onion 400g",
    "WOW Price": 5,
    "WOW Size": "400g",
    "WOW ppu": "$1.25 / 100G"
  },
  {
    "Brand_Product_Size": "Leggos Fresh Carbonara Sauce 450g",
    "WOW Price": 5.5,
    "WOW Size": "450g",
    "WOW ppu": "$1.22 / 100G"
  },
  {
    "Brand_Product_Size": "Nature's Gift Sustain Kangaroo Dry Dog Food 6kg",
    "WOW Price": 18,
    "WOW Size": "6kg",
    "WOW ppu": "$0.30 / 100G"
  },
  {
    "Brand_Product_Size": "Akin Mild & Gentle Shampoo 500mL",
    "WOW Price": 18.85,
    "WOW Size": "500mL",
    "WOW ppu": "$3.77 / 100ML"
  },
  {
    "Brand_Product_Size": "Earth Chickenless Crumbed Bites 250g",
    "WOW Price": 7,
    "WOW Size": "250g",
    "WOW ppu": "$2.80 / 100G"
  },
  {
    "Brand_Product_Size": "Huy Fong Chilli Paste Sambal Oelek 230mL",
    "WOW Price": 4.9,
    "WOW Size": "230mL",
    "WOW ppu": "$2.13 / 100ML"
  },
  {
    "Brand_Product_Size": "Dove Women Antiperspirant Floral Deodorant Invisible Dry Touch 250mL",
    "WOW Price": 3.5,
    "WOW Size": "250mL",
    "WOW ppu": "$1.40 / 100ML"
  },
  {
    "Brand_Product_Size": "Patak's Tandoori Curry Simmer Sauce Sauce 450g",
    "WOW Price": 3.5,
    "WOW Size": "450g",
    "WOW ppu": "$0.78 / 100G"
  },
  {
    "Brand_Product_Size": "Edgell Corn Kernels Value Pack 4x125g",
    "WOW Price": 3,
    "WOW Size": "4x125g",
    "WOW ppu": "$6.00 / 1KG"
  },
  {
    "Brand_Product_Size": "Green Gardener 2 Way Tap Adaptor each",
    "WOW Price": 5,
    "WOW Size": "each",
    "WOW ppu": ""
  },
  {
    "Brand_Product_Size": "Sally Hansen Instant Nail Polish Remover Strengthening 75mL",
    "WOW Price": 10,
    "WOW Size": "75mL",
    "WOW ppu": "$1.33 / 10ML"
  },
  {
    "Brand_Product_Size": "Sunsweet Pitted Prunes 400g",
    "WOW Price": 6.3,
    "WOW Size": "400g",
    "WOW ppu": "$15.75 / 1KG"
  },
  {
    "Brand_Product_Size": "Tradie Ladies Hi-cut Size 16 Assorted 3 pack",
    "WOW Price": 15,
    "WOW Size": "3 pack",
    "WOW ppu": ""
  },
  {
    "Brand_Product_Size": "White Wings Brownie Mix Double Chocolate Fudge 560g",
    "WOW Price": 3,
    "WOW Size": "560g",
    "WOW ppu": "$0.54 / 100G"
  },
  {
    "Brand_Product_Size": "Macro Nutty N' Nice Mix 30g",
    "WOW Price": 1,
    "WOW Size": "30g",
    "WOW ppu": "$3.33 / 100G"
  },
  {
    "Brand_Product_Size": "Mint Double Hinged Waiter's Friend Corkscrew each",
    "WOW Price": 4,
    "WOW Size": "each",
    "WOW ppu": ""
  },
  {
    "Brand_Product_Size": "U By Kotex Ultrathin Pads Regular With Wings 14 pack",
    "WOW Price": 3.2,
    "WOW Size": "14 pack",
    "WOW ppu": "$0.23 / 1EA"
  },
  {
    "Brand_Product_Size": "Sistema Tritan Active Water Bottle each",
    "WOW Price": 12,
    "WOW Size": "each",
    "WOW ppu": "$12.00 / 1EA"
  },
  {
    "Brand_Product_Size": "Sistema Tritan Active Water Bottle each",
    "WOW Price": 12,
    "WOW Size": "each",
    "WOW ppu": "$12.00 / 1EA"
  },
  {
    "Brand_Product_Size": "Dynamo Professional Sensitive Laundry Liquid 1.8L",
    "WOW Price": 20,
    "WOW Size": "1.8L",
    "WOW ppu": "$11.11 / 1L"
  },
  {
    "Brand_Product_Size": "Spring Gully Worcestershire Sauce 250mL",
    "WOW Price": 1.9,
    "WOW Size": "250mL",
    "WOW ppu": "$0.76 / 100ML"
  },
  {
    "Brand_Product_Size": "Hercules Twin Zip Resealable Storage Bags Large 40 pack",
    "WOW Price": 6.5,
    "WOW Size": "40 pack",
    "WOW ppu": "$0.16 / 1EA"
  },
  {
    "Brand_Product_Size": "Moro Sherry Vinegar 250mL",
    "WOW Price": 4,
    "WOW Size": "250mL",
    "WOW ppu": "$1.60 / 100ML"
  },
  {
    "Brand_Product_Size": "Gillette Venus Comfortglide White Tea Razor Blades 4 pack",
    "WOW Price": 20,
    "WOW Size": "4 pack",
    "WOW ppu": "$5.00 / 1EA"
  },
  {
    "Brand_Product_Size": "Chang's Sesame Oil 150mL",
    "WOW Price": 3.65,
    "WOW Size": "150mL",
    "WOW ppu": "$2.43 / 100ML"
  },
  {
    "Brand_Product_Size": "Mack's Ear Plugs Soft Foam Snore Blockers 12 pack",
    "WOW Price": 10,
    "WOW Size": "12 pack",
    "WOW ppu": "$0.83 / 1EA"
  },
  {
    "Brand_Product_Size": "Telstra Samsung A11 each",
    "WOW Price": 179,
    "WOW Size": "each",
    "WOW ppu": ""
  },
  {
    "Brand_Product_Size": "Cobram Estate Olive Oil Extra Virgin 375mL",
    "WOW Price": 8.5,
    "WOW Size": "375mL",
    "WOW ppu": "$2.27 / 100ML"
  },
  {
    "Brand_Product_Size": "Bodiez Isotonic Protein Water - Tropic Crush 500mL",
    "WOW Price": 3.5,
    "WOW Size": "500mL",
    "WOW ppu": "$0.70 / 100ML"
  },
  {
    "Brand_Product_Size": "Twinings Russian Caravan Tea Bags 10 pack 20g",
    "WOW Price": 2.9,
    "WOW Size": "10 pack 20g",
    "WOW ppu": "$0.29 / 1EA"
  },
  {
    "Brand_Product_Size": "Twinings Russian Caravan Tea Bags 10 pack 20g",
    "WOW Price": 2.9,
    "WOW Size": "10 pack 20g",
    "WOW ppu": "$0.29 / 1EA"
  },
  {
    "Brand_Product_Size": "Hubbards Pomegranate & Blueberry Toasted Muesli 450g",
    "WOW Price": 7,
    "WOW Size": "450g",
    "WOW ppu": "$1.56 / 100G"
  },
  {
    "Brand_Product_Size": "Nestle Bakers' Choice Dark Choc Bits 200g",
    "WOW Price": 3.95,
    "WOW Size": "200g",
    "WOW ppu": "$1.98 / 100G"
  },
  {
    "Brand_Product_Size": "Woolworths Sparkling Mineral Water 1.25L",
    "WOW Price": 1,
    "WOW Size": "1.25L",
    "WOW ppu": "$0.80 / 1L"
  },
  {
    "Brand_Product_Size": "Garnier Olia Permanent Hair Colour 5.3 Golden Brown each",
    "WOW Price": 17,
    "WOW Size": "each",
    "WOW ppu": ""
  },
  {
    "Brand_Product_Size": "Razzamatazz Body Contour Pantyhose Opaque Tights 70d Tall-x-tall each",
    "WOW Price": 12,
    "WOW Size": "each",
    "WOW ppu": ""
  },
  {
    "Brand_Product_Size": "Macro Organic White Rice Medium Grain 1kg",
    "WOW Price": 4,
    "WOW Size": "1kg",
    "WOW ppu": "$0.40 / 100G"
  },
  {
    "Brand_Product_Size": "Bonds Explorer Socks Mens Black Size 11-14 1 pack",
    "WOW Price": 15,
    "WOW Size": "1 pack",
    "WOW ppu": ""
  },
  {
    "Brand_Product_Size": "Fancy Feast Adult Lamb Garden Greens & Snapper Flavour Dry Cat Food 450g",
    "WOW Price": 5.3,
    "WOW Size": "450g",
    "WOW ppu": "$1.18 / 100G"
  },
  {
    "Brand_Product_Size": "Undo Super Soft Laundry Liquid 2L",
    "WOW Price": 16,
    "WOW Size": "2L",
    "WOW ppu": "$8.00 / 1L"
  },
  {
    "Brand_Product_Size": "Charlie's Orange & Mango Quencher Fresh Juice 2L",
    "WOW Price": 5.1,
    "WOW Size": "2L",
    "WOW ppu": "$2.55 / 1L"
  },
  {
    "Brand_Product_Size": "Gatorade Blue Bolt Sports Drink 600mL",
    "WOW Price": 2.15,
    "WOW Size": "600mL",
    "WOW ppu": "$3.58 / 1L"
  },
  {
    "Brand_Product_Size": "Leggos Pasta Sauce Bolognese Red Wine 500g",
    "WOW Price": 3,
    "WOW Size": "500g",
    "WOW ppu": "$0.60 / 100G"
  },
  {
    "Brand_Product_Size": "White Wings Glazed Baked Donut Mix 290g",
    "WOW Price": 3,
    "WOW Size": "290g",
    "WOW ppu": "$1.03 / 100G"
  },
  {
    "Brand_Product_Size": "Devondale Moo Strawberry Milk 6x200mL",
    "WOW Price": 5.4,
    "WOW Size": "6x200mL",
    "WOW ppu": "$4.50 / 1L"
  },
  {
    "Brand_Product_Size": "Devondale Moo Strawberry Milk 6x200mL",
    "WOW Price": 5.4,
    "WOW Size": "6x200mL",
    "WOW ppu": "$4.50 / 1L"
  },
  {
    "Brand_Product_Size": "Woolworths Salmon Naturally Smoked 95g",
    "WOW Price": 1.3,
    "WOW Size": "95g",
    "WOW ppu": "$13.68 / 1KG"
  },
  {
    "Brand_Product_Size": "Play-doh Classic Colours Assorted each",
    "WOW Price": 7,
    "WOW Size": "each",
    "WOW ppu": ""
  },
  {
    "Brand_Product_Size": "La Gina Diced Tomatoes 400g",
    "WOW Price": 1,
    "WOW Size": "400g",
    "WOW ppu": "$2.50 / 1KG"
  },
  {
    "Brand_Product_Size": "Air Wick Botanica Diffuser Refills Pomegranate Italian Bergamot 2 pack",
    "WOW Price": 12.5,
    "WOW Size": "2 pack",
    "WOW ppu": "$3.29 / 10ML"
  },
  {
    "Brand_Product_Size": "Twinings Lady Grey Tea Bags 100 pack",
    "WOW Price": 11.2,
    "WOW Size": "100 pack",
    "WOW ppu": "$0.11 / 1EA"
  },
  {
    "Brand_Product_Size": "Twinings Lady Grey Tea Bags 100 pack",
    "WOW Price": 11.2,
    "WOW Size": "100 pack",
    "WOW ppu": "$0.11 / 1EA"
  },
  {
    "Brand_Product_Size": "Purina Pixar Dog Lead 120cm Assorted each",
    "WOW Price": 21,
    "WOW Size": "each",
    "WOW ppu": "$21.00 / 1EA"
  },
  {
    "Brand_Product_Size": "Philips Cfl Tornado Warm White 12w Es Base each",
    "WOW Price": 6.5,
    "WOW Size": "each",
    "WOW ppu": "$6.50 / 1EA"
  },
  {
    "Brand_Product_Size": "Smith's Crinkle Cut Potato Chips Cheese & Onion 170g",
    "WOW Price": 1.75,
    "WOW Size": "170g",
    "WOW ppu": "$1.03 / 100G"
  },
  {
    "Brand_Product_Size": "Lee Kum Kee Paste Coconut Curry Vegetables 110g",
    "WOW Price": 1.7,
    "WOW Size": "110g",
    "WOW ppu": "$1.55 / 100G"
  },
  {
    "Brand_Product_Size": "Method Gel Hand Wash Pump Pink Grapefruit 354mL",
    "WOW Price": 5,
    "WOW Size": "354mL",
    "WOW ppu": "$1.41 / 100ML"
  },
  {
    "Brand_Product_Size": "Essentials Storage 16l each",
    "WOW Price": 9,
    "WOW Size": "each",
    "WOW ppu": ""
  },
  {
    "Brand_Product_Size": "Schick Hydro 5 Sense Comfort Kit each",
    "WOW Price": 8,
    "WOW Size": "each",
    "WOW ppu": "$8.00 / 1EA"
  },
  {
    "Brand_Product_Size": "Veet Sensitive Hair Removal Wax Cold Strips 20 pack",
    "WOW Price": 9,
    "WOW Size": "20 pack",
    "WOW ppu": "$0.45 / 1EA"
  },
  {
    "Brand_Product_Size": "Vittoria Valentina Nespresso Compatible Coffee Capsules pack 10",
    "WOW Price": 6,
    "WOW Size": "pack 10",
    "WOW ppu": "$0.60 / 1EA"
  },
  {
    "Brand_Product_Size": "Vittoria Valentina Nespresso Compatible Coffee Capsules pack 10",
    "WOW Price": 6,
    "WOW Size": "pack 10",
    "WOW ppu": "$0.60 / 1EA"
  },
  {
    "Brand_Product_Size": "Primo Microwave Bacon 30g",
    "WOW Price": 2.5,
    "WOW Size": "30g",
    "WOW ppu": "$83.33 / 1KG"
  },
  {
    "Brand_Product_Size": "Ansell Gloves Long Cuff Disposable 20 pack",
    "WOW Price": 6,
    "WOW Size": "20 pack",
    "WOW ppu": "$0.30 / 1EA"
  },
  {
    "Brand_Product_Size": "Calidad Hp 905 Xl Black Ink Cartridge each",
    "WOW Price": 40,
    "WOW Size": "each",
    "WOW ppu": ""
  },
  {
    "Brand_Product_Size": "Spc Tropic Pineapple Slices In Syrup 432g",
    "WOW Price": 2.8,
    "WOW Size": "432g",
    "WOW ppu": "$6.48 / 1KG"
  },
  {
    "Brand_Product_Size": "Refresh Paper Dual Scent New Car Cool Breeze 2 pack",
    "WOW Price": 6,
    "WOW Size": "2 pack",
    "WOW ppu": "$3.00 / 1EA"
  },
  {
    "Brand_Product_Size": "Energizer E90 Alkaline Batteries 2 pack",
    "WOW Price": 7.49,
    "WOW Size": "2 pack",
    "WOW ppu": "$3.75 / 1EA"
  },
  {
    "Brand_Product_Size": "Heinz Baked Beans Tomato Sauce 4x130g",
    "WOW Price": 3.7,
    "WOW Size": "4x130g",
    "WOW ppu": "$0.71 / 100G"
  },
  {
    "Brand_Product_Size": "Sunraysia Natural Prune Juice 250mL",
    "WOW Price": 3,
    "WOW Size": "250mL",
    "WOW ppu": "$12.00 / 1L"
  },
  {
    "Brand_Product_Size": "Woolworths Jelly Raspberry 85g",
    "WOW Price": 0.9,
    "WOW Size": "85g",
    "WOW ppu": "$1.06 / 100G"
  },
  {
    "Brand_Product_Size": "Eveready Gold Aaa Batteries 8 pack",
    "WOW Price": 8,
    "WOW Size": "8 pack",
    "WOW ppu": "$1.00 / 1EA"
  },
  {
    "Brand_Product_Size": "Heinz Baked Beans Ham Sauce 300g",
    "WOW Price": 2,
    "WOW Size": "300g",
    "WOW ppu": "$0.67 / 100G"
  },
  {
    "Brand_Product_Size": "Radiant Advanced + Ultra Power Laundry Powder 1.8kg",
    "WOW Price": 9.75,
    "WOW Size": "1.8kg",
    "WOW ppu": "$5.42 / 1KG"
  },
  {
    "Brand_Product_Size": "Marco Polo European Foods Polenta 750g",
    "WOW Price": 2.8,
    "WOW Size": "750g",
    "WOW ppu": "$0.37 / 100G"
  },
  {
    "Brand_Product_Size": "Bundaberg Passionfruit 375mL",
    "WOW Price": 2.9,
    "WOW Size": "375mL",
    "WOW ppu": "$7.73 / 1L"
  },
  {
    "Brand_Product_Size": "Jordans Low Sugar Granola Blueberry & Coconut 500g",
    "WOW Price": 7,
    "WOW Size": "500g",
    "WOW ppu": "$1.40 / 100G"
  },
  {
    "Brand_Product_Size": "Smith's Thinly Cut Potato Chips Sweet Chilli & Sour Cream 175g",
    "WOW Price": 2,
    "WOW Size": "175g",
    "WOW ppu": "$1.14 / 100G"
  },
  {
    "Brand_Product_Size": "Just For Men Moustache & Beard Black 70g",
    "WOW Price": 12,
    "WOW Size": "70g",
    "WOW ppu": "$12.00 / 1EA"
  },
  {
    "Brand_Product_Size": "Red Island Extra Virgin Olive Oil Cold Pressed 1L",
    "WOW Price": 18,
    "WOW Size": "1L",
    "WOW ppu": "$1.80 / 100ML"
  },
  {
    "Brand_Product_Size": "Coca-cola Diet Soft Drink Bottle 600mL",
    "WOW Price": 3.65,
    "WOW Size": "600mL",
    "WOW ppu": "$6.08 / 1L"
  },
  {
    "Brand_Product_Size": "Jordans Truly Fruit Muesli 600g",
    "WOW Price": 7,
    "WOW Size": "600g",
    "WOW ppu": "$1.17 / 100G"
  },
  {
    "Brand_Product_Size": "Macro Bean Burger Mix 200g",
    "WOW Price": 3.5,
    "WOW Size": "200g",
    "WOW ppu": "$1.75 / 100G"
  },
  {
    "Brand_Product_Size": "Macro Organic Raspberry Jam 250g",
    "WOW Price": 2.2,
    "WOW Size": "250g",
    "WOW ppu": "$0.88 / 100G"
  },
  {
    "Brand_Product_Size": "Five Tastes Rice Infusions Coconut & Kaffir Lime 160g",
    "WOW Price": 4,
    "WOW Size": "160g",
    "WOW ppu": "$2.50 / 100G"
  },
  {
    "Brand_Product_Size": "Snack Mc Pani Puris 10 pack",
    "WOW Price": 4.25,
    "WOW Size": "10 pack",
    "WOW ppu": "$4.25 / 1EA"
  },
  {
    "Brand_Product_Size": "Jinmailang Emperor Noodle Spicy Chicken 114g",
    "WOW Price": 0.9,
    "WOW Size": "114g",
    "WOW ppu": "$0.79 / 100G"
  },
  {
    "Brand_Product_Size": "Head & Shoulders Itchy Scalp Care Shampoo 400mL",
    "WOW Price": 9.1,
    "WOW Size": "400mL",
    "WOW ppu": "$2.28 / 100ML"
  },
  {
    "Brand_Product_Size": "Maretti Bruschette Chips Sweet Basil Pesto 150g",
    "WOW Price": 2.5,
    "WOW Size": "150g",
    "WOW ppu": "$1.67 / 100G"
  },
  {
    "Brand_Product_Size": "Gardener Mixed Blossom Honey Jar 700g",
    "WOW Price": 6.5,
    "WOW Size": "700g",
    "WOW ppu": "$0.93 / 100G"
  },
  {
    "Brand_Product_Size": "Darrell Lea Traditional Liquorice Block 180g",
    "WOW Price": 5,
    "WOW Size": "180g",
    "WOW ppu": "$2.78 / 100G"
  },
  {
    "Brand_Product_Size": "Barilla Red Lentil Penne 250g",
    "WOW Price": 3.8,
    "WOW Size": "250g",
    "WOW ppu": "$1.52 / 100G"
  },
  {
    "Brand_Product_Size": "Calidad Canon Pgi670/cli671 Bbcmy 5 pack",
    "WOW Price": 79,
    "WOW Size": "5 pack",
    "WOW ppu": ""
  },
  {
    "Brand_Product_Size": "Astroglide Naturally Derived Personal Lubricant 74mL",
    "WOW Price": 12.6,
    "WOW Size": "74mL",
    "WOW ppu": "$17.03 / 100ML"
  },
  {
    "Brand_Product_Size": "Eastcoast Wake Up Shake Up Juice 2L",
    "WOW Price": 5.5,
    "WOW Size": "2L",
    "WOW ppu": "$2.75 / 1L"
  },
  {
    "Brand_Product_Size": "La Care Disposable Face Masks 50 pack",
    "WOW Price": 17,
    "WOW Size": "50 pack",
    "WOW ppu": "$0.34 / 1EA"
  },
  {
    "Brand_Product_Size": "Bref Deluxe Lovely Jasmine each",
    "WOW Price": 6,
    "WOW Size": "each",
    "WOW ppu": "$12.00 / 100G"
  },
  {
    "Brand_Product_Size": "Woolworths Mens Big Brolly Black Charcola each",
    "WOW Price": 17.95,
    "WOW Size": "each",
    "WOW ppu": ""
  },
  {
    "Brand_Product_Size": "Woolworths Whole Egg Mayonnaise 440g",
    "WOW Price": 2.8,
    "WOW Size": "440g",
    "WOW ppu": "$0.64 / 100G"
  },
  {
    "Brand_Product_Size": "Nestle Bakers' Choice Milk Choc Bits 200g",
    "WOW Price": 3.95,
    "WOW Size": "200g",
    "WOW ppu": "$1.98 / 100G"
  },
  {
    "Brand_Product_Size": "Golden Circle Pineapple Pieces In Syrup 450g",
    "WOW Price": 3.75,
    "WOW Size": "450g",
    "WOW ppu": "$8.33 / 1KG"
  },
  {
    "Brand_Product_Size": "Cadbury Fingers Milk Chocolate 114g",
    "WOW Price": 3,
    "WOW Size": "114g",
    "WOW ppu": "$2.63 / 100G"
  },
  {
    "Brand_Product_Size": "Infuzions Prawn Crackers Bbq Rib Flavour 100g",
    "WOW Price": 2,
    "WOW Size": "100g",
    "WOW ppu": "$2.00 / 100G"
  },
  {
    "Brand_Product_Size": "Surf 2in1 Laundry Liquid Detergent Tropical Lily 1L",
    "WOW Price": 4.99,
    "WOW Size": "1L",
    "WOW ppu": "$4.99 / 1L"
  },
  {
    "Brand_Product_Size": "Mint Small Oval Platter Stoneware each",
    "WOW Price": 5,
    "WOW Size": "each",
    "WOW ppu": ""
  },
  {
    "Brand_Product_Size": "Chris' Homestyle Tzatziki Dip 100g x3 pack",
    "WOW Price": 6,
    "WOW Size": "100g x3 pack",
    "WOW ppu": "$2.00 / 100G"
  },
  {
    "Brand_Product_Size": "Hot Wheels Diecast Car 5 pack",
    "WOW Price": 9.6,
    "WOW Size": "5 pack",
    "WOW ppu": ""
  },
  {
    "Brand_Product_Size": "Wiltshire Bakeware Enamel Bake Pie Dish 20cm each",
    "WOW Price": 8,
    "WOW Size": "each",
    "WOW ppu": ""
  },
  {
    "Brand_Product_Size": "Woolworths Snack Pot Salt & Vinegar Nut & & Pretzel Mix 165g",
    "WOW Price": 6,
    "WOW Size": "165g",
    "WOW ppu": "$36.36 / 1KG"
  },
  {
    "Brand_Product_Size": "Tom & Luke Original Dark Chocolate Snackballs 132g",
    "WOW Price": 5,
    "WOW Size": "132g",
    "WOW ppu": "$3.79 / 100G"
  },
  {
    "Brand_Product_Size": "V8 Breakfast Fusion Vegetable Juice 1.25L",
    "WOW Price": 3.5,
    "WOW Size": "1.25L",
    "WOW ppu": "$2.80 / 1L"
  },
  {
    "Brand_Product_Size": "Tandaco One Pan Dinner Savoury Noodle 200g",
    "WOW Price": 4,
    "WOW Size": "200g",
    "WOW ppu": "$2.00 / 100G"
  },
  {
    "Brand_Product_Size": "Masterfoods San Choy Bow Recipe Base 175g",
    "WOW Price": 2.2,
    "WOW Size": "175g",
    "WOW ppu": "$1.26 / 100G"
  },
  {
    "Brand_Product_Size": "Woolworths Free From Gluten Barbecue Flavoured Crackers 160g",
    "WOW Price": 4,
    "WOW Size": "160g",
    "WOW ppu": "$2.50 / 100G"
  },
  {
    "Brand_Product_Size": "Arnott's Shapes Original Pizza Crackers 190g",
    "WOW Price": 2.5,
    "WOW Size": "190g",
    "WOW ppu": "$1.32 / 100G"
  },
  {
    "Brand_Product_Size": "Herbal Essences Bio Renew Conditioner Hydrate Coconut Milk 600mL",
    "WOW Price": 9,
    "WOW Size": "600mL",
    "WOW ppu": "$1.50 / 100ML"
  },
  {
    "Brand_Product_Size": "Spring Gully Pickles Green Tomato 415g",
    "WOW Price": 2.6,
    "WOW Size": "415g",
    "WOW ppu": "$6.27 / 1KG"
  },
  {
    "Brand_Product_Size": "Beerenberg Relish Tomato & Cracked Pepper 265g",
    "WOW Price": 4,
    "WOW Size": "265g",
    "WOW ppu": "$1.51 / 100G"
  },
  {
    "Brand_Product_Size": "Woolworths Smooth Peanut Butter 500g",
    "WOW Price": 2.4,
    "WOW Size": "500g",
    "WOW ppu": "$0.48 / 100G"
  },
  {
    "Brand_Product_Size": "Brunswick Skinless And Boneless Sardine In Chilli Pepper 125g",
    "WOW Price": 3,
    "WOW Size": "125g",
    "WOW ppu": "$24.00 / 1KG"
  },
  {
    "Brand_Product_Size": "Bega Cashew Spread Smooth 325g",
    "WOW Price": 5.7,
    "WOW Size": "325g",
    "WOW ppu": "$1.75 / 100G"
  },
  {
    "Brand_Product_Size": "Kraft Parmesan Cheese Cannister 125g",
    "WOW Price": 4.3,
    "WOW Size": "125g",
    "WOW ppu": "$34.40 / 1KG"
  },
  {
    "Brand_Product_Size": "Kraft Parmesan Cheese Cannister 125g",
    "WOW Price": 4.3,
    "WOW Size": "125g",
    "WOW ppu": "$34.40 / 1KG"
  },
  {
    "Brand_Product_Size": "Coca-cola No Sugar Soft Drink Bottle 2L",
    "WOW Price": 2.85,
    "WOW Size": "2L",
    "WOW ppu": "$1.43 / 1L"
  },
  {
    "Brand_Product_Size": "Fancy Feast Adult Royale Broths Tuna Surimi Whitebait Wet Cat Food 40g",
    "WOW Price": 1.2,
    "WOW Size": "40g",
    "WOW ppu": "$3.00 / 100G"
  },
  {
    "Brand_Product_Size": "Underworks Underwear Womens Classic Full Brief Size 14 2 pack",
    "WOW Price": 10,
    "WOW Size": "2 pack",
    "WOW ppu": ""
  },
  {
    "Brand_Product_Size": "Australian Organic Food Co Fruit Puree Pear Peach Nectarine 120g",
    "WOW Price": 2,
    "WOW Size": "120g",
    "WOW ppu": "$16.67 / 1KG"
  },
  {
    "Brand_Product_Size": "Palmer's Cocoa Butter Body Lotion 400mL",
    "WOW Price": 10,
    "WOW Size": "400mL",
    "WOW ppu": "$2.50 / 100ML"
  },
  {
    "Brand_Product_Size": "Bickford's Cordial Pink Grape Fruit 750mL",
    "WOW Price": 4,
    "WOW Size": "750mL",
    "WOW ppu": "$5.33 / 1L"
  },
  {
    "Brand_Product_Size": "Gillette Venus Simply Disposable Razors 3 pack",
    "WOW Price": 5.5,
    "WOW Size": "3 pack",
    "WOW ppu": "$1.83 / 1EA"
  },
  {
    "Brand_Product_Size": "Fluffy Fabric Softener Conditioner Sachet Jasmine Fresh 250mL",
    "WOW Price": 1.8,
    "WOW Size": "250mL",
    "WOW ppu": "$7.20 / 1L"
  },
  {
    "Brand_Product_Size": "Always Fresh Sundried Tomatoes Strips 220g",
    "WOW Price": 4.5,
    "WOW Size": "220g",
    "WOW ppu": "$20.45 / 1KG"
  },
  {
    "Brand_Product_Size": "Biore Deep Cleansing Pore Strips 6 pack",
    "WOW Price": 4.32,
    "WOW Size": "6 pack",
    "WOW ppu": "$0.72 / 1EA"
  },
  {
    "Brand_Product_Size": "Pedigree Adult Small Breed Dry Dog Food With Real Beef & Veggies 2.5kg",
    "WOW Price": 12,
    "WOW Size": "2.5kg",
    "WOW ppu": "$0.48 / 100G"
  },
  {
    "Brand_Product_Size": "Razzamatazz 15d Ladder Resist Natural Average each",
    "WOW Price": 6,
    "WOW Size": "each",
    "WOW ppu": ""
  },
  {
    "Brand_Product_Size": "Gravox Gravy Instant Supreme Chicken 29g",
    "WOW Price": 1.1,
    "WOW Size": "29g",
    "WOW ppu": "$0.38 / 10G"
  },
  {
    "Brand_Product_Size": "Hoyt's Cinnamon Dutch Ground 25g",
    "WOW Price": 1.5,
    "WOW Size": "25g",
    "WOW ppu": "$0.60 / 10G"
  },
  {
    "Brand_Product_Size": "Gravox Gravy Liquid Our Best Ever Schnitzel 165g",
    "WOW Price": 2.5,
    "WOW Size": "165g",
    "WOW ppu": "$1.52 / 100G"
  },
  {
    "Brand_Product_Size": "Bulldog Face Care Sensitive Moisturiser 100mL",
    "WOW Price": 12.5,
    "WOW Size": "100mL",
    "WOW ppu": "$12.50 / 100ML"
  },
  {
    "Brand_Product_Size": "Kleenex Anti-bacterial Wet Wipes 40 pack",
    "WOW Price": 4.4,
    "WOW Size": "40 pack",
    "WOW ppu": "$0.11 / 1EA"
  },
  {
    "Brand_Product_Size": "Kleenex Anti-bacterial Wet Wipes 40 pack",
    "WOW Price": 4.4,
    "WOW Size": "40 pack",
    "WOW ppu": "$0.11 / 1EA"
  },
  {
    "Brand_Product_Size": "Oscar Orsen Nail Scissors each",
    "WOW Price": 7,
    "WOW Size": "each",
    "WOW ppu": ""
  },
  {
    "Brand_Product_Size": "Macro Gourmet Mixed Fruit 500g",
    "WOW Price": 7.5,
    "WOW Size": "500g",
    "WOW ppu": "$15.00 / 1KG"
  },
  {
    "Brand_Product_Size": "Aunt Betty's Whipped Cream Vanilla Bliss 250mL",
    "WOW Price": 4,
    "WOW Size": "250mL",
    "WOW ppu": "$1.60 / 100ML"
  },
  {
    "Brand_Product_Size": "Bega Strong & Bitey Cheese Slices 15 pack 250g",
    "WOW Price": 4.5,
    "WOW Size": "15 pack 250g",
    "WOW ppu": "$18.00 / 1KG"
  },
  {
    "Brand_Product_Size": "Yates Thrive Soluble Fertilizer 500g",
    "WOW Price": 10,
    "WOW Size": "500g",
    "WOW ppu": "$2.00 / 100G"
  },
  {
    "Brand_Product_Size": "Tutto Pasta Fettuccini With Bolognese & Lentil Sauce 300g",
    "WOW Price": 8,
    "WOW Size": "300g",
    "WOW ppu": "$2.67 / 100G"
  },
  {
    "Brand_Product_Size": "Alpecin Caffeine Shampoo 250mL",
    "WOW Price": 12.5,
    "WOW Size": "250mL",
    "WOW ppu": "$5.00 / 100ML"
  },
  {
    "Brand_Product_Size": "Veet Hair Removal Cream Sensitive 100g",
    "WOW Price": 7,
    "WOW Size": "100g",
    "WOW ppu": "$7.00 / 100G"
  },
  {
    "Brand_Product_Size": "Johnson's Baby Lotion 500mL",
    "WOW Price": 9.5,
    "WOW Size": "500mL",
    "WOW ppu": "$1.90 / 100ML"
  },
  {
    "Brand_Product_Size": "Mr Chen's Prawn Hargow 550g",
    "WOW Price": 12,
    "WOW Size": "550g",
    "WOW ppu": "$2.18 / 100G"
  },
  {
    "Brand_Product_Size": "Pandaroo Noodles Thin Egg 375g",
    "WOW Price": 2.6,
    "WOW Size": "375g",
    "WOW ppu": "$0.69 / 100G"
  },
  {
    "Brand_Product_Size": "Decor Match Ups Clips Square 630ml each",
    "WOW Price": 6,
    "WOW Size": "each",
    "WOW ppu": ""
  },
  {
    "Brand_Product_Size": "Ogx Quenching & Coconut Curls Conditioner 385mL",
    "WOW Price": 20,
    "WOW Size": "385mL",
    "WOW ppu": "$5.19 / 100ML"
  },
  {
    "Brand_Product_Size": "Swisse Ultiboost High Strength Vitamin C + Zinc Powder Orange 150g",
    "WOW Price": 33,
    "WOW Size": "150g",
    "WOW ppu": ""
  },
  {
    "Brand_Product_Size": "Diet Rite Multi Fruits Cordial 1L",
    "WOW Price": 3,
    "WOW Size": "1L",
    "WOW ppu": "$3.00 / 1L"
  },
  {
    "Brand_Product_Size": "Paperclick A4 Visual Art Diary 120pg",
    "WOW Price": 6,
    "WOW Size": "120pg",
    "WOW ppu": ""
  },
  {
    "Brand_Product_Size": "Yates Insect Spray Nature's Way All Purpose 750mL",
    "WOW Price": 15,
    "WOW Size": "750mL",
    "WOW ppu": "$2.00 / 100ML"
  },
  {
    "Brand_Product_Size": "Nudie 100% Apple Juice 2L",
    "WOW Price": 7.5,
    "WOW Size": "2L",
    "WOW ppu": "$3.75 / 1L"
  },
  {
    "Brand_Product_Size": "Armada College Party Cups 20 pack",
    "WOW Price": 4,
    "WOW Size": "20 pack",
    "WOW ppu": "$0.20 / 1EA"
  },
  {
    "Brand_Product_Size": "Nivea Naturally Good Organic Oat & Nourishment Body Lotion 350mL",
    "WOW Price": 6.3,
    "WOW Size": "350mL",
    "WOW ppu": "$1.80 / 100ML"
  },
  {
    "Brand_Product_Size": "Laucke Crusty White Bread Mix 2.4kg",
    "WOW Price": 9.2,
    "WOW Size": "2.4kg",
    "WOW ppu": "$3.83 / 1KG"
  },
  {
    "Brand_Product_Size": "Chevron 4 Outlet Powerboard 1m 10amps each",
    "WOW Price": 4,
    "WOW Size": "each",
    "WOW ppu": ""
  },
  {
    "Brand_Product_Size": "Noshu 97% Sugar Free Dark Choc & Raspberry Donut 45g",
    "WOW Price": 3.75,
    "WOW Size": "45g",
    "WOW ppu": "$8.33 / 100G"
  },
  {
    "Brand_Product_Size": "Peters Drumstick Super Chocolate 4 pack",
    "WOW Price": 8.4,
    "WOW Size": "4 pack",
    "WOW ppu": "$1.77 / 100ML"
  },
  {
    "Brand_Product_Size": "Garnier Nutrisse Hair Colour 1 Liquorice Black each",
    "WOW Price": 7.46,
    "WOW Size": "each",
    "WOW ppu": ""
  },
  {
    "Brand_Product_Size": "Ichiban Noodle Bowl Roast Pork 150g",
    "WOW Price": 3.5,
    "WOW Size": "150g",
    "WOW ppu": "$2.33 / 100G"
  },
  {
    "Brand_Product_Size": "Rimmel Lasting Finish 25hr Foundation Golden Beige 30mL",
    "WOW Price": 9.5,
    "WOW Size": "30mL",
    "WOW ppu": "$3.17 / 10ML"
  },
  {
    "Brand_Product_Size": "Woolworths Organic Blueberry 125g",
    "WOW Price": 8.9,
    "WOW Size": "125g",
    "WOW ppu": "$71.20 / 1KG"
  },
  {
    "Brand_Product_Size": "Coca-cola No Sugar Caffeine Free Bottle 1.25L",
    "WOW Price": 1.95,
    "WOW Size": "1.25L",
    "WOW ppu": "$1.56 / 1L"
  },
  {
    "Brand_Product_Size": "Gillette Mach3 Turbo 3d Blades 8 pack",
    "WOW Price": 27,
    "WOW Size": "8 pack",
    "WOW ppu": "$3.38 / 1EA"
  },
  {
    "Brand_Product_Size": "Nescafe Gold Cappuccino Intense 8 pack",
    "WOW Price": 3.15,
    "WOW Size": "8 pack",
    "WOW ppu": "$0.39 / 1EA"
  },
  {
    "Brand_Product_Size": "Nescafe Gold Cappuccino Intense 8 pack",
    "WOW Price": 3.15,
    "WOW Size": "8 pack",
    "WOW ppu": "$0.39 / 1EA"
  },
  {
    "Brand_Product_Size": "Woolworths Butter Chicken With Rice 350g",
    "WOW Price": 7.5,
    "WOW Size": "350g",
    "WOW ppu": "$2.14 / 100G"
  },
  {
    "Brand_Product_Size": "Woolworths Raspberry & White Chocolate Loaf Cake 450g",
    "WOW Price": 7,
    "WOW Size": "450g",
    "WOW ppu": "$1.56 / 100G"
  },
  {
    "Brand_Product_Size": "Woolworths Fetta & Spinach Chicken Sausages 500g",
    "WOW Price": 8.5,
    "WOW Size": "500g",
    "WOW ppu": "$17.00 / 1KG"
  },
  {
    "Brand_Product_Size": "Sunrice Super Grains Gluten Free Multigrain Blend Cup 250g",
    "WOW Price": 3,
    "WOW Size": "250g",
    "WOW ppu": "$1.20 / 100G"
  },
  {
    "Brand_Product_Size": "Primo Short Cut Bacon 750g",
    "WOW Price": 11,
    "WOW Size": "750g",
    "WOW ppu": "$14.67 / 1KG"
  },
  {
    "Brand_Product_Size": "Poppin Microwave Popcorn Sea Salt Flavour 100g",
    "WOW Price": 1.75,
    "WOW Size": "100g",
    "WOW ppu": "$1.75 / 100G"
  },
  {
    "Brand_Product_Size": "Woolworths Chargrilled Lamb In Mint Gravy 400g",
    "WOW Price": 11,
    "WOW Size": "400g",
    "WOW ppu": "$2.75 / 100G"
  },
  {
    "Brand_Product_Size": "Woolworths Quiche Lorraine 700g",
    "WOW Price": 11.5,
    "WOW Size": "700g",
    "WOW ppu": "$1.64 / 100G"
  },
  {
    "Brand_Product_Size": "Buk Choy Asian Greens each",
    "WOW Price": 2.5,
    "WOW Size": "each",
    "WOW ppu": "$2.50 / 1EA"
  },
  {
    "Brand_Product_Size": "Woolworths Beef Brisket Bones 1kg - 1.65kg",
    "WOW Price": 10.73,
    "WOW Size": "1kg - 1.65kg",
    "WOW ppu": "$6.50 / 1KG"
  },
  {
    "Brand_Product_Size": "Johnson's Shampoo 500mL",
    "WOW Price": 9.5,
    "WOW Size": "500mL",
    "WOW ppu": "$1.90 / 100ML"
  },
  {
    "Brand_Product_Size": "Johnson's Shampoo 500mL",
    "WOW Price": 9.5,
    "WOW Size": "500mL",
    "WOW ppu": "$1.90 / 100ML"
  },
  {
    "Brand_Product_Size": "Gourmet Delight Meaty Feast 80g x12 pack",
    "WOW Price": 10,
    "WOW Size": "80g x12 pack",
    "WOW ppu": "$1.04 / 100G"
  },
  {
    "Brand_Product_Size": "Macro Organic Low Fat Milk 1L",
    "WOW Price": 2.2,
    "WOW Size": "1L",
    "WOW ppu": "$2.20 / 1L"
  },
  {
    "Brand_Product_Size": "Macro Whole Chicken Free Range 1.1kg - 2.25kg",
    "WOW Price": 14.63,
    "WOW Size": "1.1kg - 2.25kg",
    "WOW ppu": "$6.50 / 1KG"
  },
  {
    "Brand_Product_Size": "Swisse Ultiboost Relax & Sleep 60 tabLets",
    "WOW Price": 32,
    "WOW Size": "60 tabLets",
    "WOW ppu": "$53.33 / 100EA"
  },
  {
    "Brand_Product_Size": "Garlo's Junior Beef Sausage Rolls 12 pack",
    "WOW Price": 10.95,
    "WOW Size": "12 pack",
    "WOW ppu": "$1.40 / 100G"
  },
  {
    "Brand_Product_Size": "Garlo's Junior Beef Sausage Rolls 12 pack",
    "WOW Price": 10.95,
    "WOW Size": "12 pack",
    "WOW ppu": "$1.40 / 100G"
  },
  {
    "Brand_Product_Size": "Inspire Glass Tall Cyclinder Shape Vase each",
    "WOW Price": 8,
    "WOW Size": "each",
    "WOW ppu": ""
  },
  {
    "Brand_Product_Size": "Woolworths Cauliflower Broccoli & Carrot 500g",
    "WOW Price": 6,
    "WOW Size": "500g",
    "WOW ppu": "$12.00 / 1KG"
  },
  {
    "Brand_Product_Size": "Sealord Hoki Fillets Pub Style 450g",
    "WOW Price": 7.5,
    "WOW Size": "450g",
    "WOW ppu": "$16.67 / 1KG"
  },
  {
    "Brand_Product_Size": "Borg's Shortcrust Pastry Value 1.7kg",
    "WOW Price": 6.3,
    "WOW Size": "1.7kg",
    "WOW ppu": "$0.37 / 100G"
  },
  {
    "Brand_Product_Size": "Baxter's Dog Food Casserole Chicken, Rice & Veg 700g",
    "WOW Price": 1.3,
    "WOW Size": "700g",
    "WOW ppu": "$0.19 / 100G"
  },
  {
    "Brand_Product_Size": "Hoyt's Garlic Granules 40g",
    "WOW Price": 1.75,
    "WOW Size": "40g",
    "WOW ppu": "$0.44 / 10G"
  },
  {
    "Brand_Product_Size": "Macro Organic Cacao Powder 250g",
    "WOW Price": 5.5,
    "WOW Size": "250g",
    "WOW ppu": "$2.20 / 100G"
  },
  {
    "Brand_Product_Size": "Mother Berry Energy Drink 500mL",
    "WOW Price": 2.5,
    "WOW Size": "500mL",
    "WOW ppu": "$5.00 / 1L"
  },
  {
    "Brand_Product_Size": "Freedom Foods Cereal Multigrain & Cranberry 350g",
    "WOW Price": 6,
    "WOW Size": "350g",
    "WOW ppu": "$1.71 / 100G"
  },
  {
    "Brand_Product_Size": "Uncle Tobys Yoghurt Muesli Bars Strawberry 469g",
    "WOW Price": 6,
    "WOW Size": "469g",
    "WOW ppu": "$1.28 / 100G"
  },
  {
    "Brand_Product_Size": "Uncle Tobys Yoghurt Muesli Bars Strawberry 469g",
    "WOW Price": 6,
    "WOW Size": "469g",
    "WOW ppu": "$1.28 / 100G"
  },
  {
    "Brand_Product_Size": "Woolworths Creamy Potato Salad 800g",
    "WOW Price": 5.9,
    "WOW Size": "800g",
    "WOW ppu": "$0.74 / 100G"
  },
  {
    "Brand_Product_Size": "Woolworths Creamy Potato Salad 800g",
    "WOW Price": 5.9,
    "WOW Size": "800g",
    "WOW ppu": "$0.74 / 100G"
  },
  {
    "Brand_Product_Size": "Duck Toilet Fresh Disc Marine Refill 2x36mL",
    "WOW Price": 8,
    "WOW Size": "2x36mL",
    "WOW ppu": "$11.11 / 100ML"
  },
  {
    "Brand_Product_Size": "Head & Shoulders Apple Fresh Shampoo 400mL",
    "WOW Price": 9.1,
    "WOW Size": "400mL",
    "WOW ppu": "$2.28 / 100ML"
  },
  {
    "Brand_Product_Size": "Energizer Iphone Premium Steel Cable 1.2 Metre each",
    "WOW Price": 30,
    "WOW Size": "each",
    "WOW ppu": ""
  },
  {
    "Brand_Product_Size": "Little Bellies Organic Puffs Apple & Cinnamon 12g",
    "WOW Price": 1.7,
    "WOW Size": "12g",
    "WOW ppu": "$14.17 / 100G"
  },
  {
    "Brand_Product_Size": "Magnum Ice Cream Peppermint 4 pack",
    "WOW Price": 9,
    "WOW Size": "4 pack",
    "WOW ppu": "$2.10 / 100ML"
  },
  {
    "Brand_Product_Size": "Woolworths Essentials Paper Clips Silver 50mm 100 pack",
    "WOW Price": 4,
    "WOW Size": "100 pack",
    "WOW ppu": ""
  },
  {
    "Brand_Product_Size": "Woolworths Baby Pepper Bells Fetta Filled 120g",
    "WOW Price": 3.5,
    "WOW Size": "120g",
    "WOW ppu": "$2.92 / 100G"
  },
  {
    "Brand_Product_Size": "Tresemme Keratin Smooth Shampoo 350mL",
    "WOW Price": 4.5,
    "WOW Size": "350mL",
    "WOW ppu": "$1.29 / 100ML"
  },
  {
    "Brand_Product_Size": "Toscano Mini Hot Dog Brioche Buns 6 pack",
    "WOW Price": 5,
    "WOW Size": "6 pack",
    "WOW ppu": "$0.83 / 1EA"
  },
  {
    "Brand_Product_Size": "Stingose Antiseptic Spray 25mL",
    "WOW Price": 9,
    "WOW Size": "25mL",
    "WOW ppu": "$36.00 / 100ML"
  },
  {
    "Brand_Product_Size": "Pauls Double Thick French Vanilla Custard 900g",
    "WOW Price": 5.3,
    "WOW Size": "900g",
    "WOW ppu": "$0.59 / 100G"
  },
  {
    "Brand_Product_Size": "Woolworths Thyme Fresh Herb 10g punnet",
    "WOW Price": 3,
    "WOW Size": "10g punnet",
    "WOW ppu": "$3.00 / 10G"
  },
  {
    "Brand_Product_Size": "Woolworths Thyme Fresh Herb 10g punnet",
    "WOW Price": 3,
    "WOW Size": "10g punnet",
    "WOW ppu": "$3.00 / 10G"
  },
  {
    "Brand_Product_Size": "Glad Baking Paper 60m",
    "WOW Price": 9,
    "WOW Size": "60m",
    "WOW ppu": "$0.15 / 1M"
  },
  {
    "Brand_Product_Size": "Tassal Smoked Salmon 150g",
    "WOW Price": 10.25,
    "WOW Size": "150g",
    "WOW ppu": "$68.33 / 1KG"
  },
  {
    "Brand_Product_Size": "Starbucks By Nespresso House Blend Coffee Pods 10 pack",
    "WOW Price": 5,
    "WOW Size": "10 pack",
    "WOW ppu": "$0.50 / 1EA"
  },
  {
    "Brand_Product_Size": "Starbucks By Nespresso House Blend Coffee Pods 10 pack",
    "WOW Price": 5,
    "WOW Size": "10 pack",
    "WOW ppu": "$0.50 / 1EA"
  },
  {
    "Brand_Product_Size": "Snackable Snacking Carrot each",
    "WOW Price": 3.5,
    "WOW Size": "each",
    "WOW ppu": "$14.00 / 1KG"
  },
  {
    "Brand_Product_Size": "Pauls Strawberry Custard Pouch 140g",
    "WOW Price": 2,
    "WOW Size": "140g",
    "WOW ppu": "$1.43 / 100G"
  },
  {
    "Brand_Product_Size": "Garlo's Family Pie Lean Beef 550g",
    "WOW Price": 9.95,
    "WOW Size": "550g",
    "WOW ppu": "$1.81 / 100G"
  },
  {
    "Brand_Product_Size": "Woolworths Ice Cream Cones Caramel 475mL",
    "WOW Price": 3.5,
    "WOW Size": "475mL",
    "WOW ppu": "$0.74 / 100ML"
  },
  {
    "Brand_Product_Size": "Dettol Disinfectant Surface Wipes Fresh 240 pack",
    "WOW Price": 15,
    "WOW Size": "240 pack",
    "WOW ppu": "$6.25 / 100EA"
  },
  {
    "Brand_Product_Size": "Dare Espresso Iced Coffee 750mL",
    "WOW Price": 3.2,
    "WOW Size": "750mL",
    "WOW ppu": "$4.27 / 1L"
  },
  {
    "Brand_Product_Size": "Peters Light & Creamy French Vanilla Ice Cream 1.8L",
    "WOW Price": 5,
    "WOW Size": "1.8L",
    "WOW ppu": "$0.28 / 100ML"
  },
  {
    "Brand_Product_Size": "Pico Chocolate Super Dark 80g",
    "WOW Price": 6,
    "WOW Size": "80g",
    "WOW ppu": "$7.50 / 100G"
  },
  {
    "Brand_Product_Size": "Woolworths Orange & Mango Sparkling Mineral Water 1.25L",
    "WOW Price": 1,
    "WOW Size": "1.25L",
    "WOW ppu": "$0.80 / 1L"
  },
  {
    "Brand_Product_Size": "Luv-a-duck Fresh Duck Breast Fillets 380g",
    "WOW Price": 14,
    "WOW Size": "380g",
    "WOW ppu": "$36.84 / 1KG"
  },
  {
    "Brand_Product_Size": "Masterfoods Chipotle Taco Style Sauce 250mL",
    "WOW Price": 2.45,
    "WOW Size": "250mL",
    "WOW ppu": "$0.98 / 100ML"
  },
  {
    "Brand_Product_Size": "Green's Savoury Scone Cheese & Chive Mix 460g",
    "WOW Price": 4,
    "WOW Size": "460g",
    "WOW ppu": "$0.87 / 100G"
  },
  {
    "Brand_Product_Size": "Masterfoods Mango Chutney Relish 250g",
    "WOW Price": 2.7,
    "WOW Size": "250g",
    "WOW ppu": "$10.80 / 1KG"
  },
  {
    "Brand_Product_Size": "Macro Organic Vinegar Balsamic 4 Leaf 250mL",
    "WOW Price": 6,
    "WOW Size": "250mL",
    "WOW ppu": "$2.40 / 100ML"
  },
  {
    "Brand_Product_Size": "The Wheat Bag Relieve & Relax 18cm X 16cm each",
    "WOW Price": 17,
    "WOW Size": "each",
    "WOW ppu": "$17.00 / 1EA"
  },
  {
    "Brand_Product_Size": "Baxter's Dental Sticks Small Dog 28 pack",
    "WOW Price": 10,
    "WOW Size": "28 pack",
    "WOW ppu": "$0.36 / 1EA"
  },
  {
    "Brand_Product_Size": "Armada Plastic Plates White 50 pack",
    "WOW Price": 6,
    "WOW Size": "50 pack",
    "WOW ppu": "$0.12 / 1EA"
  },
  {
    "Brand_Product_Size": "Total Care Dentarope Dog Toy each",
    "WOW Price": 13,
    "WOW Size": "each",
    "WOW ppu": "$13.00 / 1EA"
  },
  {
    "Brand_Product_Size": "John West Anchovies 45g",
    "WOW Price": 2.9,
    "WOW Size": "45g",
    "WOW ppu": "$64.44 / 1KG"
  },
  {
    "Brand_Product_Size": "Playgro Grooming Brush & Comb Set Assorted 1 pack",
    "WOW Price": 8.5,
    "WOW Size": "1 pack",
    "WOW ppu": ""
  },
  {
    "Brand_Product_Size": "Nescafe Gold Orginal Soluble Instant Coffee 100g",
    "WOW Price": 9.5,
    "WOW Size": "100g",
    "WOW ppu": "$9.50 / 100G"
  },
  {
    "Brand_Product_Size": "Nescafe Gold Orginal Soluble Instant Coffee 100g",
    "WOW Price": 9.5,
    "WOW Size": "100g",
    "WOW ppu": "$9.50 / 100G"
  },
  {
    "Brand_Product_Size": "Revlon Colorstay Medium Beige Foundation 30mL",
    "WOW Price": 17.5,
    "WOW Size": "30mL",
    "WOW ppu": "$5.83 / 10ML"
  },
  {
    "Brand_Product_Size": "Argan Oil Large Cushion Pad Brush each",
    "WOW Price": 16,
    "WOW Size": "each",
    "WOW ppu": ""
  },
  {
    "Brand_Product_Size": "Sirena Tuna In Oil Italian Style 425g",
    "WOW Price": 5.5,
    "WOW Size": "425g",
    "WOW ppu": "$12.94 / 1KG"
  },
  {
    "Brand_Product_Size": "Always Fresh Kalamata Olives Sliced 220g",
    "WOW Price": 5.4,
    "WOW Size": "220g",
    "WOW ppu": "$24.55 / 1KG"
  },
  {
    "Brand_Product_Size": "Fisiocrem Solugel 120g",
    "WOW Price": 22,
    "WOW Size": "120g",
    "WOW ppu": "$18.33 / 100G"
  },
  {
    "Brand_Product_Size": "Jack The Barber Classic Shaving Brush each",
    "WOW Price": 6,
    "WOW Size": "each",
    "WOW ppu": "$6.00 / 1EA"
  },
  {
    "Brand_Product_Size": "Vittoria Decaffeinated Ground Coffee Espresso 200g",
    "WOW Price": 6,
    "WOW Size": "200g",
    "WOW ppu": "$3.00 / 100G"
  },
  {
    "Brand_Product_Size": "Vittoria Decaffeinated Ground Coffee Espresso 200g",
    "WOW Price": 6,
    "WOW Size": "200g",
    "WOW ppu": "$3.00 / 100G"
  },
  {
    "Brand_Product_Size": "Paperclick Pastel Highlighter 6 pack",
    "WOW Price": 4,
    "WOW Size": "6 pack",
    "WOW ppu": ""
  },
  {
    "Brand_Product_Size": "Health Lab Choc Mint To Be Plant Based Bliss Ball 40g",
    "WOW Price": 2,
    "WOW Size": "40g",
    "WOW ppu": "$5.00 / 100G"
  },
  {
    "Brand_Product_Size": "Essentials Cat Litter Clay Clumping 4.5L",
    "WOW Price": 2.65,
    "WOW Size": "4.5L",
    "WOW ppu": "$0.59 / 1KG"
  },
  {
    "Brand_Product_Size": "Always Fresh Chilli Peppers Mild 310g",
    "WOW Price": 3,
    "WOW Size": "310g",
    "WOW ppu": "$9.68 / 1KG"
  },
  {
    "Brand_Product_Size": "Olay Regenerist Advanced Anti Ageing Cream Cleanser 100g",
    "WOW Price": 12.25,
    "WOW Size": "100g",
    "WOW ppu": "$12.25 / 100G"
  },
  {
    "Brand_Product_Size": "Babylove Cosifit Bulk Nappies Newborn 48 pack",
    "WOW Price": 14,
    "WOW Size": "48 pack",
    "WOW ppu": "$0.29 / 1EA"
  },
  {
    "Brand_Product_Size": "My Soda Hydrate Shampoo 350mL",
    "WOW Price": 10,
    "WOW Size": "350mL",
    "WOW ppu": "$2.86 / 100ML"
  },
  {
    "Brand_Product_Size": "On The Menu Beef Lasagne 2kg",
    "WOW Price": 9.5,
    "WOW Size": "2kg",
    "WOW ppu": "$0.48 / 100G"
  },
  {
    "Brand_Product_Size": "Jack Hammer Packing Tape 48mmx50m each",
    "WOW Price": 5,
    "WOW Size": "each",
    "WOW ppu": "$5.00 / 1EA"
  },
  {
    "Brand_Product_Size": "Woolworths Garlic Crackers 185g",
    "WOW Price": 1.8,
    "WOW Size": "185g",
    "WOW ppu": "$0.97 / 100G"
  },
  {
    "Brand_Product_Size": "Baxter's Chicken Chews 200g",
    "WOW Price": 4,
    "WOW Size": "200g",
    "WOW ppu": "$2.00 / 100G"
  },
  {
    "Brand_Product_Size": "Sara Lee Butter Chocolate Cake 350g",
    "WOW Price": 6.25,
    "WOW Size": "350g",
    "WOW ppu": "$1.79 / 100G"
  },
  {
    "Brand_Product_Size": "Goulburn Valley Two Fruits 700g",
    "WOW Price": 3.7,
    "WOW Size": "700g",
    "WOW ppu": "$5.29 / 1KG"
  },
  {
    "Brand_Product_Size": "Woolworths Sumac Ground 40g",
    "WOW Price": 2.8,
    "WOW Size": "40g",
    "WOW ppu": "$0.70 / 10G"
  },
  {
    "Brand_Product_Size": "Woolworths French Style Cheesecake 450g",
    "WOW Price": 3.3,
    "WOW Size": "450g",
    "WOW ppu": "$0.73 / 100G"
  },
  {
    "Brand_Product_Size": "Difflam Forte Throat Spray 15mL",
    "WOW Price": 16,
    "WOW Size": "15mL",
    "WOW ppu": "$106.67 / 100ML"
  },
  {
    "Brand_Product_Size": "Ayam Malaysian Rendang Curry Paste 185g",
    "WOW Price": 3.5,
    "WOW Size": "185g",
    "WOW ppu": "$1.89 / 100G"
  },
  {
    "Brand_Product_Size": "Haldiram's Khatta Meetha 150g",
    "WOW Price": 2,
    "WOW Size": "150g",
    "WOW ppu": "$1.33 / 100G"
  },
  {
    "Brand_Product_Size": "Armada Grease Proof Paper 30cm x 30m",
    "WOW Price": 1.4,
    "WOW Size": "30cm x 30m",
    "WOW ppu": "$0.05 / 1M"
  },
  {
    "Brand_Product_Size": "Super Nature Split Pea & Lentil Dhal 350g",
    "WOW Price": 6.3,
    "WOW Size": "350g",
    "WOW ppu": "$1.80 / 100G"
  },
  {
    "Brand_Product_Size": "Glen 20 Pure Air Freshener Fresh Water 283g",
    "WOW Price": 10,
    "WOW Size": "283g",
    "WOW ppu": "$3.53 / 100G"
  },
  {
    "Brand_Product_Size": "Powerade Active Water Lemon 600mL",
    "WOW Price": 2.2,
    "WOW Size": "600mL",
    "WOW ppu": "$3.67 / 1L"
  },
  {
    "Brand_Product_Size": "Chobani Fit Mango Greek Yoghurt 170g",
    "WOW Price": 1.5,
    "WOW Size": "170g",
    "WOW ppu": "$0.88 / 100G"
  },
  {
    "Brand_Product_Size": "Blackmores Daily Magnesium Powder 150g",
    "WOW Price": 15,
    "WOW Size": "150g",
    "WOW ppu": "$10.00 / 100G"
  },
  {
    "Brand_Product_Size": "The Dutch Company Almond Fingers 5 pack",
    "WOW Price": 2.5,
    "WOW Size": "5 pack",
    "WOW ppu": "$1.09 / 100G"
  },
  {
    "Brand_Product_Size": "Mint Set Of Funnels 3 pack",
    "WOW Price": 3,
    "WOW Size": "3 pack",
    "WOW ppu": ""
  },
  {
    "Brand_Product_Size": "Hegs Pegs 18 pack",
    "WOW Price": 6,
    "WOW Size": "18 pack",
    "WOW ppu": "$0.33 / 1EA"
  },
  {
    "Brand_Product_Size": "Woolworths Soft & Juicy Figs 250g",
    "WOW Price": 3,
    "WOW Size": "250g",
    "WOW ppu": "$12.00 / 1KG"
  },
  {
    "Brand_Product_Size": "Vaseline Intensive Care Body Lotion Cocoa Glow 225mL",
    "WOW Price": 4.5,
    "WOW Size": "225mL",
    "WOW ppu": "$2.00 / 100ML"
  },
  {
    "Brand_Product_Size": "Fresh Strawberry 250g",
    "WOW Price": 4.9,
    "WOW Size": "250g",
    "WOW ppu": "$19.60 / 1KG"
  },
  {
    "Brand_Product_Size": "Fresh Strawberry 250g",
    "WOW Price": 4.9,
    "WOW Size": "250g",
    "WOW ppu": "$19.60 / 1KG"
  },
  {
    "Brand_Product_Size": "Colgate Zigzag Deep Interdental Clean Toothbrush Medium 3 pack",
    "WOW Price": 5,
    "WOW Size": "3 pack",
    "WOW ppu": "$1.67 / 1EA"
  },
  {
    "Brand_Product_Size": "Clairol Nice N Easy Root Touch-up 3 Black each",
    "WOW Price": 13,
    "WOW Size": "each",
    "WOW ppu": ""
  },
  {
    "Brand_Product_Size": "Woolworths Spring Water 600mL bottLe",
    "WOW Price": 1.1,
    "WOW Size": "600mL bottLe",
    "WOW ppu": "$1.83 / 1L"
  },
  {
    "Brand_Product_Size": "Woolworths Spring Water 600mL bottLe",
    "WOW Price": 1.1,
    "WOW Size": "600mL bottLe",
    "WOW ppu": "$1.83 / 1L"
  },
  {
    "Brand_Product_Size": "Bulla Choc Bars Vanilla 10 pack",
    "WOW Price": 5,
    "WOW Size": "10 pack",
    "WOW ppu": "$0.65 / 100ML"
  },
  {
    "Brand_Product_Size": "Woolworths Potato Bacon Bake 650g",
    "WOW Price": 9,
    "WOW Size": "650g",
    "WOW ppu": "$1.38 / 100G"
  },
  {
    "Brand_Product_Size": "Coca-cola No Sugar Soft Drink Bottle 1.25L",
    "WOW Price": 1.95,
    "WOW Size": "1.25L",
    "WOW ppu": "$1.56 / 1L"
  },
  {
    "Brand_Product_Size": "Devondale Dairy Soft Butter Blend 500g",
    "WOW Price": 5.7,
    "WOW Size": "500g",
    "WOW ppu": "$1.14 / 100G"
  },
  {
    "Brand_Product_Size": "Devondale Dairy Soft Butter Blend 500g",
    "WOW Price": 5.7,
    "WOW Size": "500g",
    "WOW ppu": "$1.14 / 100G"
  },
  {
    "Brand_Product_Size": "Devondale Dairy Soft Butter Blend 500g",
    "WOW Price": 5.7,
    "WOW Size": "500g",
    "WOW ppu": "$1.14 / 100G"
  },
  {
    "Brand_Product_Size": "Remedy Organic Kombucha Mango Passion 750mL",
    "WOW Price": 5,
    "WOW Size": "750mL",
    "WOW ppu": "$6.67 / 1L"
  },
  {
    "Brand_Product_Size": "Golden Circle Orange Drink Multipack 6x250mL",
    "WOW Price": 4.5,
    "WOW Size": "6x250mL",
    "WOW ppu": "$3.00 / 1L"
  },
  {
    "Brand_Product_Size": "Woolworths Herb Green Olives Halves 120g",
    "WOW Price": 3.5,
    "WOW Size": "120g",
    "WOW ppu": "$2.92 / 100G"
  },
  {
    "Brand_Product_Size": "Three Threes Tomato Sauce 275mL",
    "WOW Price": 2.99,
    "WOW Size": "275mL",
    "WOW ppu": "$1.09 / 100ML"
  },
  {
    "Brand_Product_Size": "Macro Organic Brown Rice 750g",
    "WOW Price": 3.5,
    "WOW Size": "750g",
    "WOW ppu": "$0.47 / 100G"
  },
  {
    "Brand_Product_Size": "Queen Ultimate Sprinkles Midnight Magic 110g",
    "WOW Price": 4,
    "WOW Size": "110g",
    "WOW ppu": "$3.64 / 100G"
  },
  {
    "Brand_Product_Size": "Koja Peanut Butter Caramel Bar 30g",
    "WOW Price": 3.2,
    "WOW Size": "30g",
    "WOW ppu": "$10.67 / 100G"
  },
  {
    "Brand_Product_Size": "Lucky Toasted Sunflower Kernels 180g",
    "WOW Price": 2.15,
    "WOW Size": "180g",
    "WOW ppu": "$1.19 / 100G"
  },
  {
    "Brand_Product_Size": "Bzyoo Travel Flask 350mL",
    "WOW Price": 14,
    "WOW Size": "350mL",
    "WOW ppu": ""
  },
  {
    "Brand_Product_Size": "Inspire Double Wall Glass Latte 2 pack",
    "WOW Price": 8,
    "WOW Size": "2 pack",
    "WOW ppu": ""
  },
  {
    "Brand_Product_Size": "Johnson's Body Care Moisturising Body Wash 1L",
    "WOW Price": 8.5,
    "WOW Size": "1L",
    "WOW ppu": "$0.85 / 100ML"
  },
  {
    "Brand_Product_Size": "Mildura Orange Passionfruit Fruit Drink 500mL",
    "WOW Price": 2.15,
    "WOW Size": "500mL",
    "WOW ppu": "$4.30 / 1L"
  },
  {
    "Brand_Product_Size": "Easiyo Strawberry Flavour Yoghurt Base 230g",
    "WOW Price": 4,
    "WOW Size": "230g",
    "WOW ppu": "$1.74 / 100G"
  },
  {
    "Brand_Product_Size": "Sunrice Rice Snacks Mini Bites Cheese 160g",
    "WOW Price": 4,
    "WOW Size": "160g",
    "WOW ppu": "$2.50 / 100G"
  },
  {
    "Brand_Product_Size": "Sunrice Rice Snacks Mini Bites Cheese 160g",
    "WOW Price": 4,
    "WOW Size": "160g",
    "WOW ppu": "$2.50 / 100G"
  },
  {
    "Brand_Product_Size": "Saxbys Ginger Beer 750mL",
    "WOW Price": 1.9,
    "WOW Size": "750mL",
    "WOW ppu": "$2.53 / 1L"
  },
  {
    "Brand_Product_Size": "Lighthouse Bread And Pizza Plain Flour 1kg",
    "WOW Price": 3.75,
    "WOW Size": "1kg",
    "WOW ppu": "$3.75 / 1KG"
  },
  {
    "Brand_Product_Size": "Nong Shim Kim Chi Noodles 5 pack",
    "WOW Price": 7,
    "WOW Size": "5 pack",
    "WOW ppu": "$1.17 / 100G"
  },
  {
    "Brand_Product_Size": "Gillette Venus Smooth Women's Razor - 1 Handle each",
    "WOW Price": 6.5,
    "WOW Size": "each",
    "WOW ppu": ""
  },
  {
    "Brand_Product_Size": "Jack Hammer Tap Kit 36 Piece Repair Kit each",
    "WOW Price": 8.5,
    "WOW Size": "each",
    "WOW ppu": ""
  },
  {
    "Brand_Product_Size": "Woolworths Peas & Corn 500g",
    "WOW Price": 2.35,
    "WOW Size": "500g",
    "WOW ppu": "$4.70 / 1KG"
  },
  {
    "Brand_Product_Size": "Clif Bar Crunchy Peanut Butter 68g",
    "WOW Price": 3,
    "WOW Size": "68g",
    "WOW ppu": "$4.41 / 100G"
  },
  {
    "Brand_Product_Size": "Dove Conditioner Dermacare Anti Dandruff Coconut & Hydration 300mL",
    "WOW Price": 5.5,
    "WOW Size": "300mL",
    "WOW ppu": "$1.83 / 100ML"
  },
  {
    "Brand_Product_Size": "Zanetti Grana Padano Grated 100g",
    "WOW Price": 4.5,
    "WOW Size": "100g",
    "WOW ppu": "$45.00 / 1KG"
  },
  {
    "Brand_Product_Size": "Zanetti Grana Padano Grated 100g",
    "WOW Price": 4.5,
    "WOW Size": "100g",
    "WOW ppu": "$45.00 / 1KG"
  },
  {
    "Brand_Product_Size": "Woolworths Free From Mint Creme Biscuit 145g",
    "WOW Price": 3.5,
    "WOW Size": "145g",
    "WOW ppu": "$2.41 / 100G"
  },
  {
    "Brand_Product_Size": "Woolworths Free From Mint Creme Biscuit 145g",
    "WOW Price": 3.5,
    "WOW Size": "145g",
    "WOW ppu": "$2.41 / 100G"
  },
  {
    "Brand_Product_Size": "Doritos Corn Chips Multipack Cheese Supreme 6 pack",
    "WOW Price": 3.15,
    "WOW Size": "6 pack",
    "WOW ppu": "$2.76 / 100G"
  },
  {
    "Brand_Product_Size": "Doritos Corn Chips Multipack Cheese Supreme 6 pack",
    "WOW Price": 3.15,
    "WOW Size": "6 pack",
    "WOW ppu": "$2.76 / 100G"
  },
  {
    "Brand_Product_Size": "Beechworth Pure Squeezable Honey 400g",
    "WOW Price": 8.2,
    "WOW Size": "400g",
    "WOW ppu": "$2.05 / 100G"
  },
  {
    "Brand_Product_Size": "Sistema Klip It Plus Rectangle 400mL",
    "WOW Price": 1.62,
    "WOW Size": "400mL",
    "WOW ppu": "$1.62 / 1EA"
  },
  {
    "Brand_Product_Size": "Fantastic Rice Crackers Seaweed 100g",
    "WOW Price": 1.5,
    "WOW Size": "100g",
    "WOW ppu": "$1.50 / 100G"
  },
  {
    "Brand_Product_Size": "Nature Valley Crunchy Bars Canadian Maple Syrup 6 pack",
    "WOW Price": 5.5,
    "WOW Size": "6 pack",
    "WOW ppu": "$2.18 / 100G"
  },
  {
    "Brand_Product_Size": "4 Legs Chicken & Salmon Meatballs Dog Food 1.3kg",
    "WOW Price": 7.5,
    "WOW Size": "1.3kg",
    "WOW ppu": "$0.58 / 100G"
  },
  {
    "Brand_Product_Size": "Revlon Ultra Hd Matte Lip Mousse Spice 5.9mL",
    "WOW Price": 12.5,
    "WOW Size": "5.9mL",
    "WOW ppu": "$21.19 / 10ML"
  },
  {
    "Brand_Product_Size": "Wise Bunny Almond Yoghurt Strawberry 600g",
    "WOW Price": 5,
    "WOW Size": "600g",
    "WOW ppu": "$0.83 / 100G"
  },
  {
    "Brand_Product_Size": "Big M Chocolate Milk 2L",
    "WOW Price": 4.3,
    "WOW Size": "2L",
    "WOW ppu": "$2.15 / 1L"
  },
  {
    "Brand_Product_Size": "The Culture Co. Kefir Yogurt Passionfruit 150g",
    "WOW Price": 2.3,
    "WOW Size": "150g",
    "WOW ppu": "$1.53 / 100G"
  },
  {
    "Brand_Product_Size": "Paramount Salmon Pure Pink 100g",
    "WOW Price": 2.75,
    "WOW Size": "100g",
    "WOW ppu": "$27.50 / 1KG"
  },
  {
    "Brand_Product_Size": "Garnier Fructis Coconut Water Shampoo Shampoo 850mL",
    "WOW Price": 7.5,
    "WOW Size": "850mL",
    "WOW ppu": "$0.88 / 100ML"
  },
  {
    "Brand_Product_Size": "Hans Lunch Plate Spanish Style Chorizo & Onion Relish 110g",
    "WOW Price": 6.5,
    "WOW Size": "110g",
    "WOW ppu": "$59.09 / 1KG"
  },
  {
    "Brand_Product_Size": "Blackmores Glucosamine Sulfate 1500mg Tablets 180 pack",
    "WOW Price": 54,
    "WOW Size": "180 pack",
    "WOW ppu": "$30.00 / 100EA"
  },
  {
    "Brand_Product_Size": "Frantelle Still Water 1.5L",
    "WOW Price": 1.15,
    "WOW Size": "1.5L",
    "WOW ppu": "$0.77 / 1L"
  },
  {
    "Brand_Product_Size": "Huon Tasmanian Smoked Salmon Wood Roasted 150g",
    "WOW Price": 10,
    "WOW Size": "150g",
    "WOW ppu": "$66.67 / 1KG"
  },
  {
    "Brand_Product_Size": "Weis Ice Cream Passionfruit Banana Pineapple 4 pack",
    "WOW Price": 5.5,
    "WOW Size": "4 pack",
    "WOW ppu": "$1.96 / 100ML"
  },
  {
    "Brand_Product_Size": "Sistema Brilliance Small Rectangle each",
    "WOW Price": 6,
    "WOW Size": "each",
    "WOW ppu": ""
  },
  {
    "Brand_Product_Size": "Libra Girl Good Night Pads With Wings 10 pack",
    "WOW Price": 2.9,
    "WOW Size": "10 pack",
    "WOW ppu": "$0.29 / 1EA"
  },
  {
    "Brand_Product_Size": "Mcobeauty Lip Oil Hydrating Treatment 9mL",
    "WOW Price": 6,
    "WOW Size": "9mL",
    "WOW ppu": "$6.67 / 10ML"
  },
  {
    "Brand_Product_Size": "Tasti Smooshed Wholefood Balls Peanut Butter & Caramel 69g",
    "WOW Price": 3.3,
    "WOW Size": "69g",
    "WOW ppu": "$4.78 / 100G"
  },
  {
    "Brand_Product_Size": "Woolworths Extra Virgin Olive Oil 500mL",
    "WOW Price": 6,
    "WOW Size": "500mL",
    "WOW ppu": "$1.20 / 100ML"
  },
  {
    "Brand_Product_Size": "Coyo Organic Coconut Yoghurt Vanilla Bean 500g",
    "WOW Price": 7,
    "WOW Size": "500g",
    "WOW ppu": "$1.40 / 100G"
  },
  {
    "Brand_Product_Size": "Woolworths Gherkins Sweet Spiced 500g",
    "WOW Price": 1.85,
    "WOW Size": "500g",
    "WOW ppu": "$3.70 / 1KG"
  },
  {
    "Brand_Product_Size": "Talley's Chilled Mussels Marinated Garlic 375g",
    "WOW Price": 7.75,
    "WOW Size": "375g",
    "WOW ppu": "$20.67 / 1KG"
  },
  {
    "Brand_Product_Size": "Renovatio Original Activated Phenolics Powder 150g",
    "WOW Price": 35,
    "WOW Size": "150g",
    "WOW ppu": "$23.33 / 100G"
  },
  {
    "Brand_Product_Size": "Mud Lipstick Endless Pink each",
    "WOW Price": 4.5,
    "WOW Size": "each",
    "WOW ppu": "$4.50 / 1EA"
  },
  {
    "Brand_Product_Size": "Steradent Active Plus Denture Care Paste 115g",
    "WOW Price": 4.95,
    "WOW Size": "115g",
    "WOW ppu": "$4.30 / 100G"
  },
  {
    "Brand_Product_Size": "Rimmel Insta Fix & Go Primer & Setting Spray 100mL",
    "WOW Price": 7,
    "WOW Size": "100mL",
    "WOW ppu": "$7.00 / 100ML"
  },
  {
    "Brand_Product_Size": "Energizer Vision Hd Led 300 Lumens each",
    "WOW Price": 30,
    "WOW Size": "each",
    "WOW ppu": "$30.00 / 1EA"
  },
  {
    "Brand_Product_Size": "Vileda Power Fibers Duster each",
    "WOW Price": 8,
    "WOW Size": "each",
    "WOW ppu": ""
  },
  {
    "Brand_Product_Size": "La Gina Peeled Tomatoes 400g",
    "WOW Price": 1,
    "WOW Size": "400g",
    "WOW ppu": "$2.50 / 1KG"
  },
  {
    "Brand_Product_Size": "Mediterranean Delite Hummos With Roasted Capsicum & Jalapenos 200g",
    "WOW Price": 3.5,
    "WOW Size": "200g",
    "WOW ppu": "$1.75 / 100G"
  },
  {
    "Brand_Product_Size": "Sistema Klip It Plus Rectangle 450mL",
    "WOW Price": 2.25,
    "WOW Size": "450mL",
    "WOW ppu": "$2.25 / 1EA"
  },
  {
    "Brand_Product_Size": "Mcobeauty Grooming Set 15 pack",
    "WOW Price": 10,
    "WOW Size": "15 pack",
    "WOW ppu": ""
  },
  {
    "Brand_Product_Size": "Mortein Powergard Flying Insect Killer Spray 300g",
    "WOW Price": 8.8,
    "WOW Size": "300g",
    "WOW ppu": "$2.93 / 100G"
  },
  {
    "Brand_Product_Size": "Optimum Puppy With Chicken Rice & Vegetables Wet Dog Food 100g",
    "WOW Price": 1,
    "WOW Size": "100g",
    "WOW ppu": "$1.00 / 100G"
  },
  {
    "Brand_Product_Size": "Aeroplane Jelly Original Raspberry 85g",
    "WOW Price": 1,
    "WOW Size": "85g",
    "WOW ppu": "$1.18 / 100G"
  },
  {
    "Brand_Product_Size": "Woolworths Mini Iced Cupcakes With Sprinkles 24 pack",
    "WOW Price": 10,
    "WOW Size": "24 pack",
    "WOW ppu": "$0.42 / 1EA"
  },
  {
    "Brand_Product_Size": "Woolworths Mini Iced Cupcakes With Sprinkles 24 pack",
    "WOW Price": 10,
    "WOW Size": "24 pack",
    "WOW ppu": "$0.42 / 1EA"
  },
  {
    "Brand_Product_Size": "Wiltshire Silicone Bowl Covers 3 pack",
    "WOW Price": 9,
    "WOW Size": "3 pack",
    "WOW ppu": ""
  },
  {
    "Brand_Product_Size": "Koo Fruit Guava Halves 410g",
    "WOW Price": 4,
    "WOW Size": "410g",
    "WOW ppu": "$0.98 / 100G"
  },
  {
    "Brand_Product_Size": "Woolworths Kitchen Gadget Funnel 3 pack",
    "WOW Price": 3,
    "WOW Size": "3 pack",
    "WOW ppu": ""
  },
  {
    "Brand_Product_Size": "Farmers Market Hickory Beef In Gravy Wet Dog Food 100g",
    "WOW Price": 1.5,
    "WOW Size": "100g",
    "WOW ppu": "$1.50 / 100G"
  },
  {
    "Brand_Product_Size": "Mr Sheen Polish Regular 250g",
    "WOW Price": 6,
    "WOW Size": "250g",
    "WOW ppu": "$2.40 / 100G"
  },
  {
    "Brand_Product_Size": "Uncle Ben's Microwave Brown Rice 250g",
    "WOW Price": 2.4,
    "WOW Size": "250g",
    "WOW ppu": "$0.96 / 100G"
  },
  {
    "Brand_Product_Size": "Energizer Lithium 1632 Battery each",
    "WOW Price": 6,
    "WOW Size": "each",
    "WOW ppu": "$6.00 / 1EA"
  },
  {
    "Brand_Product_Size": "Woolworths Mango Salsa 240g",
    "WOW Price": 1.5,
    "WOW Size": "240g",
    "WOW ppu": "$0.63 / 100G"
  },
  {
    "Brand_Product_Size": "Colgate Daily Fluoride Mouth Rinse Neutrafluor 220 473mL",
    "WOW Price": 12.2,
    "WOW Size": "473mL",
    "WOW ppu": "$2.58 / 100ML"
  },
  {
    "Brand_Product_Size": "Health Lab Kids Choc Bliss Bites 150g",
    "WOW Price": 5.5,
    "WOW Size": "150g",
    "WOW ppu": "$3.67 / 100G"
  },
  {
    "Brand_Product_Size": "Rimmel Provocalips Make Your Move 7mL",
    "WOW Price": 9.5,
    "WOW Size": "7mL",
    "WOW ppu": "$13.57 / 10ML"
  },
  {
    "Brand_Product_Size": "Brownes Wiggles Blueberry Pouch Lactose Free 90g",
    "WOW Price": 1,
    "WOW Size": "90g",
    "WOW ppu": "$1.11 / 100G"
  },
  {
    "Brand_Product_Size": "Fancy Feast Adult Delights Turkey & Cheddar Cheese Wet Cat Food 85g",
    "WOW Price": 1.45,
    "WOW Size": "85g",
    "WOW ppu": "$1.71 / 100G"
  },
  {
    "Brand_Product_Size": "Nivea Body Lotion Aloe & Hydration Normal To Dry Skin 400mL",
    "WOW Price": 6.4,
    "WOW Size": "400mL",
    "WOW ppu": ""
  },
  {
    "Brand_Product_Size": "Green's Pancake Mix Original Shake 200g",
    "WOW Price": 2,
    "WOW Size": "200g",
    "WOW ppu": "$1.00 / 100G"
  },
  {
    "Brand_Product_Size": "Nicabate Quit Smoking Minis Lozenge 1.5 Mg 20 pack",
    "WOW Price": 12.79,
    "WOW Size": "20 pack",
    "WOW ppu": "$0.64 / 1EA"
  },
  {
    "Brand_Product_Size": "Woolworths Frozen Strawberries 500g",
    "WOW Price": 4,
    "WOW Size": "500g",
    "WOW ppu": "$8.00 / 1KG"
  },
  {
    "Brand_Product_Size": "Nivea Men Black & White Aerosol Antiperspirant Deodorant 250mL",
    "WOW Price": 6.5,
    "WOW Size": "250mL",
    "WOW ppu": "$2.60 / 100ML"
  },
  {
    "Brand_Product_Size": "Love'em Chicken Straps Dog Treats 150g",
    "WOW Price": 3,
    "WOW Size": "150g",
    "WOW ppu": "$2.00 / 100G"
  },
  {
    "Brand_Product_Size": "Saxa Pepper White Picnic Pack 50g",
    "WOW Price": 3.7,
    "WOW Size": "50g",
    "WOW ppu": "$0.74 / 10G"
  },
  {
    "Brand_Product_Size": "Hart & Soul Thai Style Chicken Pho 400g",
    "WOW Price": 4,
    "WOW Size": "400g",
    "WOW ppu": "$1.00 / 100G"
  },
  {
    "Brand_Product_Size": "Provoke Touch Of Silver Daily Nourish Purple Conditioner 400mL",
    "WOW Price": 10,
    "WOW Size": "400mL",
    "WOW ppu": "$2.50 / 100ML"
  },
  {
    "Brand_Product_Size": "Bonds Baby Stretchies Chesty Boy Size 000 To 2 each",
    "WOW Price": 6,
    "WOW Size": "each",
    "WOW ppu": "$6.00 / 1EA"
  },
  {
    "Brand_Product_Size": "Ultimates Indulge Chicken & Turkey Wet Dog Food 400g",
    "WOW Price": 2.5,
    "WOW Size": "400g",
    "WOW ppu": "$0.63 / 100G"
  },
  {
    "Brand_Product_Size": "Essentials Chunky Pasta Sauce 700g",
    "WOW Price": 2.1,
    "WOW Size": "700g",
    "WOW ppu": "$0.30 / 100G"
  },
  {
    "Brand_Product_Size": "Bonds Mens Edv Trunk Size S 2 pack",
    "WOW Price": 20,
    "WOW Size": "2 pack",
    "WOW ppu": "$10.00 / 1EA"
  },
  {
    "Brand_Product_Size": "Pyrex 1.67l Round Storage Bowl each",
    "WOW Price": 15,
    "WOW Size": "each",
    "WOW ppu": ""
  },
  {
    "Brand_Product_Size": "Maharajah's Choice Garlic Pappadams 100g",
    "WOW Price": 1.5,
    "WOW Size": "100g",
    "WOW ppu": "$1.50 / 100G"
  },
  {
    "Brand_Product_Size": "Dove Restoring Care Body Wash 500mL",
    "WOW Price": 4,
    "WOW Size": "500mL",
    "WOW ppu": "$0.80 / 100ML"
  },
  {
    "Brand_Product_Size": "L'oreal Excellence Creme Hair Colour 6.54 Light Mahogany Brown each",
    "WOW Price": 16,
    "WOW Size": "each",
    "WOW ppu": ""
  },
  {
    "Brand_Product_Size": "Clio Invisible Band Knee High Natural One Size each",
    "WOW Price": 5,
    "WOW Size": "each",
    "WOW ppu": ""
  },
  {
    "Brand_Product_Size": "Clearblue Digital Ultra Early Pregnancy Test each",
    "WOW Price": 19,
    "WOW Size": "each",
    "WOW ppu": "$19.00 / 1EA"
  },
  {
    "Brand_Product_Size": "Nature's Gift Meal Time Chicken Rice & Vegetables 1.2kg",
    "WOW Price": 3.5,
    "WOW Size": "1.2kg",
    "WOW ppu": "$0.29 / 100G"
  },
  {
    "Brand_Product_Size": "Ansell Gloves Smart Large 2 pack",
    "WOW Price": 2,
    "WOW Size": "2 pack",
    "WOW ppu": "$2.00 / 1EA"
  },
  {
    "Brand_Product_Size": "Maggi Fish Sauce 300mL",
    "WOW Price": 3,
    "WOW Size": "300mL",
    "WOW ppu": "$1.00 / 100ML"
  },
  {
    "Brand_Product_Size": "Nivea Sensitive Protect Roll On Antiperspirant Deodorant 50mL",
    "WOW Price": 3.5,
    "WOW Size": "50mL",
    "WOW ppu": "$7.00 / 100ML"
  },
  {
    "Brand_Product_Size": "Essentials Dinnerware Large Bowl Porcelain White each",
    "WOW Price": 5,
    "WOW Size": "each",
    "WOW ppu": ""
  },
  {
    "Brand_Product_Size": "Difflam Sore Throat Spray 30mL",
    "WOW Price": 15,
    "WOW Size": "30mL",
    "WOW ppu": "$50.00 / 100ML"
  },
  {
    "Brand_Product_Size": "Nice & Natural Fruit Strings Strawberry 136g",
    "WOW Price": 2.5,
    "WOW Size": "136g",
    "WOW ppu": "$1.84 / 100G"
  },
  {
    "Brand_Product_Size": "Nice & Natural Fruit Strings Strawberry 136g",
    "WOW Price": 2.5,
    "WOW Size": "136g",
    "WOW ppu": "$1.84 / 100G"
  },
  {
    "Brand_Product_Size": "Sour Patch Kids Berry Flavoured Sweets 220g",
    "WOW Price": 2.5,
    "WOW Size": "220g",
    "WOW ppu": "$1.14 / 100G"
  },
  {
    "Brand_Product_Size": "Grenade Carb Killa Biscuit Double Choc 50g",
    "WOW Price": 4.5,
    "WOW Size": "50g",
    "WOW ppu": "$9.00 / 100G"
  },
  {
    "Brand_Product_Size": "Cadbury Twirl Sharepack 12 pack 168g",
    "WOW Price": 5,
    "WOW Size": "12 pack 168g",
    "WOW ppu": "$2.98 / 100G"
  },
  {
    "Brand_Product_Size": "Oral-b Stages 2 Manual Toothbrush 2-4 Years Winnie The Pooh each",
    "WOW Price": 2.85,
    "WOW Size": "each",
    "WOW ppu": "$2.85 / 1EA"
  },
  {
    "Brand_Product_Size": "Colgate Bamboo Toothbrush 2 pack",
    "WOW Price": 10,
    "WOW Size": "2 pack",
    "WOW ppu": "$10.00 / 1EA"
  },
  {
    "Brand_Product_Size": "Woolworths Orange & Passionfruit Concentrate 500mL",
    "WOW Price": 1.5,
    "WOW Size": "500mL",
    "WOW ppu": "$3.00 / 1L"
  },
  {
    "Brand_Product_Size": "Maharajah's Choice Rice Flour 1kg",
    "WOW Price": 3,
    "WOW Size": "1kg",
    "WOW ppu": "$3.00 / 1KG"
  },
  {
    "Brand_Product_Size": "Linda Mccartney's Vegetarian Burger Patties 227g",
    "WOW Price": 5,
    "WOW Size": "227g",
    "WOW ppu": "$2.20 / 100G"
  },
  {
    "Brand_Product_Size": "Palmolive Ultra Strength Antibacterial Dishwashing Liquid Lemon 750mL",
    "WOW Price": 4.5,
    "WOW Size": "750mL",
    "WOW ppu": "$0.60 / 100ML"
  },
  {
    "Brand_Product_Size": "Culinare 5 In 1 Opener each",
    "WOW Price": 15,
    "WOW Size": "each",
    "WOW ppu": ""
  },
  {
    "Brand_Product_Size": "Vicks Vapodrops Honey Lemon Menthol 16 pack",
    "WOW Price": 6,
    "WOW Size": "16 pack",
    "WOW ppu": "$0.38 / 1EA"
  },
  {
    "Brand_Product_Size": "Calidad Canon 681yellow Xxl each",
    "WOW Price": 28,
    "WOW Size": "each",
    "WOW ppu": ""
  },
  {
    "Brand_Product_Size": "Inspire Vacuum Bag 2 pack",
    "WOW Price": 5,
    "WOW Size": "2 pack",
    "WOW ppu": ""
  },
  {
    "Brand_Product_Size": "Bondi Sands Liquid Gold Self Tan Oil 150mL",
    "WOW Price": 20,
    "WOW Size": "150mL",
    "WOW ppu": "$13.33 / 100ML"
  },
  {
    "Brand_Product_Size": "Strepsils Extra Honey And Lemon Sore Throat Fast Numb Lozenges 36 pack",
    "WOW Price": 12,
    "WOW Size": "36 pack",
    "WOW ppu": "$0.33 / 1EA"
  },
  {
    "Brand_Product_Size": "Maggi Tom Yam Kaw Hot Mealz Noodles 87g",
    "WOW Price": 2.5,
    "WOW Size": "87g",
    "WOW ppu": "$2.87 / 100G"
  },
  {
    "Brand_Product_Size": "Air Wick Essential Mist Refill Mandarin & Sweet Orange 20mL",
    "WOW Price": 8,
    "WOW Size": "20mL",
    "WOW ppu": "$4.00 / 10ML"
  },
  {
    "Brand_Product_Size": "Wrigley's 5 Gum Cool Mint Stick Sugarfree 32g",
    "WOW Price": 2,
    "WOW Size": "32g",
    "WOW ppu": "$6.25 / 100G"
  },
  {
    "Brand_Product_Size": "Pereg Crisoy Bread Crumbs Panko Italian 255g",
    "WOW Price": 7.95,
    "WOW Size": "255g",
    "WOW ppu": "$3.12 / 100G"
  },
  {
    "Brand_Product_Size": "Uncle Tobys Cereal Plus Fibre 775g",
    "WOW Price": 7.5,
    "WOW Size": "775g",
    "WOW ppu": "$0.97 / 100G"
  },
  {
    "Brand_Product_Size": "Monster Energy Drink Pipeline Punch 500mL",
    "WOW Price": 2.75,
    "WOW Size": "500mL",
    "WOW ppu": "$5.50 / 1L"
  },
  {
    "Brand_Product_Size": "Tooshies By Tom Nappies With Organic Bamboo 6-11kg Crawler Size 3 44 pack",
    "WOW Price": 20,
    "WOW Size": "44 pack",
    "WOW ppu": "$0.45 / 1EA"
  },
  {
    "Brand_Product_Size": "Dove Nutritive Solutions Conditioner Intensive Repair 320mL",
    "WOW Price": 4.9,
    "WOW Size": "320mL",
    "WOW ppu": "$1.53 / 100ML"
  },
  {
    "Brand_Product_Size": "Continental Pasta & Sauce Macaroni Cheese 105g",
    "WOW Price": 1.6,
    "WOW Size": "105g",
    "WOW ppu": "$1.39 / 100G"
  },
  {
    "Brand_Product_Size": "Vittoria Inca Peru Nespresso Compatible Coffee Capsules pack 10",
    "WOW Price": 7,
    "WOW Size": "pack 10",
    "WOW ppu": "$0.70 / 1EA"
  },
  {
    "Brand_Product_Size": "Vittoria Inca Peru Nespresso Compatible Coffee Capsules pack 10",
    "WOW Price": 7,
    "WOW Size": "pack 10",
    "WOW ppu": "$0.70 / 1EA"
  },
  {
    "Brand_Product_Size": "Annalisa Diced Tomatoes Garlic & Basil 400g",
    "WOW Price": 1.45,
    "WOW Size": "400g",
    "WOW ppu": "$3.63 / 1KG"
  },
  {
    "Brand_Product_Size": "Decor Match-ups Containter Oblong Blue 600mL",
    "WOW Price": 5,
    "WOW Size": "600mL",
    "WOW ppu": ""
  },
  {
    "Brand_Product_Size": "Nature's Way Restore Daily Probiotic Chocballs 60 pack",
    "WOW Price": 10,
    "WOW Size": "60 pack",
    "WOW ppu": "$16.67 / 100EA"
  },
  {
    "Brand_Product_Size": "Cobs Popcorn Sea Salt & Cider Vinegar Gluten Free 100g",
    "WOW Price": 3.5,
    "WOW Size": "100g",
    "WOW ppu": "$3.50 / 100G"
  },
  {
    "Brand_Product_Size": "Nice & Natural Nut Bar Yoghurt 6 pack",
    "WOW Price": 2,
    "WOW Size": "6 pack",
    "WOW ppu": "$1.04 / 100G"
  },
  {
    "Brand_Product_Size": "Nice & Natural Nut Bar Yoghurt 6 pack",
    "WOW Price": 2,
    "WOW Size": "6 pack",
    "WOW ppu": "$1.04 / 100G"
  },
  {
    "Brand_Product_Size": "Woolworths Tuna & Crackers Snack Pack Celery & Onion 112g",
    "WOW Price": 2.1,
    "WOW Size": "112g",
    "WOW ppu": "$18.75 / 1KG"
  },
  {
    "Brand_Product_Size": "Purina Totalcare Everyday Dog Collar Small Assorted each",
    "WOW Price": 16,
    "WOW Size": "each",
    "WOW ppu": "$16.00 / 1EA"
  },
  {
    "Brand_Product_Size": "Connect Foods Pumpkin Seeds Cocoa & Sea Salt 125g",
    "WOW Price": 4,
    "WOW Size": "125g",
    "WOW ppu": "$3.20 / 100G"
  },
  {
    "Brand_Product_Size": "Impressed Raspberry Beret Juice 1L",
    "WOW Price": 5,
    "WOW Size": "1L",
    "WOW ppu": "$5.00 / 1L"
  },
  {
    "Brand_Product_Size": "Berri Pop Tops Apple Blackcurrant Juice 250mL",
    "WOW Price": 1.3,
    "WOW Size": "250mL",
    "WOW ppu": "$5.20 / 1L"
  },
  {
    "Brand_Product_Size": "Berri Pop Tops Apple Blackcurrant Juice 250mL",
    "WOW Price": 1.3,
    "WOW Size": "250mL",
    "WOW ppu": "$5.20 / 1L"
  },
  {
    "Brand_Product_Size": "Garnier Pure Active Anti Acne 3 In 1 Wash, Scrub & Mask 150mL",
    "WOW Price": 7.5,
    "WOW Size": "150mL",
    "WOW ppu": "$5.00 / 100ML"
  },
  {
    "Brand_Product_Size": "Colourhide Disney Mickey Mouse A5 120 Page Notebook each",
    "WOW Price": 5,
    "WOW Size": "each",
    "WOW ppu": ""
  },
  {
    "Brand_Product_Size": "Monster Ultra Rosa Can 500mL",
    "WOW Price": 2.75,
    "WOW Size": "500mL",
    "WOW ppu": ""
  },
  {
    "Brand_Product_Size": "Kitkat Chunky Gold Krisp 45g",
    "WOW Price": 1,
    "WOW Size": "45g",
    "WOW ppu": "$2.22 / 100G"
  },
  {
    "Brand_Product_Size": "Golden Palm Medjool Dates 225g punnet",
    "WOW Price": 7,
    "WOW Size": "225g punnet",
    "WOW ppu": "$31.11 / 1KG"
  },
  {
    "Brand_Product_Size": "Uncle Tobys Muesli Bars Lunch Box Favourites 15 pack",
    "WOW Price": 6,
    "WOW Size": "15 pack",
    "WOW ppu": "$1.28 / 100G"
  },
  {
    "Brand_Product_Size": "Uncle Tobys Muesli Bars Lunch Box Favourites 15 pack",
    "WOW Price": 6,
    "WOW Size": "15 pack",
    "WOW ppu": "$1.28 / 100G"
  },
  {
    "Brand_Product_Size": "Nurofen Cold And Flu Multi-symptom Relief Tablets 200mg Ibuprofen 24 pack",
    "WOW Price": 13.8,
    "WOW Size": "24 pack",
    "WOW ppu": "$0.58 / 1EA"
  },
  {
    "Brand_Product_Size": "180 Degrees Parmesan Oat Crackers 135g",
    "WOW Price": 5,
    "WOW Size": "135g",
    "WOW ppu": "$3.70 / 100G"
  },
  {
    "Brand_Product_Size": "Chevron Alkaline Aaa 24 pack",
    "WOW Price": 10,
    "WOW Size": "24 pack",
    "WOW ppu": "$0.42 / 1EA"
  },
  {
    "Brand_Product_Size": "Oscar Orsen Large Flat Hair Elastics Brown 10 pack",
    "WOW Price": 4.5,
    "WOW Size": "10 pack",
    "WOW ppu": ""
  },
  {
    "Brand_Product_Size": "Bonds Baby Logo Quarter Crew Sock Size 6-12m & 1-2y 2 pack",
    "WOW Price": 5.4,
    "WOW Size": "2 pack",
    "WOW ppu": "$2.70 / 1EA"
  },
  {
    "Brand_Product_Size": "Johnson's Baby Oil 200mL",
    "WOW Price": 6,
    "WOW Size": "200mL",
    "WOW ppu": "$3.00 / 100ML"
  },
  {
    "Brand_Product_Size": "The Natural Chip Co. Roast Chicken 220g",
    "WOW Price": 2.5,
    "WOW Size": "220g",
    "WOW ppu": "$1.14 / 100G"
  },
  {
    "Brand_Product_Size": "Jamie Oliver Fish Fingers 720g",
    "WOW Price": 10,
    "WOW Size": "720g",
    "WOW ppu": "$13.89 / 1KG"
  },
  {
    "Brand_Product_Size": "My Dog Adult Wet Dog Food Chicken & Turkey Banquet Can 400g",
    "WOW Price": 1.8,
    "WOW Size": "400g",
    "WOW ppu": "$0.45 / 100G"
  },
  {
    "Brand_Product_Size": "Sara Lee Tiramisu 415g",
    "WOW Price": 7,
    "WOW Size": "415g",
    "WOW ppu": "$1.69 / 100G"
  },
  {
    "Brand_Product_Size": "Pantene Pro-v Smooth & Sleek Conditioner 900mL",
    "WOW Price": 8.5,
    "WOW Size": "900mL",
    "WOW ppu": "$0.94 / 100ML"
  },
  {
    "Brand_Product_Size": "Western Star Original Spreadable 375g",
    "WOW Price": 5,
    "WOW Size": "375g",
    "WOW ppu": "$1.33 / 100G"
  },
  {
    "Brand_Product_Size": "Art Advantage Assorted Brush Tube 25 pieces",
    "WOW Price": 17,
    "WOW Size": "25 pieces",
    "WOW ppu": ""
  },
  {
    "Brand_Product_Size": "Scholl Gelactive Insoles Women's Everyday Heels 1 pair",
    "WOW Price": 14,
    "WOW Size": "1 pair",
    "WOW ppu": "$7.00 / 1EA"
  },
  {
    "Brand_Product_Size": "Mount Franklin Lightly Sparkling Lime Water 450mL x4 pack",
    "WOW Price": 6.6,
    "WOW Size": "450mL x4 pack",
    "WOW ppu": "$3.67 / 1L"
  },
  {
    "Brand_Product_Size": "Glad Kitchen Tidy Bag Wavetop Large 30 pack",
    "WOW Price": 3.8,
    "WOW Size": "30 pack",
    "WOW ppu": "$0.13 / 1EA"
  },
  {
    "Brand_Product_Size": "Nando's Peri Peri Rub Medium 25g",
    "WOW Price": 2.99,
    "WOW Size": "25g",
    "WOW ppu": "$1.20 / 10G"
  },
  {
    "Brand_Product_Size": "Schweppes Soda Water 1.1L",
    "WOW Price": 1.25,
    "WOW Size": "1.1L",
    "WOW ppu": "$1.14 / 1L"
  },
  {
    "Brand_Product_Size": "Woolworths Chicken Mustard Mayo 85g",
    "WOW Price": 1.29,
    "WOW Size": "85g",
    "WOW ppu": "$15.18 / 1KG"
  },
  {
    "Brand_Product_Size": "Jack Hammer Work Light Led 24 each",
    "WOW Price": 12,
    "WOW Size": "each",
    "WOW ppu": ""
  },
  {
    "Brand_Product_Size": "Kellogg's Sultana Bran Buds Fibre Breakfast Cereal 450g",
    "WOW Price": 6,
    "WOW Size": "450g",
    "WOW ppu": "$1.33 / 100G"
  },
  {
    "Brand_Product_Size": "Dolmio Tuna Bake Pasta Bake Sauce 495g",
    "WOW Price": 3,
    "WOW Size": "495g",
    "WOW ppu": "$0.61 / 100G"
  },
  {
    "Brand_Product_Size": "Ceres Organics Young Jack Fruit 400g",
    "WOW Price": 4.5,
    "WOW Size": "400g",
    "WOW ppu": "$1.13 / 100G"
  },
  {
    "Brand_Product_Size": "Olay Magnemasks Anti Aging Sheet Mask each",
    "WOW Price": 7.7,
    "WOW Size": "each",
    "WOW ppu": "$7.70 / 1EA"
  },
  {
    "Brand_Product_Size": "Refresh Your Car Vent Stick Fresh Strawberry Cool Lemonade 4 pack",
    "WOW Price": 6,
    "WOW Size": "4 pack",
    "WOW ppu": "$1.50 / 1EA"
  },
  {
    "Brand_Product_Size": "Alfa One Rice Bran Oil 1L",
    "WOW Price": 7,
    "WOW Size": "1L",
    "WOW ppu": "$0.70 / 100ML"
  },
  {
    "Brand_Product_Size": "Dairy Farmers Light Milk 2L",
    "WOW Price": 4,
    "WOW Size": "2L",
    "WOW ppu": "$2.00 / 1L"
  },
  {
    "Brand_Product_Size": "Wrigley's Extra White Spearmint Chewing Gum Sugar Free Bottle 64g",
    "WOW Price": 4,
    "WOW Size": "64g",
    "WOW ppu": "$6.25 / 100G"
  },
  {
    "Brand_Product_Size": "Listerine Fresh Burst Mouthwash 1L",
    "WOW Price": 9.39,
    "WOW Size": "1L",
    "WOW ppu": "$0.94 / 100ML"
  },
  {
    "Brand_Product_Size": "Schwarzkopf Live Salon Hair Colour 3.0 Dark Brown each",
    "WOW Price": 14,
    "WOW Size": "each",
    "WOW ppu": ""
  },
  {
    "Brand_Product_Size": "Bostik Glue Stick 35g 2 pack",
    "WOW Price": 6,
    "WOW Size": "2 pack",
    "WOW ppu": ""
  },
  {
    "Brand_Product_Size": "La Molisana Pastificio Extra Di Lusso Paccarielli Rigati 500g",
    "WOW Price": 5,
    "WOW Size": "500g",
    "WOW ppu": "$1.00 / 100G"
  },
  {
    "Brand_Product_Size": "Bow Wow Kangaroo Super Snacks Dog Treat 20 pack",
    "WOW Price": 15,
    "WOW Size": "20 pack",
    "WOW ppu": "$0.75 / 1EA"
  },
  {
    "Brand_Product_Size": "Ryvita Multi Grain 250g",
    "WOW Price": 1.42,
    "WOW Size": "250g",
    "WOW ppu": "$0.57 / 100G"
  },
  {
    "Brand_Product_Size": "Hercules Resealable Large Storage Bags 15 pack",
    "WOW Price": 2.3,
    "WOW Size": "15 pack",
    "WOW ppu": "$0.15 / 1EA"
  },
  {
    "Brand_Product_Size": "Pana Organic Mint Chocolate 45g",
    "WOW Price": 4.8,
    "WOW Size": "45g",
    "WOW ppu": "$10.67 / 100G"
  },
  {
    "Brand_Product_Size": "Bonds Instatan Sheer Stockings Slim Tight Medium Brown Small each",
    "WOW Price": 8,
    "WOW Size": "each",
    "WOW ppu": ""
  },
  {
    "Brand_Product_Size": "Queen Green Food Colour 50mL",
    "WOW Price": 1.1,
    "WOW Size": "50mL",
    "WOW ppu": "$0.22 / 10ML"
  },
  {
    "Brand_Product_Size": "San Remo Linguine Pasta No 1 500g",
    "WOW Price": 2.6,
    "WOW Size": "500g",
    "WOW ppu": "$0.52 / 100G"
  },
  {
    "Brand_Product_Size": "Glad To Be Green 95% Recycled Kitchen Tidy Bags Medium 28 pack",
    "WOW Price": 4.5,
    "WOW Size": "28 pack",
    "WOW ppu": "$0.16 / 1EA"
  },
  {
    "Brand_Product_Size": "Omo Bacteria Defence 2L",
    "WOW Price": 15.4,
    "WOW Size": "2L",
    "WOW ppu": "$7.70 / 1L"
  },
  {
    "Brand_Product_Size": "Olive Grove Lite Spread 500g",
    "WOW Price": 3.5,
    "WOW Size": "500g",
    "WOW ppu": "$0.70 / 100G"
  },
  {
    "Brand_Product_Size": "Polident Denture Adhesive Cream Max Seal 40g",
    "WOW Price": 10,
    "WOW Size": "40g",
    "WOW ppu": "$25.00 / 100G"
  },
  {
    "Brand_Product_Size": "Macro Golden Berries 200g",
    "WOW Price": 9,
    "WOW Size": "200g",
    "WOW ppu": "$4.50 / 100G"
  },
  {
    "Brand_Product_Size": "Clean & Clear Essentials Moisturiser 100mL",
    "WOW Price": 8,
    "WOW Size": "100mL",
    "WOW ppu": "$8.00 / 100ML"
  },
  {
    "Brand_Product_Size": "Lindt Caramel Squares Luscious Sea Salt Caramel Filling 124g",
    "WOW Price": 6,
    "WOW Size": "124g",
    "WOW ppu": "$4.84 / 100G"
  },
  {
    "Brand_Product_Size": "Australian Organic Food Co Potato & Leek Soup Pouch 330g",
    "WOW Price": 4.5,
    "WOW Size": "330g",
    "WOW ppu": "$1.36 / 100G"
  },
  {
    "Brand_Product_Size": "Dymo Letratag Tape Refill Iron On Fabric each",
    "WOW Price": 16,
    "WOW Size": "each",
    "WOW ppu": ""
  },
  {
    "Brand_Product_Size": "Tic Tac Orange 24g",
    "WOW Price": 2,
    "WOW Size": "24g",
    "WOW ppu": "$8.33 / 100G"
  },
  {
    "Brand_Product_Size": "Revlon Age Defying Firm & Lift Make Up Soft Beige 30mL",
    "WOW Price": 20,
    "WOW Size": "30mL",
    "WOW ppu": "$6.67 / 10ML"
  },
  {
    "Brand_Product_Size": "Arnott's Assorted Cream Biscuits 500g",
    "WOW Price": 5.5,
    "WOW Size": "500g",
    "WOW ppu": "$1.10 / 100G"
  },
  {
    "Brand_Product_Size": "Clairol Nice N Easy 9.5 Natural Extra Light Blonde each",
    "WOW Price": 9,
    "WOW Size": "each",
    "WOW ppu": ""
  },
  {
    "Brand_Product_Size": "Kellogg's Froot Loops Breakfast Cereal 500g",
    "WOW Price": 8.5,
    "WOW Size": "500g",
    "WOW ppu": "$1.70 / 100G"
  },
  {
    "Brand_Product_Size": "Blackmores Glucosamine Sulfate 1500mg Tablets 60 pack",
    "WOW Price": 20,
    "WOW Size": "60 pack",
    "WOW ppu": "$33.33 / 100EA"
  },
  {
    "Brand_Product_Size": "Cadbury Caramel Chomp Sharepack 10 pack",
    "WOW Price": 5,
    "WOW Size": "10 pack",
    "WOW ppu": "$3.33 / 100G"
  },
  {
    "Brand_Product_Size": "Clairol Nice N Easy 8 Natural Medium Blonde each",
    "WOW Price": 9,
    "WOW Size": "each",
    "WOW ppu": ""
  },
  {
    "Brand_Product_Size": "Woolworths Roasted & Salted Mixed Nuts 80g",
    "WOW Price": 2,
    "WOW Size": "80g",
    "WOW ppu": "$25.00 / 1KG"
  },
  {
    "Brand_Product_Size": "Woolworths Free From Lactose Free Full Cream Milk 1L",
    "WOW Price": 2.15,
    "WOW Size": "1L",
    "WOW ppu": "$2.15 / 1L"
  },
  {
    "Brand_Product_Size": "Fancy Feast Adult Beef, Salmon & Cheese Flavour Dry Cat Food 450g",
    "WOW Price": 5.3,
    "WOW Size": "450g",
    "WOW ppu": "$1.18 / 100G"
  },
  {
    "Brand_Product_Size": "Old El Paso Mexican Burrito Tortillas 10 pack",
    "WOW Price": 4.3,
    "WOW Size": "10 pack",
    "WOW ppu": "$1.08 / 100G"
  },
  {
    "Brand_Product_Size": "Maseur Footcare Heel & Arch Insole Mens each",
    "WOW Price": 18.5,
    "WOW Size": "each",
    "WOW ppu": ""
  },
  {
    "Brand_Product_Size": "Woolworths Free From Gluten Share Pack Honey Soy Chicken 100g",
    "WOW Price": 2.5,
    "WOW Size": "100g",
    "WOW ppu": "$2.50 / 100G"
  },
  {
    "Brand_Product_Size": "Woolworths Free From Gluten Share Pack Honey Soy Chicken 100g",
    "WOW Price": 2.5,
    "WOW Size": "100g",
    "WOW ppu": "$2.50 / 100G"
  },
  {
    "Brand_Product_Size": "Thursday Plantation Oil Tea Tree 15mL",
    "WOW Price": 7.5,
    "WOW Size": "15mL",
    "WOW ppu": "$50.00 / 100ML"
  },
  {
    "Brand_Product_Size": "Cenovis Once Daily Men's Multi Capsules 50 pack",
    "WOW Price": 16,
    "WOW Size": "50 pack",
    "WOW ppu": "$32.00 / 100EA"
  },
  {
    "Brand_Product_Size": "Arnott's Tim Tam Choc Mint 160g",
    "WOW Price": 4,
    "WOW Size": "160g",
    "WOW ppu": "$2.50 / 100G"
  },
  {
    "Brand_Product_Size": "Laucke Wholemeal Bread Mix 2.4kg",
    "WOW Price": 9.2,
    "WOW Size": "2.4kg",
    "WOW ppu": "$0.38 / 100G"
  },
  {
    "Brand_Product_Size": "Propert Digital Kitchen Scale 5kg Round Glass Top each",
    "WOW Price": 16,
    "WOW Size": "each",
    "WOW ppu": ""
  },
  {
    "Brand_Product_Size": "Korbond Hat Elastic White/black each",
    "WOW Price": 5,
    "WOW Size": "each",
    "WOW ppu": ""
  },
  {
    "Brand_Product_Size": "Adesso Stainless Steel Toaster 2 Slice each",
    "WOW Price": 25,
    "WOW Size": "each",
    "WOW ppu": ""
  },
  {
    "Brand_Product_Size": "Continental Nutrish Stock Liquid Vegan Chicken Style 500mL",
    "WOW Price": 2.3,
    "WOW Size": "500mL",
    "WOW ppu": "$0.46 / 100ML"
  },
  {
    "Brand_Product_Size": "De-gas Antacids Gas Capsules 24 pack",
    "WOW Price": 7.3,
    "WOW Size": "24 pack",
    "WOW ppu": "$0.30 / 1EA"
  },
  {
    "Brand_Product_Size": "Sard Wonder Antibacterial Laundry Liquid Sanitiser 1.5L",
    "WOW Price": 12,
    "WOW Size": "1.5L",
    "WOW ppu": "$8.00 / 1L"
  },
  {
    "Brand_Product_Size": "Brut Anti-perspirant Max Defence 150g",
    "WOW Price": 6.3,
    "WOW Size": "150g",
    "WOW ppu": "$4.20 / 100G"
  },
  {
    "Brand_Product_Size": "Swisse Men's Ultivite 50+ Tablets 60 pack",
    "WOW Price": 18,
    "WOW Size": "60 pack",
    "WOW ppu": "$30.00 / 100EA"
  },
  {
    "Brand_Product_Size": "Clearasil Ultra Facial Scrub Deep Pore 150mL",
    "WOW Price": 11.6,
    "WOW Size": "150mL",
    "WOW ppu": "$7.73 / 100ML"
  },
  {
    "Brand_Product_Size": "Balance Cleanse Spring Water 1L",
    "WOW Price": 2.1,
    "WOW Size": "1L",
    "WOW ppu": "$2.10 / 1L"
  },
  {
    "Brand_Product_Size": "Balance Cleanse Spring Water 1L",
    "WOW Price": 2.1,
    "WOW Size": "1L",
    "WOW ppu": "$2.10 / 1L"
  },
  {
    "Brand_Product_Size": "Cuddly Fabric Softener Refill Sachet Classic Fresh 300mL",
    "WOW Price": 2.69,
    "WOW Size": "300mL",
    "WOW ppu": "$8.97 / 1L"
  },
  {
    "Brand_Product_Size": "Duck Deep Action Gel Lavender 750mL",
    "WOW Price": 5,
    "WOW Size": "750mL",
    "WOW ppu": "$0.67 / 100ML"
  },
  {
    "Brand_Product_Size": "Sandhurst Olives Green Sicilian 280g",
    "WOW Price": 3.5,
    "WOW Size": "280g",
    "WOW ppu": "$12.50 / 1KG"
  },
  {
    "Brand_Product_Size": "Mission Mini Naan 240g",
    "WOW Price": 3.8,
    "WOW Size": "240g",
    "WOW ppu": "$1.58 / 100G"
  },
  {
    "Brand_Product_Size": "Decor Microsafe Container Oblong 1.6L",
    "WOW Price": 8,
    "WOW Size": "1.6L",
    "WOW ppu": ""
  },
  {
    "Brand_Product_Size": "Nestle Butter-menthol Throat Lozenge 20 pack",
    "WOW Price": 1.9,
    "WOW Size": "20 pack",
    "WOW ppu": "$0.10 / 1EA"
  },
  {
    "Brand_Product_Size": "Elastoplast Adjustable Ankle Support Band Adjustable Ankle each",
    "WOW Price": 15,
    "WOW Size": "each",
    "WOW ppu": "$15.00 / 1EA"
  },
  {
    "Brand_Product_Size": "Kellogg's Lcms Coco Pops Cereal Snack Bars 6 pack",
    "WOW Price": 2,
    "WOW Size": "6 pack",
    "WOW ppu": "$1.52 / 100G"
  },
  {
    "Brand_Product_Size": "Kellogg's Lcms Coco Pops Cereal Snack Bars 6 pack",
    "WOW Price": 2,
    "WOW Size": "6 pack",
    "WOW ppu": "$1.52 / 100G"
  },
  {
    "Brand_Product_Size": "Bonds Comfy Tops Slimming Sheer Tights Black Xl each",
    "WOW Price": 8,
    "WOW Size": "each",
    "WOW ppu": ""
  },
  {
    "Brand_Product_Size": "Pascall Marshmallows Pink & White Lollies 280g",
    "WOW Price": 4,
    "WOW Size": "280g",
    "WOW ppu": "$1.43 / 100G"
  },
  {
    "Brand_Product_Size": "Green's Raspberry And Coconut Pancake Shake 325g",
    "WOW Price": 4,
    "WOW Size": "325g",
    "WOW ppu": "$1.23 / 100G"
  },
  {
    "Brand_Product_Size": "Prana On Plant Protein Bar Choc Fudge Brownie Flavour 40g",
    "WOW Price": 4,
    "WOW Size": "40g",
    "WOW ppu": "$10.00 / 100G"
  },
  {
    "Brand_Product_Size": "Masterfoods Chinese Beef Stir Fry Recipe Base 175g",
    "WOW Price": 2.2,
    "WOW Size": "175g",
    "WOW ppu": "$1.26 / 100G"
  },
  {
    "Brand_Product_Size": "Milky Way Chocolate Medium Party Share Bag 18 Pieces 216g",
    "WOW Price": 3,
    "WOW Size": "216g",
    "WOW ppu": "$1.39 / 100G"
  },
  {
    "Brand_Product_Size": "Schwarzkopf Gem Collection Brilliance 03 Dark Amethyst each",
    "WOW Price": 7.2,
    "WOW Size": "each",
    "WOW ppu": ""
  },
  {
    "Brand_Product_Size": "Eclipse Mixed Berry Mints 40g",
    "WOW Price": 3,
    "WOW Size": "40g",
    "WOW ppu": "$7.50 / 100G"
  },
  {
    "Brand_Product_Size": "Kraft Singles Original 24 pack 432g",
    "WOW Price": 7.5,
    "WOW Size": "24 pack 432g",
    "WOW ppu": "$17.36 / 1KG"
  },
  {
    "Brand_Product_Size": "Kraft Singles Original 24 pack 432g",
    "WOW Price": 7.5,
    "WOW Size": "24 pack 432g",
    "WOW ppu": "$17.36 / 1KG"
  },
  {
    "Brand_Product_Size": "Kraft Singles Original 24 pack 432g",
    "WOW Price": 7.5,
    "WOW Size": "24 pack 432g",
    "WOW ppu": "$17.36 / 1KG"
  },
  {
    "Brand_Product_Size": "Sunbeam Currants 300g",
    "WOW Price": 4.9,
    "WOW Size": "300g",
    "WOW ppu": "$16.33 / 1KG"
  },
  {
    "Brand_Product_Size": "Rimmel Lasting Radiance Conceal 040 Soft Beige 7mL",
    "WOW Price": 9,
    "WOW Size": "7mL",
    "WOW ppu": "$12.86 / 10ML"
  },
  {
    "Brand_Product_Size": "Choice Beef Instant Noodles 85g x5 pack",
    "WOW Price": 1,
    "WOW Size": "85g x5 pack",
    "WOW ppu": "$0.24 / 100G"
  },
  {
    "Brand_Product_Size": "Tradie Sleeveless Bodysuit 2 pack",
    "WOW Price": 16,
    "WOW Size": "2 pack",
    "WOW ppu": ""
  },
  {
    "Brand_Product_Size": "Optimum Skin & Coat Salmon Chunks In Jelly Adult Wet Cat Food 85g",
    "WOW Price": 1.3,
    "WOW Size": "85g",
    "WOW ppu": "$1.53 / 100G"
  },
  {
    "Brand_Product_Size": "La Zuppa Microwave Soup Kale Quinoa & Vegetable 540g",
    "WOW Price": 4.4,
    "WOW Size": "540g",
    "WOW ppu": "$0.81 / 100G"
  },
  {
    "Brand_Product_Size": "Bow Wow Treat Beef Roo Roll 1 pack",
    "WOW Price": 2.99,
    "WOW Size": "1 pack",
    "WOW ppu": ""
  },
  {
    "Brand_Product_Size": "Woolworths Lightly Sparkling Water With Lemon 1.25L",
    "WOW Price": 1.35,
    "WOW Size": "1.25L",
    "WOW ppu": "$1.08 / 1L"
  },
  {
    "Brand_Product_Size": "Brancourts Cottage Cheese Protein 250g",
    "WOW Price": 5,
    "WOW Size": "250g",
    "WOW ppu": "$20.00 / 1KG"
  },
  {
    "Brand_Product_Size": "Brancourts Cottage Cheese Protein 250g",
    "WOW Price": 5,
    "WOW Size": "250g",
    "WOW ppu": "$20.00 / 1KG"
  },
  {
    "Brand_Product_Size": "Clio Italian Soft Shine 12d Pantyhose Natural X/tall each",
    "WOW Price": 8,
    "WOW Size": "each",
    "WOW ppu": ""
  },
  {
    "Brand_Product_Size": "Vaseline Intensive Care Hand Cream Healthy Hands Stronger Nails 75mL",
    "WOW Price": 5.34,
    "WOW Size": "75mL",
    "WOW ppu": "$7.12 / 100ML"
  },
  {
    "Brand_Product_Size": "Murray River Organics Australian Flaked Almonds 100g",
    "WOW Price": 7,
    "WOW Size": "100g",
    "WOW ppu": "$70.00 / 1KG"
  },
  {
    "Brand_Product_Size": "Masterfoods Chow Mein Recipe Base 175g",
    "WOW Price": 2.2,
    "WOW Size": "175g",
    "WOW ppu": "$1.26 / 100G"
  },
  {
    "Brand_Product_Size": "Dine Desire Succulent Chicken Grain Free Wet Cat Food Can 85g",
    "WOW Price": 1.3,
    "WOW Size": "85g",
    "WOW ppu": "$1.53 / 100G"
  },
  {
    "Brand_Product_Size": "Be Natural Breakfast Cereal With 5 Whole Grain Flakes 325g",
    "WOW Price": 3.2,
    "WOW Size": "325g",
    "WOW ppu": "$0.98 / 100G"
  },
  {
    "Brand_Product_Size": "Sistema Klip It Tritan Canister Square 460mL each",
    "WOW Price": 3.6,
    "WOW Size": "460mL each",
    "WOW ppu": ""
  },
  {
    "Brand_Product_Size": "Calippo Mini Water Ice Lemon Orange & Lime 10 pack",
    "WOW Price": 7,
    "WOW Size": "10 pack",
    "WOW ppu": "$1.22 / 100ML"
  },
  {
    "Brand_Product_Size": "Baxter's Doggy Biscuits 1.5kg",
    "WOW Price": 8,
    "WOW Size": "1.5kg",
    "WOW ppu": "$0.53 / 100G"
  },
  {
    "Brand_Product_Size": "Red Seal Baking Soda Toothpaste 100g",
    "WOW Price": 4.5,
    "WOW Size": "100g",
    "WOW ppu": "$4.50 / 100G"
  },
  {
    "Brand_Product_Size": "Boost Energy Lift 350mL",
    "WOW Price": 3,
    "WOW Size": "350mL",
    "WOW ppu": "$8.57 / 1L"
  },
  {
    "Brand_Product_Size": "Carman's Greek Yoghurt & Berry Protein Bars 5 pack",
    "WOW Price": 6.3,
    "WOW Size": "5 pack",
    "WOW ppu": "$3.15 / 100G"
  },
  {
    "Brand_Product_Size": "Carman's Greek Yoghurt & Berry Protein Bars 5 pack",
    "WOW Price": 6.3,
    "WOW Size": "5 pack",
    "WOW ppu": "$3.15 / 100G"
  },
  {
    "Brand_Product_Size": "South Cape Camembert Mini Cheese Wheel 125g",
    "WOW Price": 4,
    "WOW Size": "125g",
    "WOW ppu": "$32.00 / 1KG"
  },
  {
    "Brand_Product_Size": "South Cape Camembert Mini Cheese Wheel 125g",
    "WOW Price": 4,
    "WOW Size": "125g",
    "WOW ppu": "$32.00 / 1KG"
  },
  {
    "Brand_Product_Size": "S&b Japanese Wasabi Tube Paste 43g",
    "WOW Price": 3,
    "WOW Size": "43g",
    "WOW ppu": "$6.98 / 100G"
  },
  {
    "Brand_Product_Size": "Twinings Green Tea Bags 50 pack",
    "WOW Price": 6,
    "WOW Size": "50 pack",
    "WOW ppu": "$0.12 / 1EA"
  },
  {
    "Brand_Product_Size": "Twinings Green Tea Bags 50 pack",
    "WOW Price": 6,
    "WOW Size": "50 pack",
    "WOW ppu": "$0.12 / 1EA"
  },
  {
    "Brand_Product_Size": "V8 Vegetable Juice Pineapple Passion 1.25L",
    "WOW Price": 3.5,
    "WOW Size": "1.25L",
    "WOW ppu": "$2.80 / 1L"
  },
  {
    "Brand_Product_Size": "Applaws Cat Food Tuna Fillet Tins 70g",
    "WOW Price": 2,
    "WOW Size": "70g",
    "WOW ppu": "$2.86 / 100G"
  },
  {
    "Brand_Product_Size": "V8 Fruit & Veg Super Orange 1.25L",
    "WOW Price": 3.5,
    "WOW Size": "1.25L",
    "WOW ppu": "$2.80 / 1L"
  },
  {
    "Brand_Product_Size": "L'oreal Lash Serum each",
    "WOW Price": 15,
    "WOW Size": "each",
    "WOW ppu": "$78.95 / 10ML"
  },
  {
    "Brand_Product_Size": "Oates Microfibre Cloth 3 pack",
    "WOW Price": 4,
    "WOW Size": "3 pack",
    "WOW ppu": "$1.33 / 1EA"
  },
  {
    "Brand_Product_Size": "Kan Tong Stir Fry Sauce Sweet & Sour 515g",
    "WOW Price": 3,
    "WOW Size": "515g",
    "WOW ppu": "$0.58 / 100G"
  },
  {
    "Brand_Product_Size": "Vege Chips Deli Crisps Purple Sweet Potato 100g",
    "WOW Price": 5.5,
    "WOW Size": "100g",
    "WOW ppu": "$5.50 / 100G"
  },
  {
    "Brand_Product_Size": "Hoyt's Chilli Dry 25g",
    "WOW Price": 1.75,
    "WOW Size": "25g",
    "WOW ppu": "$0.70 / 10G"
  },
  {
    "Brand_Product_Size": "Woolworths Tex Mex Jackfruit With Supergrain Rice 350g",
    "WOW Price": 5,
    "WOW Size": "350g",
    "WOW ppu": "$1.43 / 100G"
  },
  {
    "Brand_Product_Size": "Hoyt's Mixed Herbs 70g",
    "WOW Price": 3.15,
    "WOW Size": "70g",
    "WOW ppu": "$0.45 / 10G"
  },
  {
    "Brand_Product_Size": "Philips Cfl Tornado Cool Daylight 15w Es Base each",
    "WOW Price": 6.5,
    "WOW Size": "each",
    "WOW ppu": "$6.50 / 1EA"
  },
  {
    "Brand_Product_Size": "Dare Mocha Flavoured Milk 750mL",
    "WOW Price": 3.2,
    "WOW Size": "750mL",
    "WOW ppu": "$4.27 / 1L"
  },
  {
    "Brand_Product_Size": "Spirax Notebook A4 Assorted Colours 240pg each",
    "WOW Price": 4.2,
    "WOW Size": "240pg each",
    "WOW ppu": ""
  },
  {
    "Brand_Product_Size": "Starbucks By Nespresso Blonde Espresso Roast Coffee Pods 10 pack",
    "WOW Price": 5,
    "WOW Size": "10 pack",
    "WOW ppu": "$0.50 / 1EA"
  },
  {
    "Brand_Product_Size": "Starbucks By Nespresso Blonde Espresso Roast Coffee Pods 10 pack",
    "WOW Price": 5,
    "WOW Size": "10 pack",
    "WOW ppu": "$0.50 / 1EA"
  },
  {
    "Brand_Product_Size": "Nexba Lemon Squash Sugar-free Sparkling Soda 1L",
    "WOW Price": 1.9,
    "WOW Size": "1L",
    "WOW ppu": "$1.90 / 1L"
  },
  {
    "Brand_Product_Size": "Jackson 24 Hour Timer each",
    "WOW Price": 10,
    "WOW Size": "each",
    "WOW ppu": ""
  },
  {
    "Brand_Product_Size": "Hoyt's Italian Herb Mix 35g",
    "WOW Price": 2.6,
    "WOW Size": "35g",
    "WOW ppu": "$0.74 / 10G"
  },
  {
    "Brand_Product_Size": "The Odd Bunch Tomato Prepacked 1kg",
    "WOW Price": 5.9,
    "WOW Size": "1kg",
    "WOW ppu": "$5.90 / 1KG"
  },
  {
    "Brand_Product_Size": "Olay Magnemasks Hydrating Sheet Mask each",
    "WOW Price": 7.7,
    "WOW Size": "each",
    "WOW ppu": "$7.70 / 1EA"
  },
  {
    "Brand_Product_Size": "Premi-yum Free Range Chicken Mince For Pets 2kg",
    "WOW Price": 11,
    "WOW Size": "2kg",
    "WOW ppu": "$0.55 / 100G"
  },
  {
    "Brand_Product_Size": "Woolworths Blackcurrant Jam 500g",
    "WOW Price": 2.1,
    "WOW Size": "500g",
    "WOW ppu": "$0.42 / 100G"
  },
  {
    "Brand_Product_Size": "Woolworths Blackcurrant Jam 500g",
    "WOW Price": 2.1,
    "WOW Size": "500g",
    "WOW ppu": "$0.42 / 100G"
  },
  {
    "Brand_Product_Size": "Nerf 3 Ring Tug Dog Toy each",
    "WOW Price": 18,
    "WOW Size": "each",
    "WOW ppu": "$6.00 / 1EA"
  },
  {
    "Brand_Product_Size": "Barista Bros Iced Chocolate 500mL",
    "WOW Price": 3.2,
    "WOW Size": "500mL",
    "WOW ppu": "$6.40 / 1L"
  },
  {
    "Brand_Product_Size": "Bonds Ladies Invisible Socks Size 3 To 8 3 pack",
    "WOW Price": 12,
    "WOW Size": "3 pack",
    "WOW ppu": ""
  },
  {
    "Brand_Product_Size": "Kevron Accessories Key Tags 4 pack",
    "WOW Price": 3,
    "WOW Size": "4 pack",
    "WOW ppu": ""
  },
  {
    "Brand_Product_Size": "Air Wick Mini Scents Decorative Air Fresheners Frangipani 60g x2 pack",
    "WOW Price": 4,
    "WOW Size": "60g x2 pack",
    "WOW ppu": "$0.33 / 10G"
  },
  {
    "Brand_Product_Size": "Woolworths Mozzarella Shredded Cheese 500g",
    "WOW Price": 6,
    "WOW Size": "500g",
    "WOW ppu": "$12.00 / 1KG"
  },
  {
    "Brand_Product_Size": "Armor All New Car Air Freshener each",
    "WOW Price": 6,
    "WOW Size": "each",
    "WOW ppu": "$24.00 / 10ML"
  },
  {
    "Brand_Product_Size": "Thankyou. Hand Wash Refill - Botanical Patchouli & Vanilla 1L",
    "WOW Price": 12.5,
    "WOW Size": "1L",
    "WOW ppu": "$1.25 / 100ML"
  },
  {
    "Brand_Product_Size": "Woolworths Dressing Ranch 300mL",
    "WOW Price": 1.8,
    "WOW Size": "300mL",
    "WOW ppu": "$0.60 / 100ML"
  },
  {
    "Brand_Product_Size": "Crankt Max Premium Protein Bar Salted Caramel 60g",
    "WOW Price": 3.75,
    "WOW Size": "60g",
    "WOW ppu": "$6.25 / 100G"
  },
  {
    "Brand_Product_Size": "Supercoat Adult True Origin Grain Free Chicken Dry Dog Food 7kg",
    "WOW Price": 33,
    "WOW Size": "7kg",
    "WOW ppu": "$0.47 / 100G"
  },
  {
    "Brand_Product_Size": "Orange Power Manual Spray Air Freshener Orange Oil 125mL",
    "WOW Price": 4.2,
    "WOW Size": "125mL",
    "WOW ppu": "$0.34 / 10ML"
  },
  {
    "Brand_Product_Size": "Woolworths Mini Choc Sponge Rolls 6 pack",
    "WOW Price": 2.5,
    "WOW Size": "6 pack",
    "WOW ppu": "$1.00 / 100G"
  },
  {
    "Brand_Product_Size": "San Marino Danish Salami 100g",
    "WOW Price": 5.5,
    "WOW Size": "100g",
    "WOW ppu": "$55.00 / 1KG"
  },
  {
    "Brand_Product_Size": "Bic Razor Disposable Soleil Twilight Lavender 4 pack",
    "WOW Price": 3.85,
    "WOW Size": "4 pack",
    "WOW ppu": "$0.96 / 1EA"
  },
  {
    "Brand_Product_Size": "Oreo Mini Mixed Multipack 230g",
    "WOW Price": 2.75,
    "WOW Size": "230g",
    "WOW ppu": "$1.20 / 100G"
  },
  {
    "Brand_Product_Size": "Essentials Tuna In Oil 185g",
    "WOW Price": 1.3,
    "WOW Size": "185g",
    "WOW ppu": "$7.03 / 1KG"
  },
  {
    "Brand_Product_Size": "Extra Strawberry Chewing Gum Sugar Free 27g",
    "WOW Price": 1.8,
    "WOW Size": "27g",
    "WOW ppu": "$6.67 / 100G"
  },
  {
    "Brand_Product_Size": "Woolworths Long Grain Rice Microwave Cups 2 pack",
    "WOW Price": 2,
    "WOW Size": "2 pack",
    "WOW ppu": "$0.80 / 100G"
  },
  {
    "Brand_Product_Size": "Hakka Fried Fish Balls 200g",
    "WOW Price": 3.8,
    "WOW Size": "200g",
    "WOW ppu": "$19.00 / 1KG"
  },
  {
    "Brand_Product_Size": "Vaalia Kids Yoghurt Pouch Strawberry 140g",
    "WOW Price": 1.7,
    "WOW Size": "140g",
    "WOW ppu": "$1.21 / 100G"
  },
  {
    "Brand_Product_Size": "Vaalia Kids Yoghurt Pouch Strawberry 140g",
    "WOW Price": 1.7,
    "WOW Size": "140g",
    "WOW ppu": "$1.21 / 100G"
  },
  {
    "Brand_Product_Size": "Vaalia Kids Yoghurt Pouch Strawberry 140g",
    "WOW Price": 1.7,
    "WOW Size": "140g",
    "WOW ppu": "$1.21 / 100G"
  },
  {
    "Brand_Product_Size": "Annabel Karmel Bolognese Pasta Bake 200g",
    "WOW Price": 4,
    "WOW Size": "200g",
    "WOW ppu": "$2.00 / 100G"
  },
  {
    "Brand_Product_Size": "Sabco Eraser Sheets 15 pack",
    "WOW Price": 4,
    "WOW Size": "15 pack",
    "WOW ppu": "$0.27 / 1EA"
  },
  {
    "Brand_Product_Size": "Schwarzkopf Live Salon Hair Colour 7.1 Medium Ash Blond each",
    "WOW Price": 14,
    "WOW Size": "each",
    "WOW ppu": ""
  },
  {
    "Brand_Product_Size": "Dr. Oetker Ristorante Pizza Hawaiian 355g",
    "WOW Price": 6.8,
    "WOW Size": "355g",
    "WOW ppu": "$1.92 / 100G"
  },
  {
    "Brand_Product_Size": "Quince Fresh each",
    "WOW Price": 2.1,
    "WOW Size": "each",
    "WOW ppu": "$2.10 / 1EA"
  },
  {
    "Brand_Product_Size": "Mentos Mystery Flavour 37.5g",
    "WOW Price": 1,
    "WOW Size": "37.5g",
    "WOW ppu": "$2.67 / 100G"
  },
  {
    "Brand_Product_Size": "Batiste Blush Dry Shampoo 350mL",
    "WOW Price": 14,
    "WOW Size": "350mL",
    "WOW ppu": "$4.00 / 100ML"
  },
  {
    "Brand_Product_Size": "Fehlbergs Banderilla Style Platter Skewers Mixed Vegetables 310g",
    "WOW Price": 3.5,
    "WOW Size": "310g",
    "WOW ppu": "$1.13 / 100G"
  },
  {
    "Brand_Product_Size": "Oc Naturals Conditioner Coco Repair 400mL",
    "WOW Price": 3.5,
    "WOW Size": "400mL",
    "WOW ppu": "$0.88 / 100ML"
  },
  {
    "Brand_Product_Size": "Greenies Original Dog Dental Treat Regular 340g",
    "WOW Price": 26,
    "WOW Size": "340g",
    "WOW ppu": "$7.65 / 100G"
  },
  {
    "Brand_Product_Size": "Woolworths Free From Gluten Share Pack Cheese Rings 90g",
    "WOW Price": 2,
    "WOW Size": "90g",
    "WOW ppu": "$2.22 / 100G"
  },
  {
    "Brand_Product_Size": "Woolworths Free From Gluten Share Pack Cheese Rings 90g",
    "WOW Price": 2,
    "WOW Size": "90g",
    "WOW ppu": "$2.22 / 100G"
  },
  {
    "Brand_Product_Size": "Kettle Flat Bread Crackers Caramelised Onion 150g",
    "WOW Price": 4.5,
    "WOW Size": "150g",
    "WOW ppu": "$3.00 / 100G"
  },
  {
    "Brand_Product_Size": "Dolmio Traditional Recipe Classic Tomato Pasta Sauce 500g",
    "WOW Price": 2,
    "WOW Size": "500g",
    "WOW ppu": "$0.40 / 100G"
  },
  {
    "Brand_Product_Size": "Dine Saucy Morsels With Salmon Wet Cat Food Tray 85g",
    "WOW Price": 0.8,
    "WOW Size": "85g",
    "WOW ppu": "$0.94 / 100G"
  },
  {
    "Brand_Product_Size": "Masterfoods Mild Chicken Curry Slow Cook Recipe Base 175g",
    "WOW Price": 2.2,
    "WOW Size": "175g",
    "WOW ppu": "$1.26 / 100G"
  },
  {
    "Brand_Product_Size": "Kiwi Dark Tan Shoe Polish 38g",
    "WOW Price": 5,
    "WOW Size": "38g",
    "WOW ppu": "$13.16 / 100G"
  },
  {
    "Brand_Product_Size": "Macro Organic Chicken Drumstick 270g - 550g",
    "WOW Price": 6.05,
    "WOW Size": "270g - 550g",
    "WOW ppu": "$11.00 / 1KG"
  },
  {
    "Brand_Product_Size": "Sargents Party Pack 36 pack",
    "WOW Price": 8,
    "WOW Size": "36 pack",
    "WOW ppu": "$0.67 / 100G"
  },
  {
    "Brand_Product_Size": "Macro Grass Fed Beef Lasagne 400g",
    "WOW Price": 8,
    "WOW Size": "400g",
    "WOW ppu": "$2.00 / 100G"
  },
  {
    "Brand_Product_Size": "Ma Ling Pork Luncheon Meat 397g",
    "WOW Price": 2.9,
    "WOW Size": "397g",
    "WOW ppu": "$0.73 / 100G"
  },
  {
    "Brand_Product_Size": "Remedy Kombucha Raspberry Lemonade 330mL",
    "WOW Price": 4,
    "WOW Size": "330mL",
    "WOW ppu": "$12.12 / 1L"
  },
  {
    "Brand_Product_Size": "Nando's Marinade Peri Peri Lemon & Herb 270g",
    "WOW Price": 3.75,
    "WOW Size": "270g",
    "WOW ppu": "$1.44 / 100G"
  },
  {
    "Brand_Product_Size": "Bosisto's Sensitive Laundry Liquid 1.2L",
    "WOW Price": 11.5,
    "WOW Size": "1.2L",
    "WOW ppu": "$9.58 / 1L"
  },
  {
    "Brand_Product_Size": "Woolworths Mixed Vegetables Soup Starter With Celery 1kg punnet",
    "WOW Price": 4,
    "WOW Size": "1kg punnet",
    "WOW ppu": ""
  },
  {
    "Brand_Product_Size": "Harris Coffee Ground Smooth 1kg",
    "WOW Price": 15,
    "WOW Size": "1kg",
    "WOW ppu": "$1.50 / 100G"
  },
  {
    "Brand_Product_Size": "Harris Coffee Ground Smooth 1kg",
    "WOW Price": 15,
    "WOW Size": "1kg",
    "WOW ppu": "$1.50 / 100G"
  },
  {
    "Brand_Product_Size": "Metamucil Daily Fibre Supplement Caps 160 pack",
    "WOW Price": 34,
    "WOW Size": "160 pack",
    "WOW ppu": "$0.21 / 1EA"
  },
  {
    "Brand_Product_Size": "Sanitarium Up&go Protein Energize Vanilla 250mL x6 pack",
    "WOW Price": 9.7,
    "WOW Size": "250mL x6 pack",
    "WOW ppu": "$6.47 / 1L"
  },
  {
    "Brand_Product_Size": "Sanitarium Up&go Protein Energize Vanilla 250mL x6 pack",
    "WOW Price": 9.7,
    "WOW Size": "250mL x6 pack",
    "WOW ppu": "$6.47 / 1L"
  },
  {
    "Brand_Product_Size": "Supercoat Adult Healthy Weight Dry Dog Food 7.5kg",
    "WOW Price": 29,
    "WOW Size": "7.5kg",
    "WOW ppu": "$0.39 / 100G"
  },
  {
    "Brand_Product_Size": "Mountain Dew Energised No Sugar Cans 375mL x10 case",
    "WOW Price": 12.4,
    "WOW Size": "375mL x10 case",
    "WOW ppu": "$3.31 / 1L"
  },
  {
    "Brand_Product_Size": "Woolworths Swiss Light Cheese Slices 200g",
    "WOW Price": 3.7,
    "WOW Size": "200g",
    "WOW ppu": "$18.50 / 1KG"
  },
  {
    "Brand_Product_Size": "L'oreal Excellence Creme Hair Colour 3 Darkest Brown each",
    "WOW Price": 16,
    "WOW Size": "each",
    "WOW ppu": ""
  },
  {
    "Brand_Product_Size": "Mint Beechwood Wok Stirrer each",
    "WOW Price": 3,
    "WOW Size": "each",
    "WOW ppu": ""
  },
  {
    "Brand_Product_Size": "Woolworths Beef Chevaps 500g",
    "WOW Price": 9,
    "WOW Size": "500g",
    "WOW ppu": "$18.00 / 1KG"
  },
  {
    "Brand_Product_Size": "Toni & Guy Hair Elastics Black Clear 50 pack",
    "WOW Price": 4.9,
    "WOW Size": "50 pack",
    "WOW ppu": ""
  },
  {
    "Brand_Product_Size": "Smooze Mango & Coconut 8x65mL",
    "WOW Price": 6.5,
    "WOW Size": "8x65mL",
    "WOW ppu": "$1.25 / 100ML"
  },
  {
    "Brand_Product_Size": "Bonds Instatan Sheer Stockings Slim Tight Light Brown Medium each",
    "WOW Price": 8,
    "WOW Size": "each",
    "WOW ppu": ""
  },
  {
    "Brand_Product_Size": "Olay Regenerist Detox Scrub 150mL",
    "WOW Price": 10.5,
    "WOW Size": "150mL",
    "WOW ppu": "$7.00 / 100ML"
  },
  {
    "Brand_Product_Size": "Radiant Whites Or Colours Laundry Powder 2kg",
    "WOW Price": 18,
    "WOW Size": "2kg",
    "WOW ppu": "$9.00 / 1KG"
  },
  {
    "Brand_Product_Size": "Health Lab Thrive Choc Protein Ball 40g",
    "WOW Price": 2.8,
    "WOW Size": "40g",
    "WOW ppu": "$7.00 / 100G"
  },
  {
    "Brand_Product_Size": "Viva Rinse & Reuse Sheet Towels 40 pack",
    "WOW Price": 5,
    "WOW Size": "40 pack",
    "WOW ppu": "$0.13 / 1EA"
  },
  {
    "Brand_Product_Size": "Nescafe 98% Sugar Free Latte Sachets 10 pack",
    "WOW Price": 3.15,
    "WOW Size": "10 pack",
    "WOW ppu": "$0.32 / 1EA"
  },
  {
    "Brand_Product_Size": "Nescafe 98% Sugar Free Latte Sachets 10 pack",
    "WOW Price": 3.15,
    "WOW Size": "10 pack",
    "WOW ppu": "$0.32 / 1EA"
  },
  {
    "Brand_Product_Size": "Masterfoods Barbecue Sauce Smokey 500mL",
    "WOW Price": 2.5,
    "WOW Size": "500mL",
    "WOW ppu": "$0.50 / 100ML"
  },
  {
    "Brand_Product_Size": "Swisse Ultiboost Daily Digestive Probiotic 30 tabLets",
    "WOW Price": 32,
    "WOW Size": "30 tabLets",
    "WOW ppu": "$106.67 / 100EA"
  },
  {
    "Brand_Product_Size": "Sealord Southern Blue Whiting Classic Crumb Bites 400g",
    "WOW Price": 8.7,
    "WOW Size": "400g",
    "WOW ppu": "$21.75 / 1KG"
  },
  {
    "Brand_Product_Size": "Taylors Of Harrogate Yorkshire Tea Bags 100 pack",
    "WOW Price": 5,
    "WOW Size": "100 pack",
    "WOW ppu": "$0.05 / 1EA"
  },
  {
    "Brand_Product_Size": "Taylors Of Harrogate Yorkshire Tea Bags 100 pack",
    "WOW Price": 5,
    "WOW Size": "100 pack",
    "WOW ppu": "$0.05 / 1EA"
  },
  {
    "Brand_Product_Size": "Nice & Natural Protein Wholeseed Bars Coconut & Goji Berry 5 pack",
    "WOW Price": 2.5,
    "WOW Size": "5 pack",
    "WOW ppu": "$1.67 / 100G"
  },
  {
    "Brand_Product_Size": "Uncle Tobys Rolled Oats Quick Sachets Brown Sugar & Cinnamon 10 pack",
    "WOW Price": 5,
    "WOW Size": "10 pack",
    "WOW ppu": "$1.43 / 100G"
  },
  {
    "Brand_Product_Size": "Lovitt's Whistler Lorikeet Bars Tropical Fruit 100g",
    "WOW Price": 3.5,
    "WOW Size": "100g",
    "WOW ppu": "$3.50 / 100G"
  },
  {
    "Brand_Product_Size": "Weis Dairy Free Raspberry & Coconut Bars 4 pack",
    "WOW Price": 5.5,
    "WOW Size": "4 pack",
    "WOW ppu": "$1.96 / 100ML"
  },
  {
    "Brand_Product_Size": "Bepanthen Antiseptic Soothing Cream 100g",
    "WOW Price": 12,
    "WOW Size": "100g",
    "WOW ppu": "$12.00 / 100G"
  },
  {
    "Brand_Product_Size": "Moccona Coffee Sachets Vanilla Latte 150g 10 pack",
    "WOW Price": 4.5,
    "WOW Size": "150g 10 pack",
    "WOW ppu": "$0.45 / 1EA"
  },
  {
    "Brand_Product_Size": "Moccona Coffee Sachets Vanilla Latte 150g 10 pack",
    "WOW Price": 4.5,
    "WOW Size": "150g 10 pack",
    "WOW ppu": "$0.45 / 1EA"
  },
  {
    "Brand_Product_Size": "Optus X Go each",
    "WOW Price": 129,
    "WOW Size": "each",
    "WOW ppu": ""
  },
  {
    "Brand_Product_Size": "Garlo's Satay Chicken Pie 200g",
    "WOW Price": 4.5,
    "WOW Size": "200g",
    "WOW ppu": "$2.25 / 100G"
  },
  {
    "Brand_Product_Size": "Edgell Sauerkraut 410g",
    "WOW Price": 3.2,
    "WOW Size": "410g",
    "WOW ppu": "$7.80 / 1KG"
  },
  {
    "Brand_Product_Size": "Connoisseur Ice Cream Cafe Grande 1L tub",
    "WOW Price": 11,
    "WOW Size": "1L tub",
    "WOW ppu": "$1.10 / 100ML"
  },
  {
    "Brand_Product_Size": "Little Wishes Spin & Sip Cups 6 Months+ each",
    "WOW Price": 2.5,
    "WOW Size": "each",
    "WOW ppu": "$2.50 / 1EA"
  },
  {
    "Brand_Product_Size": "Karicare 4 Toddler Milk Drink Formula From 2+ Years 900g",
    "WOW Price": 15,
    "WOW Size": "900g",
    "WOW ppu": "$1.67 / 100G"
  },
  {
    "Brand_Product_Size": "Decor Bamboo Dinner Plate each",
    "WOW Price": 2.5,
    "WOW Size": "each",
    "WOW ppu": ""
  },
  {
    "Brand_Product_Size": "Macro Purple Carrot Organic 500g",
    "WOW Price": 5.9,
    "WOW Size": "500g",
    "WOW ppu": "$11.80 / 1KG"
  },
  {
    "Brand_Product_Size": "Temptations Cat Treats Hearty Beef 85g",
    "WOW Price": 3,
    "WOW Size": "85g",
    "WOW ppu": "$3.53 / 100G"
  },
  {
    "Brand_Product_Size": "White Wings Cake In A Cup Double Chocolate 220g",
    "WOW Price": 5,
    "WOW Size": "220g",
    "WOW ppu": "$2.27 / 100G"
  },
  {
    "Brand_Product_Size": "Woolworths Mexican Style Chicken Salad Bowl 185g",
    "WOW Price": 6,
    "WOW Size": "185g",
    "WOW ppu": "$32.43 / 1KG"
  },
  {
    "Brand_Product_Size": "Woolworths Mexican Style Chicken Salad Bowl 185g",
    "WOW Price": 6,
    "WOW Size": "185g",
    "WOW ppu": "$32.43 / 1KG"
  },
  {
    "Brand_Product_Size": "Woolworths Beef Jerky Original 180g",
    "WOW Price": 10,
    "WOW Size": "180g",
    "WOW ppu": "$5.56 / 100G"
  },
  {
    "Brand_Product_Size": "Jordans Bursting With Berries Crunchy Oat Granola 500g",
    "WOW Price": 7,
    "WOW Size": "500g",
    "WOW ppu": "$1.40 / 100G"
  },
  {
    "Brand_Product_Size": "Method Squirt & Mop Hard Floor Cleaner Ginger Yuzu 739mL",
    "WOW Price": 6,
    "WOW Size": "739mL",
    "WOW ppu": "$0.81 / 100ML"
  },
  {
    "Brand_Product_Size": "Little One's Size 1 Ultra Dry Nappies Newborn Up To 5kg Boys & Girls 30 pack",
    "WOW Price": 4.5,
    "WOW Size": "30 pack",
    "WOW ppu": "$0.15 / 1EA"
  },
  {
    "Brand_Product_Size": "Heinz Big N Chunky Canned Soup Butter Chicken 535g",
    "WOW Price": 2,
    "WOW Size": "535g",
    "WOW ppu": "$0.37 / 100G"
  },
  {
    "Brand_Product_Size": "Herbal Essences Sulfate Free Honey & Vitamin B Shampoo 360mL",
    "WOW Price": 7,
    "WOW Size": "360mL",
    "WOW ppu": "$1.94 / 100ML"
  },
  {
    "Brand_Product_Size": "Fancy Feast Adult Royale Tuna Whitemeat Supreme Wet Cat Food 85g",
    "WOW Price": 2,
    "WOW Size": "85g",
    "WOW ppu": "$2.35 / 100G"
  },
  {
    "Brand_Product_Size": "Surf Laundry Powder Herbals 2kg",
    "WOW Price": 6,
    "WOW Size": "2kg",
    "WOW ppu": "$3.00 / 1KG"
  },
  {
    "Brand_Product_Size": "Carman's Goodness & Grains Low Sugar Almond & Coconut Flakes 375g",
    "WOW Price": 5.6,
    "WOW Size": "375g",
    "WOW ppu": "$1.49 / 100G"
  },
  {
    "Brand_Product_Size": "John Frieda Air Dry Waves 147mL",
    "WOW Price": 17,
    "WOW Size": "147mL",
    "WOW ppu": "$11.56 / 100ML"
  },
  {
    "Brand_Product_Size": "John West Lunch Kit With Crackers Tuna With Sweetcorn In Mayonnaise 108g",
    "WOW Price": 3.35,
    "WOW Size": "108g",
    "WOW ppu": "$31.02 / 1KG"
  },
  {
    "Brand_Product_Size": "Metamucil Daily Fibre Supplement Fibra Caps 300 pack",
    "WOW Price": 45,
    "WOW Size": "300 pack",
    "WOW ppu": "$0.15 / 1EA"
  },
  {
    "Brand_Product_Size": "Ob Finest Wafer Crackers Rosemary 100g",
    "WOW Price": 3,
    "WOW Size": "100g",
    "WOW ppu": "$3.00 / 100G"
  },
  {
    "Brand_Product_Size": "Masterfoods Dried Mixed Herbs 10g",
    "WOW Price": 1.98,
    "WOW Size": "10g",
    "WOW ppu": "$1.98 / 10G"
  },
  {
    "Brand_Product_Size": "Woolworths Fresh Lasagne Beef 400g",
    "WOW Price": 7.5,
    "WOW Size": "400g",
    "WOW ppu": "$1.88 / 100G"
  },
  {
    "Brand_Product_Size": "Golden Circle Apple Fruit Drink Multipack 6x250mL",
    "WOW Price": 4.5,
    "WOW Size": "6x250mL",
    "WOW ppu": "$3.00 / 1L"
  },
  {
    "Brand_Product_Size": "Johnson's Baby Powder Pure Cornstarch With Aloe & Vitamin E 255g",
    "WOW Price": 4.1,
    "WOW Size": "255g",
    "WOW ppu": "$1.61 / 100G"
  },
  {
    "Brand_Product_Size": "Cetaphil Baby Gentle Wash & Shampo, For Newborn Baby 230mL",
    "WOW Price": 8.5,
    "WOW Size": "230mL",
    "WOW ppu": "$3.70 / 100ML"
  },
  {
    "Brand_Product_Size": "Cetaphil Baby Gentle Wash & Shampo, For Newborn Baby 230mL",
    "WOW Price": 8.5,
    "WOW Size": "230mL",
    "WOW ppu": "$3.70 / 100ML"
  },
  {
    "Brand_Product_Size": "Woolworths Mud Cake Caramel 600g",
    "WOW Price": 4.8,
    "WOW Size": "600g",
    "WOW ppu": "$0.80 / 100G"
  },
  {
    "Brand_Product_Size": "Scotchgard Fabric & Upholstery Protector 350g",
    "WOW Price": 12,
    "WOW Size": "350g",
    "WOW ppu": "$3.43 / 100G"
  },
  {
    "Brand_Product_Size": "First Press Iced Coffee Almond Milk 350mL",
    "WOW Price": 4,
    "WOW Size": "350mL",
    "WOW ppu": "$11.43 / 1L"
  },
  {
    "Brand_Product_Size": "Powerade Mountain Blast Flo Cap 600mL",
    "WOW Price": 2.2,
    "WOW Size": "600mL",
    "WOW ppu": "$3.67 / 1L"
  },
  {
    "Brand_Product_Size": "Moccona Sweet Cappuccino 10 pack",
    "WOW Price": 4.5,
    "WOW Size": "10 pack",
    "WOW ppu": "$3.00 / 100G"
  },
  {
    "Brand_Product_Size": "Moccona Sweet Cappuccino 10 pack",
    "WOW Price": 4.5,
    "WOW Size": "10 pack",
    "WOW ppu": "$3.00 / 100G"
  },
  {
    "Brand_Product_Size": "Magic Washing Machine Cleaner Sachets 2x100g",
    "WOW Price": 7.5,
    "WOW Size": "2x100g",
    "WOW ppu": "$37.50 / 1KG"
  },
  {
    "Brand_Product_Size": "Vicks Chest Rub Vaporub 100g",
    "WOW Price": 12.25,
    "WOW Size": "100g",
    "WOW ppu": "$12.25 / 100G"
  },
  {
    "Brand_Product_Size": "Vileda Mop Extra Long Cotton Refill each",
    "WOW Price": 8.5,
    "WOW Size": "each",
    "WOW ppu": ""
  },
  {
    "Brand_Product_Size": "Woolworths Sour Cream 300mL",
    "WOW Price": 2.1,
    "WOW Size": "300mL",
    "WOW ppu": "$0.70 / 100ML"
  },
  {
    "Brand_Product_Size": "Scotch-brite Pet Hair Lint Roller Refill 56 sheets",
    "WOW Price": 7,
    "WOW Size": "56 sheets",
    "WOW ppu": "$7.00 / 1EA"
  },
  {
    "Brand_Product_Size": "Blackmores Curcumin One A Day 30 pack",
    "WOW Price": 26,
    "WOW Size": "30 pack",
    "WOW ppu": "$86.67 / 100EA"
  },
  {
    "Brand_Product_Size": "Nature Valley Sweet & Salty Nut Roasted Peanut Bars 4 pack",
    "WOW Price": 4,
    "WOW Size": "4 pack",
    "WOW ppu": "$3.33 / 100G"
  },
  {
    "Brand_Product_Size": "Nature Valley Sweet & Salty Nut Roasted Peanut Bars 4 pack",
    "WOW Price": 4,
    "WOW Size": "4 pack",
    "WOW ppu": "$3.33 / 100G"
  },
  {
    "Brand_Product_Size": "Mcobeauty Trio Scrunchies 3 pack",
    "WOW Price": 10,
    "WOW Size": "3 pack",
    "WOW ppu": ""
  },
  {
    "Brand_Product_Size": "Essentials Twist Mop each",
    "WOW Price": 7.5,
    "WOW Size": "each",
    "WOW ppu": "$7.50 / 1EA"
  },
  {
    "Brand_Product_Size": "Kettle Sea Salt & Vinegar Chips 175g",
    "WOW Price": 3.25,
    "WOW Size": "175g",
    "WOW ppu": "$1.86 / 100G"
  },
  {
    "Brand_Product_Size": "Swisspers Cotton Balls Extra Large 100 pack",
    "WOW Price": 3.75,
    "WOW Size": "100 pack",
    "WOW ppu": "$3.75 / 100EA"
  },
  {
    "Brand_Product_Size": "Jack Hammer Removable Hooks Small 4 pack",
    "WOW Price": 8,
    "WOW Size": "4 pack",
    "WOW ppu": "$2.00 / 1EA"
  },
  {
    "Brand_Product_Size": "French's Classic Yellow Mustard 226g",
    "WOW Price": 2.8,
    "WOW Size": "226g",
    "WOW ppu": "$1.24 / 100G"
  },
  {
    "Brand_Product_Size": "Cobs Popcorn Lightly Salted Slightly Sweet Gluten Free 65g",
    "WOW Price": 3.15,
    "WOW Size": "65g",
    "WOW ppu": "$4.85 / 100G"
  },
  {
    "Brand_Product_Size": "Mainland Otg Tasty Artisan Cheese & Crackers 38g",
    "WOW Price": 2.5,
    "WOW Size": "38g",
    "WOW ppu": "$65.79 / 1KG"
  },
  {
    "Brand_Product_Size": "D'orsogna Deli Fresh Lightly Smoked Turkey 80g",
    "WOW Price": 3.7,
    "WOW Size": "80g",
    "WOW ppu": "$46.25 / 1KG"
  },
  {
    "Brand_Product_Size": "Paperclick Wooden Hb Pencils 6 pack",
    "WOW Price": 2,
    "WOW Size": "6 pack",
    "WOW ppu": ""
  },
  {
    "Brand_Product_Size": "The Spice Tailor Hyderabad Biryani 360g",
    "WOW Price": 2.75,
    "WOW Size": "360g",
    "WOW ppu": "$0.76 / 100G"
  },
  {
    "Brand_Product_Size": "Impressed Easy Greens Juice 1L",
    "WOW Price": 5,
    "WOW Size": "1L",
    "WOW ppu": "$5.00 / 1L"
  },
  {
    "Brand_Product_Size": "Only Organic Strawberry Yoghurt Rice Cakes 30g",
    "WOW Price": 2.6,
    "WOW Size": "30g",
    "WOW ppu": "$8.67 / 100G"
  },
  {
    "Brand_Product_Size": "Woolworths Cook Slow Cooked Pork Ribs In Smokey Bbq Sauce 650g",
    "WOW Price": 14,
    "WOW Size": "650g",
    "WOW ppu": "$21.54 / 1KG"
  },
  {
    "Brand_Product_Size": "Sunrice Rice Snacks Mini Bites Original 160g",
    "WOW Price": 4,
    "WOW Size": "160g",
    "WOW ppu": "$2.50 / 100G"
  },
  {
    "Brand_Product_Size": "Sunrice Rice Snacks Mini Bites Original 160g",
    "WOW Price": 4,
    "WOW Size": "160g",
    "WOW ppu": "$2.50 / 100G"
  },
  {
    "Brand_Product_Size": "Cussons Bliss Cleans&whitens Coastal Fresh Laundry Powder 2kg",
    "WOW Price": 6,
    "WOW Size": "2kg",
    "WOW ppu": "$3.00 / 1KG"
  },
  {
    "Brand_Product_Size": "Scotch-brite Pet Hair Lint Roller each",
    "WOW Price": 4,
    "WOW Size": "each",
    "WOW ppu": ""
  },
  {
    "Brand_Product_Size": "Dolmio Lasagne Bechamel Sauce 490g",
    "WOW Price": 3,
    "WOW Size": "490g",
    "WOW ppu": "$0.61 / 100G"
  },
  {
    "Brand_Product_Size": "Nature's Way Kids Vita Gummies Immunity 60 pack",
    "WOW Price": 14.5,
    "WOW Size": "60 pack",
    "WOW ppu": "$29.00 / 100EA"
  },
  {
    "Brand_Product_Size": "Woolworths Cook Chicken Roasting Portions Italian Style 1.5kg - 2kg",
    "WOW Price": 15,
    "WOW Size": "1.5kg - 2kg",
    "WOW ppu": "$7.50 / 1KG"
  },
  {
    "Brand_Product_Size": "Smith's Thinly Cut Potato Chips Sour Cream & Onion Share Pack 175g",
    "WOW Price": 2,
    "WOW Size": "175g",
    "WOW ppu": "$1.14 / 100G"
  },
  {
    "Brand_Product_Size": "Energizer Audio Cable 3.5mm Jack each",
    "WOW Price": 12,
    "WOW Size": "each",
    "WOW ppu": ""
  },
  {
    "Brand_Product_Size": "U By Kotex Cotton Ultrathins Super Pads 10 pack",
    "WOW Price": 3.9,
    "WOW Size": "10 pack",
    "WOW ppu": "$0.39 / 1EA"
  },
  {
    "Brand_Product_Size": "Spc Spaghetti Rich Tomato 4x140g",
    "WOW Price": 3.6,
    "WOW Size": "4x140g",
    "WOW ppu": "$0.64 / 100G"
  },
  {
    "Brand_Product_Size": "Waterfords Lite & Fruity Lemon Lime Bitters 250mL x4 pack",
    "WOW Price": 2.3,
    "WOW Size": "250mL x4 pack",
    "WOW ppu": "$2.30 / 1L"
  },
  {
    "Brand_Product_Size": "Mint Glazed Pasta Bowl Grey each",
    "WOW Price": 4,
    "WOW Size": "each",
    "WOW ppu": ""
  },
  {
    "Brand_Product_Size": "Sonic B Heroic Wired Gaming Headset each",
    "WOW Price": 28,
    "WOW Size": "each",
    "WOW ppu": ""
  },
  {
    "Brand_Product_Size": "Bonds Zip Wondersuit Disney Mickey Black Size 00 each",
    "WOW Price": 30,
    "WOW Size": "each",
    "WOW ppu": ""
  },
  {
    "Brand_Product_Size": "Kleenex Anti-bacterial Wet Wipes 15 pack",
    "WOW Price": 1.7,
    "WOW Size": "15 pack",
    "WOW ppu": "$0.11 / 1EA"
  },
  {
    "Brand_Product_Size": "Kleenex Anti-bacterial Wet Wipes 15 pack",
    "WOW Price": 1.7,
    "WOW Size": "15 pack",
    "WOW ppu": "$0.11 / 1EA"
  },
  {
    "Brand_Product_Size": "Veggie Delights Classic Not Burger 300g",
    "WOW Price": 6,
    "WOW Size": "300g",
    "WOW ppu": "$2.00 / 100G"
  },
  {
    "Brand_Product_Size": "Crayola Out Of This World Colouring & Marker Book each",
    "WOW Price": 4.9,
    "WOW Size": "each",
    "WOW ppu": "$4.90 / 1EA"
  },
  {
    "Brand_Product_Size": "Double Merino Pastry Gow Gee 275g",
    "WOW Price": 2.9,
    "WOW Size": "275g",
    "WOW ppu": "$1.05 / 100G"
  },
  {
    "Brand_Product_Size": "Fresh Corella Pear each",
    "WOW Price": 1.18,
    "WOW Size": "each",
    "WOW ppu": "$1.18 / 1EA"
  },
  {
    "Brand_Product_Size": "Dairylea Cheddar Cheese 500g",
    "WOW Price": 6.6,
    "WOW Size": "500g",
    "WOW ppu": "$13.20 / 1KG"
  },
  {
    "Brand_Product_Size": "Dairylea Cheddar Cheese 500g",
    "WOW Price": 6.6,
    "WOW Size": "500g",
    "WOW ppu": "$13.20 / 1KG"
  },
  {
    "Brand_Product_Size": "Dairylea Cheddar Cheese 500g",
    "WOW Price": 6.6,
    "WOW Size": "500g",
    "WOW ppu": "$13.20 / 1KG"
  },
  {
    "Brand_Product_Size": "Hunter Valley 12 Large Free Range Eggs 660g",
    "WOW Price": 6.5,
    "WOW Size": "660g",
    "WOW ppu": "$0.98 / 100G"
  },
  {
    "Brand_Product_Size": "Inspire Ceramic Toilet Brush Holder each",
    "WOW Price": 8,
    "WOW Size": "each",
    "WOW ppu": ""
  },
  {
    "Brand_Product_Size": "Ratsak Pre-baited Mouse Trap 2 pack",
    "WOW Price": 8,
    "WOW Size": "2 pack",
    "WOW ppu": "$4.00 / 1EA"
  },
  {
    "Brand_Product_Size": "Chupa Chups Sour Bites Share Pack 10 pack",
    "WOW Price": 5,
    "WOW Size": "10 pack",
    "WOW ppu": "$2.07 / 100G"
  },
  {
    "Brand_Product_Size": "Smitten Kitten Food Chicken & Tuna 1kg",
    "WOW Price": 2.8,
    "WOW Size": "1kg",
    "WOW ppu": "$0.28 / 100G"
  },
  {
    "Brand_Product_Size": "Little One's Size 3 Ultra Dry Nappies Crawler 6-11kg Boys & Girls 56 pack",
    "WOW Price": 10,
    "WOW Size": "56 pack",
    "WOW ppu": "$0.18 / 1EA"
  },
  {
    "Brand_Product_Size": "Betadine Antiseptic First Aid Cream 20g",
    "WOW Price": 11,
    "WOW Size": "20g",
    "WOW ppu": "$55.00 / 100G"
  },
  {
    "Brand_Product_Size": "Vin A Clean Cleaning Vinegar 2L",
    "WOW Price": 3,
    "WOW Size": "2L",
    "WOW ppu": "$0.15 / 100ML"
  },
  {
    "Brand_Product_Size": "Mersey Valley Classic Cheese 80g",
    "WOW Price": 3.5,
    "WOW Size": "80g",
    "WOW ppu": "$43.75 / 1KG"
  },
  {
    "Brand_Product_Size": "Mersey Valley Classic Cheese 80g",
    "WOW Price": 3.5,
    "WOW Size": "80g",
    "WOW ppu": "$43.75 / 1KG"
  },
  {
    "Brand_Product_Size": "Bio Cheese Cheddar Block 200g",
    "WOW Price": 6,
    "WOW Size": "200g",
    "WOW ppu": "$30.00 / 1KG"
  },
  {
    "Brand_Product_Size": "Woolworths Vegetable Medley 500g",
    "WOW Price": 6,
    "WOW Size": "500g",
    "WOW ppu": "$12.00 / 1KG"
  },
  {
    "Brand_Product_Size": "L'or Espresso Supremo Intensity 10 Coffee Capsules 10 pack",
    "WOW Price": 6,
    "WOW Size": "10 pack",
    "WOW ppu": "$0.60 / 1EA"
  },
  {
    "Brand_Product_Size": "L'or Espresso Supremo Intensity 10 Coffee Capsules 10 pack",
    "WOW Price": 6,
    "WOW Size": "10 pack",
    "WOW ppu": "$0.60 / 1EA"
  },
  {
    "Brand_Product_Size": "Urbane Mess 6 In 1 Trimmer each",
    "WOW Price": 25,
    "WOW Size": "each",
    "WOW ppu": "$25.00 / 1EA"
  },
  {
    "Brand_Product_Size": "Nescafe Gold Orginal Soluble Instant Coffee 200g",
    "WOW Price": 11.5,
    "WOW Size": "200g",
    "WOW ppu": "$5.75 / 100G"
  },
  {
    "Brand_Product_Size": "Nescafe Gold Orginal Soluble Instant Coffee 200g",
    "WOW Price": 11.5,
    "WOW Size": "200g",
    "WOW ppu": "$5.75 / 100G"
  },
  {
    "Brand_Product_Size": "Curash Nappy Cream 100g",
    "WOW Price": 5.8,
    "WOW Size": "100g",
    "WOW ppu": "$5.80 / 100G"
  },
  {
    "Brand_Product_Size": "Adesso Sandwich Maker Stainless Steel each",
    "WOW Price": 20,
    "WOW Size": "each",
    "WOW ppu": ""
  },
  {
    "Brand_Product_Size": "Cadbury Fruit & Nut Block 360g",
    "WOW Price": 6,
    "WOW Size": "360g",
    "WOW ppu": ""
  },
  {
    "Brand_Product_Size": "Woolworths Pear Slices In Juice 695g",
    "WOW Price": 3.5,
    "WOW Size": "695g",
    "WOW ppu": "$5.04 / 1KG"
  },
  {
    "Brand_Product_Size": "Woolworths Cook Stir Fry Vegetable Super Foods 250g",
    "WOW Price": 3.5,
    "WOW Size": "250g",
    "WOW ppu": "$14.00 / 1KG"
  },
  {
    "Brand_Product_Size": "Evergreen Yang Chun Noodle 500g",
    "WOW Price": 2.5,
    "WOW Size": "500g",
    "WOW ppu": "$5.00 / 1KG"
  },
  {
    "Brand_Product_Size": "Patties Sausage Roll Party 450g",
    "WOW Price": 8.5,
    "WOW Size": "450g",
    "WOW ppu": "$1.89 / 100G"
  },
  {
    "Brand_Product_Size": "Rexona Women Deodorant Stick Invisible Dry 42g",
    "WOW Price": 3.5,
    "WOW Size": "42g",
    "WOW ppu": "$8.33 / 100G"
  },
  {
    "Brand_Product_Size": "Made With Plants Meat Free Bangers & Mash With Peas 400g",
    "WOW Price": 9,
    "WOW Size": "400g",
    "WOW ppu": "$2.25 / 100G"
  },
  {
    "Brand_Product_Size": "All Smiles Bamboo Toothbrush Soft 4 pack",
    "WOW Price": 8,
    "WOW Size": "4 pack",
    "WOW ppu": "$2.00 / 1EA"
  },
  {
    "Brand_Product_Size": "Masterfoods Oregano Leaves 18g",
    "WOW Price": 4.6,
    "WOW Size": "18g",
    "WOW ppu": "$2.56 / 10G"
  },
  {
    "Brand_Product_Size": "Streets Golden Gaytime Tub 1L",
    "WOW Price": 5,
    "WOW Size": "1L",
    "WOW ppu": "$0.50 / 100ML"
  },
  {
    "Brand_Product_Size": "Wiltshire Spring Form Pan 25cm each",
    "WOW Price": 16,
    "WOW Size": "each",
    "WOW ppu": ""
  },
  {
    "Brand_Product_Size": "Colgate Total Advanced Fresh Antibacterial Gel Toothpaste 200g",
    "WOW Price": 8,
    "WOW Size": "200g",
    "WOW ppu": "$4.00 / 100G"
  },
  {
    "Brand_Product_Size": "Nescafe Gold Smooth Instant Coffee 180g",
    "WOW Price": 11.5,
    "WOW Size": "180g",
    "WOW ppu": "$6.39 / 100G"
  },
  {
    "Brand_Product_Size": "Nescafe Gold Smooth Instant Coffee 180g",
    "WOW Price": 11.5,
    "WOW Size": "180g",
    "WOW ppu": "$6.39 / 100G"
  },
  {
    "Brand_Product_Size": "Woolworths 3 Colour Traffic Light Capsicums 3 pack",
    "WOW Price": 7.9,
    "WOW Size": "3 pack",
    "WOW ppu": "$2.63 / 1EA"
  },
  {
    "Brand_Product_Size": "Philips Reflector Par38 Globe 120w Es Base each",
    "WOW Price": 8,
    "WOW Size": "each",
    "WOW ppu": ""
  },
  {
    "Brand_Product_Size": "Homestead By Tasmanian Pate Chicken Pate With Cracked Pepper 150g",
    "WOW Price": 5.5,
    "WOW Size": "150g",
    "WOW ppu": "$36.67 / 1KG"
  },
  {
    "Brand_Product_Size": "Woolworths Blat Salad Bowl 180g",
    "WOW Price": 6,
    "WOW Size": "180g",
    "WOW ppu": "$33.33 / 1KG"
  },
  {
    "Brand_Product_Size": "Woolworths Blat Salad Bowl 180g",
    "WOW Price": 6,
    "WOW Size": "180g",
    "WOW ppu": "$33.33 / 1KG"
  },
  {
    "Brand_Product_Size": "Maybelline Hyper Glossy Liquid Eyeliner each",
    "WOW Price": 5,
    "WOW Size": "each",
    "WOW ppu": "$10.00 / 10G"
  },
  {
    "Brand_Product_Size": "Woolworths Asian Salad Tub 250g",
    "WOW Price": 6,
    "WOW Size": "250g",
    "WOW ppu": "$24.00 / 1KG"
  },
  {
    "Brand_Product_Size": "Woolworths Asian Salad Tub 250g",
    "WOW Price": 6,
    "WOW Size": "250g",
    "WOW ppu": "$24.00 / 1KG"
  },
  {
    "Brand_Product_Size": "Woolworths Asian Salad Tub 250g",
    "WOW Price": 6,
    "WOW Size": "250g",
    "WOW ppu": "$24.00 / 1KG"
  },
  {
    "Brand_Product_Size": "Extra Tropical Flavour Sugar Free Gum 27g",
    "WOW Price": 1.8,
    "WOW Size": "27g",
    "WOW ppu": "$6.67 / 100G"
  },
  {
    "Brand_Product_Size": "Ya - Coya Original Aloe Crush 1.5L",
    "WOW Price": 4.8,
    "WOW Size": "1.5L",
    "WOW ppu": "$3.20 / 1L"
  },
  {
    "Brand_Product_Size": "Scotts Osmocote Pour & Feed House Plants Fertiliser 500mL",
    "WOW Price": 10,
    "WOW Size": "500mL",
    "WOW ppu": "$2.00 / 100ML"
  },
  {
    "Brand_Product_Size": "Mcobeauty Blush Duo Nectar Glow 10g",
    "WOW Price": 6,
    "WOW Size": "10g",
    "WOW ppu": "$6.00 / 10G"
  },
  {
    "Brand_Product_Size": "Country Fresh Exotic Mushroom Stir Fry Mix 150g",
    "WOW Price": 5,
    "WOW Size": "150g",
    "WOW ppu": "$33.33 / 1KG"
  },
  {
    "Brand_Product_Size": "Hans Polish 375g",
    "WOW Price": 4.2,
    "WOW Size": "375g",
    "WOW ppu": "$11.20 / 1KG"
  },
  {
    "Brand_Product_Size": "Korbond Anti Static Spray each",
    "WOW Price": 7,
    "WOW Size": "each",
    "WOW ppu": ""
  },
  {
    "Brand_Product_Size": "Foster Clark's Snak Pack Custard Pouch Chocolate 120g",
    "WOW Price": 1.5,
    "WOW Size": "120g",
    "WOW ppu": "$1.25 / 100G"
  },
  {
    "Brand_Product_Size": "Jordans Chunky Nut Crispy Oat Clusters 500g",
    "WOW Price": 7,
    "WOW Size": "500g",
    "WOW ppu": "$1.40 / 100G"
  },
  {
    "Brand_Product_Size": "Colgate Plax Ice Fusion Antibacterial Mouthwash Cold Mint 500mL",
    "WOW Price": 5,
    "WOW Size": "500mL",
    "WOW ppu": "$1.00 / 100ML"
  },
  {
    "Brand_Product_Size": "Chris' Heritage Dips Blue Cheese, Fig & Pistachio 170g",
    "WOW Price": 8,
    "WOW Size": "170g",
    "WOW ppu": "$4.71 / 100G"
  },
  {
    "Brand_Product_Size": "Chris' Heritage Dips Blue Cheese, Fig & Pistachio 170g",
    "WOW Price": 8,
    "WOW Size": "170g",
    "WOW ppu": "$4.71 / 100G"
  },
  {
    "Brand_Product_Size": "Ocean Chef Smoked Hoki 1kg",
    "WOW Price": 16,
    "WOW Size": "1kg",
    "WOW ppu": "$16.00 / 1KG"
  },
  {
    "Brand_Product_Size": "Ocean Chef Smoked Hoki 1kg",
    "WOW Price": 16,
    "WOW Size": "1kg",
    "WOW ppu": "$16.00 / 1KG"
  },
  {
    "Brand_Product_Size": "Macro Organic Mexican Style 3 Bean Mix No Added Salt 420g",
    "WOW Price": 1.3,
    "WOW Size": "420g",
    "WOW ppu": "$0.31 / 100G"
  },
  {
    "Brand_Product_Size": "Dove Women Antiperspirant Roll On Deodorant Invisible Dry 50mL",
    "WOW Price": 3.9,
    "WOW Size": "50mL",
    "WOW ppu": "$7.80 / 100ML"
  },
  {
    "Brand_Product_Size": "Whiskas Beef & Lamb Adult Dry Cat Food 1.8kg",
    "WOW Price": 8,
    "WOW Size": "1.8kg",
    "WOW ppu": "$0.44 / 100G"
  },
  {
    "Brand_Product_Size": "Pine O Cleen Simply Multi Purpose Cleaner Trigger Apple 500mL",
    "WOW Price": 5,
    "WOW Size": "500mL",
    "WOW ppu": "$1.00 / 100ML"
  },
  {
    "Brand_Product_Size": "Interworld Bucket 9.6L",
    "WOW Price": 2,
    "WOW Size": "9.6L",
    "WOW ppu": ""
  },
  {
    "Brand_Product_Size": "Armada Freezer Bags Small 120 pack",
    "WOW Price": 0.6,
    "WOW Size": "120 pack",
    "WOW ppu": "$0.01 / 1EA"
  },
  {
    "Brand_Product_Size": "Tom Organic Pads Regular Ultra Thin 10 pack",
    "WOW Price": 5,
    "WOW Size": "10 pack",
    "WOW ppu": "$0.50 / 1EA"
  },
  {
    "Brand_Product_Size": "Oatly Oat Milk Chocolate 1L",
    "WOW Price": 4.5,
    "WOW Size": "1L",
    "WOW ppu": "$4.50 / 1L"
  },
  {
    "Brand_Product_Size": "Sensodyne Dual Action Toothpaste 100g",
    "WOW Price": 6.6,
    "WOW Size": "100g",
    "WOW ppu": "$6.60 / 100G"
  },
  {
    "Brand_Product_Size": "Lavazza Qualita Rossa Ground Coffee 250g x2 pack",
    "WOW Price": 8,
    "WOW Size": "250g x2 pack",
    "WOW ppu": "$1.60 / 100G"
  },
  {
    "Brand_Product_Size": "Lavazza Qualita Rossa Ground Coffee 250g x2 pack",
    "WOW Price": 8,
    "WOW Size": "250g x2 pack",
    "WOW ppu": "$1.60 / 100G"
  },
  {
    "Brand_Product_Size": "Mint Measuring Spoon 4 pack",
    "WOW Price": 6,
    "WOW Size": "4 pack",
    "WOW ppu": ""
  },
  {
    "Brand_Product_Size": "A2 Full Cream Milk 2L",
    "WOW Price": 5.3,
    "WOW Size": "2L",
    "WOW ppu": "$2.65 / 1L"
  },
  {
    "Brand_Product_Size": "Advil Tablets 24 pack",
    "WOW Price": 4.5,
    "WOW Size": "24 pack",
    "WOW ppu": "$0.19 / 1EA"
  },
  {
    "Brand_Product_Size": "Olay Regenerist Whips Face Cream Moisturiser 50g",
    "WOW Price": 34.3,
    "WOW Size": "50g",
    "WOW ppu": "$68.60 / 100G"
  },
  {
    "Brand_Product_Size": "Barilla Egg Pappardelle 250g",
    "WOW Price": 2.8,
    "WOW Size": "250g",
    "WOW ppu": "$1.12 / 100G"
  },
  {
    "Brand_Product_Size": "Ob Finest Sourdough Crispbread Natural 110g",
    "WOW Price": 5,
    "WOW Size": "110g",
    "WOW ppu": "$4.55 / 100G"
  },
  {
    "Brand_Product_Size": "Yumi's Traditional Middle Eastern Hommus Dip 1kg",
    "WOW Price": 7,
    "WOW Size": "1kg",
    "WOW ppu": "$0.70 / 100G"
  },
  {
    "Brand_Product_Size": "Donna Hay Molten Chocolate Chunk Brownie 660g",
    "WOW Price": 7,
    "WOW Size": "660g",
    "WOW ppu": "$1.06 / 100G"
  },
  {
    "Brand_Product_Size": "Telstra Essential Pro 2 each",
    "WOW Price": 79,
    "WOW Size": "each",
    "WOW ppu": ""
  },
  {
    "Brand_Product_Size": "Leatherwood Organic Honey 500g",
    "WOW Price": 14,
    "WOW Size": "500g",
    "WOW ppu": "$2.80 / 100G"
  },
  {
    "Brand_Product_Size": "Energizer Wearable Light each",
    "WOW Price": 15,
    "WOW Size": "each",
    "WOW ppu": "$15.00 / 1EA"
  },
  {
    "Brand_Product_Size": "Uncle Tobys Muesli Bars Chewy Forest Fruits 6 pack",
    "WOW Price": 4.3,
    "WOW Size": "6 pack",
    "WOW ppu": "$2.32 / 100G"
  },
  {
    "Brand_Product_Size": "Uncle Tobys Muesli Bars Chewy Forest Fruits 6 pack",
    "WOW Price": 4.3,
    "WOW Size": "6 pack",
    "WOW ppu": "$2.32 / 100G"
  },
  {
    "Brand_Product_Size": "South Cape Havarti Cheese Snack 80g",
    "WOW Price": 3.5,
    "WOW Size": "80g",
    "WOW ppu": "$43.75 / 1KG"
  },
  {
    "Brand_Product_Size": "South Cape Havarti Cheese Snack 80g",
    "WOW Price": 3.5,
    "WOW Size": "80g",
    "WOW ppu": "$43.75 / 1KG"
  },
  {
    "Brand_Product_Size": "Nivea Deep Amazonia Roll On Antiperspirant Deodorant 50mL",
    "WOW Price": 3.5,
    "WOW Size": "50mL",
    "WOW ppu": "$7.00 / 100ML"
  },
  {
    "Brand_Product_Size": "Jarrah French Vanilla Latte French Style 250g",
    "WOW Price": 6,
    "WOW Size": "250g",
    "WOW ppu": "$2.40 / 100G"
  },
  {
    "Brand_Product_Size": "Jarrah French Vanilla Latte French Style 250g",
    "WOW Price": 6,
    "WOW Size": "250g",
    "WOW ppu": "$2.40 / 100G"
  },
  {
    "Brand_Product_Size": "L'oreal Paris True Match Foundation 3n Creamy Beige 30mL",
    "WOW Price": 15,
    "WOW Size": "30mL",
    "WOW ppu": "$5.00 / 10ML"
  },
  {
    "Brand_Product_Size": "Farmers Union Greek Style Protein Yoghurt 500g",
    "WOW Price": 4.8,
    "WOW Size": "500g",
    "WOW ppu": "$0.96 / 100G"
  },
  {
    "Brand_Product_Size": "Woolworths Lower Carb Wholemeal Wrap 5 pack",
    "WOW Price": 5,
    "WOW Size": "5 pack",
    "WOW ppu": "$2.22 / 100G"
  },
  {
    "Brand_Product_Size": "Mint Granite Mortar & Pestle each",
    "WOW Price": 15,
    "WOW Size": "each",
    "WOW ppu": ""
  },
  {
    "Brand_Product_Size": "Fuel By Nature Turkish Figs Gift Box 1kg",
    "WOW Price": 13.99,
    "WOW Size": "1kg",
    "WOW ppu": "$13.99 / 1KG"
  },
  {
    "Brand_Product_Size": "San Remo Cous Cous Medium Grain 500g",
    "WOW Price": 2.8,
    "WOW Size": "500g",
    "WOW ppu": "$0.56 / 100G"
  },
  {
    "Brand_Product_Size": "Fehlbergs Sliced Jalapenos 1.95kg",
    "WOW Price": 11,
    "WOW Size": "1.95kg",
    "WOW ppu": "$5.64 / 1KG"
  },
  {
    "Brand_Product_Size": "Dermaveen Body Wash Shower And Bath Oil 500mL",
    "WOW Price": 13.6,
    "WOW Size": "500mL",
    "WOW ppu": "$2.72 / 100ML"
  },
  {
    "Brand_Product_Size": "Woolworths Pitted Kalamata Olives 345g",
    "WOW Price": 3,
    "WOW Size": "345g",
    "WOW ppu": "$8.70 / 1KG"
  },
  {
    "Brand_Product_Size": "Essentials Plain Flour 2kg",
    "WOW Price": 1.8,
    "WOW Size": "2kg",
    "WOW ppu": "$0.90 / 1KG"
  },
  {
    "Brand_Product_Size": "Five:am Organic Natural Yoghurt No Added Sugar 700g",
    "WOW Price": 6,
    "WOW Size": "700g",
    "WOW ppu": "$0.86 / 100G"
  },
  {
    "Brand_Product_Size": "Continental Snack Pot Cheese & Bacon Pasta 70g",
    "WOW Price": 3,
    "WOW Size": "70g",
    "WOW ppu": "$4.29 / 100G"
  },
  {
    "Brand_Product_Size": "Bulla Crunch Ice Cream Orange Mint Vanilla 8 pack",
    "WOW Price": 5,
    "WOW Size": "8 pack",
    "WOW ppu": "$0.79 / 100ML"
  },
  {
    "Brand_Product_Size": "Woolworths Mint Flakes 7g",
    "WOW Price": 1.55,
    "WOW Size": "7g",
    "WOW ppu": "$2.21 / 10G"
  },
  {
    "Brand_Product_Size": "Macro Organic Soy Long Life Milk 1L",
    "WOW Price": 1.6,
    "WOW Size": "1L",
    "WOW ppu": "$1.60 / 1L"
  },
  {
    "Brand_Product_Size": "Macro Organic Soy Long Life Milk 1L",
    "WOW Price": 1.6,
    "WOW Size": "1L",
    "WOW ppu": "$1.60 / 1L"
  },
  {
    "Brand_Product_Size": "Gravox Gravy Liquid Traditional 250g",
    "WOW Price": 2.85,
    "WOW Size": "250g",
    "WOW ppu": "$1.14 / 100G"
  },
  {
    "Brand_Product_Size": "Nivea Wash Scrub Purifying Oily & Combination Skin 150mL",
    "WOW Price": 7.7,
    "WOW Size": "150mL",
    "WOW ppu": "$5.13 / 100ML"
  },
  {
    "Brand_Product_Size": "Continental Beef Stock Powder 125g",
    "WOW Price": 2.99,
    "WOW Size": "125g",
    "WOW ppu": "$0.24 / 10G"
  },
  {
    "Brand_Product_Size": "Durex Play Aloe Vera 2 In 1 Massage Gel Lubricant 200mL",
    "WOW Price": 9,
    "WOW Size": "200mL",
    "WOW ppu": "$4.50 / 100ML"
  },
  {
    "Brand_Product_Size": "Solo Zero Sugar 10x375mL",
    "WOW Price": 12.4,
    "WOW Size": "10x375mL",
    "WOW ppu": "$3.31 / 1L"
  },
  {
    "Brand_Product_Size": "Bar None Conditioner Hydrating Hair 400mL",
    "WOW Price": 20,
    "WOW Size": "400mL",
    "WOW ppu": "$5.00 / 100ML"
  },
  {
    "Brand_Product_Size": "Inspire Bamboo Tray Large each",
    "WOW Price": 8,
    "WOW Size": "each",
    "WOW ppu": ""
  },
  {
    "Brand_Product_Size": "Woolworths Diet Blood Orange Sparkling Mineral Water 1.25L",
    "WOW Price": 1,
    "WOW Size": "1.25L",
    "WOW ppu": "$0.80 / 1L"
  },
  {
    "Brand_Product_Size": "Woolworths Free From Gluten Bake Home Rolls 6 pack",
    "WOW Price": 4.5,
    "WOW Size": "6 pack",
    "WOW ppu": "$4.50 / 1EA"
  },
  {
    "Brand_Product_Size": "Macro Light & Golden Rice Malt Syrup 500g",
    "WOW Price": 4,
    "WOW Size": "500g",
    "WOW ppu": "$0.80 / 100G"
  },
  {
    "Brand_Product_Size": "Europe Summer Roll 40g bar",
    "WOW Price": 1.5,
    "WOW Size": "40g bar",
    "WOW ppu": "$3.75 / 100G"
  },
  {
    "Brand_Product_Size": "Matchbox Heritage Box each",
    "WOW Price": 3,
    "WOW Size": "each",
    "WOW ppu": ""
  },
  {
    "Brand_Product_Size": "Fanta Orange Mini Can 200mL x8 pack",
    "WOW Price": 7.2,
    "WOW Size": "200mL x8 pack",
    "WOW ppu": "$4.50 / 1L"
  },
  {
    "Brand_Product_Size": "Oscar Orsen Mini Travel Small Grooming Brush each",
    "WOW Price": 6,
    "WOW Size": "each",
    "WOW ppu": ""
  },
  {
    "Brand_Product_Size": "Dare Mocha Iced Coffee 500mL",
    "WOW Price": 3.5,
    "WOW Size": "500mL",
    "WOW ppu": "$7.00 / 1L"
  },
  {
    "Brand_Product_Size": "Oral-b Complete 5 Way Clean Toothbrush Med 1 pack",
    "WOW Price": 2,
    "WOW Size": "1 pack",
    "WOW ppu": "$2.00 / 1EA"
  },
  {
    "Brand_Product_Size": "French Fries Multipack Original 6 pack",
    "WOW Price": 3.35,
    "WOW Size": "6 pack",
    "WOW ppu": "$3.02 / 100G"
  },
  {
    "Brand_Product_Size": "French Fries Multipack Original 6 pack",
    "WOW Price": 3.35,
    "WOW Size": "6 pack",
    "WOW ppu": "$3.02 / 100G"
  },
  {
    "Brand_Product_Size": "Katoomba Ingredients Black Eye Beans 1kg",
    "WOW Price": 5,
    "WOW Size": "1kg",
    "WOW ppu": "$0.50 / 100G"
  },
  {
    "Brand_Product_Size": "Twinings Infuse Pink Grapefruit & Orange 12 pack",
    "WOW Price": 5,
    "WOW Size": "12 pack",
    "WOW ppu": "$0.42 / 1EA"
  },
  {
    "Brand_Product_Size": "Extra Care Colour Protect & Shine Shampoo 900mL",
    "WOW Price": 14,
    "WOW Size": "900mL",
    "WOW ppu": "$1.56 / 100ML"
  },
  {
    "Brand_Product_Size": "Fifya Middle Eastern Falafel 250g",
    "WOW Price": 4.5,
    "WOW Size": "250g",
    "WOW ppu": "$1.80 / 100G"
  },
  {
    "Brand_Product_Size": "Purina Pixar Alien Dog Toy each",
    "WOW Price": 17,
    "WOW Size": "each",
    "WOW ppu": "$17.00 / 1EA"
  },
  {
    "Brand_Product_Size": "Scotch Felt Pads Value Pack 28 pack",
    "WOW Price": 12,
    "WOW Size": "28 pack",
    "WOW ppu": "$0.43 / 1EA"
  },
  {
    "Brand_Product_Size": "Inspire Microfibre Bath Mat Lagoon 48x78cm each",
    "WOW Price": 20,
    "WOW Size": "each",
    "WOW ppu": ""
  },
  {
    "Brand_Product_Size": "Blackmores Fish Oil 1000mg Capsules 400 pack",
    "WOW Price": 31.5,
    "WOW Size": "400 pack",
    "WOW ppu": "$7.88 / 100EA"
  },
  {
    "Brand_Product_Size": "Smith's Crinkle Cut Potato Chips Cheese & Onion 60g",
    "WOW Price": 2.1,
    "WOW Size": "60g",
    "WOW ppu": "$3.50 / 100G"
  },
  {
    "Brand_Product_Size": "Extra Soft Chew White Peppermint Chewing Gum Sugar Free Bottle 67g",
    "WOW Price": 4,
    "WOW Size": "67g",
    "WOW ppu": "$5.97 / 100G"
  },
  {
    "Brand_Product_Size": "Green Gardener Garden Trowel 1 pack",
    "WOW Price": 6,
    "WOW Size": "1 pack",
    "WOW ppu": ""
  },
  {
    "Brand_Product_Size": "I Pastai Vegan Ravioli With Pumpkin Kale & Roasted Hazelnut 300g",
    "WOW Price": 7.5,
    "WOW Size": "300g",
    "WOW ppu": "$2.50 / 100G"
  },
  {
    "Brand_Product_Size": "Batiste Tropical Dry Shampoo 200mL",
    "WOW Price": 10,
    "WOW Size": "200mL",
    "WOW ppu": "$5.00 / 100ML"
  },
  {
    "Brand_Product_Size": "Maseur Footcare Shoe Brush & Polish Cloth each",
    "WOW Price": 5.99,
    "WOW Size": "each",
    "WOW ppu": ""
  },
  {
    "Brand_Product_Size": "Julian's Pizza Base 11 Inch Gluten Free 260g",
    "WOW Price": 4.99,
    "WOW Size": "260g",
    "WOW ppu": "$1.92 / 100G"
  },
  {
    "Brand_Product_Size": "Cold Power Advanced Clean 1L",
    "WOW Price": 11,
    "WOW Size": "1L",
    "WOW ppu": "$11.00 / 1L"
  },
  {
    "Brand_Product_Size": "Bushells Blue Label Black Tea 100 pack",
    "WOW Price": 3.5,
    "WOW Size": "100 pack",
    "WOW ppu": "$0.04 / 1EA"
  },
  {
    "Brand_Product_Size": "Bushells Blue Label Black Tea 100 pack",
    "WOW Price": 3.5,
    "WOW Size": "100 pack",
    "WOW ppu": "$0.04 / 1EA"
  },
  {
    "Brand_Product_Size": "Woolworths Green Olives Lemongrass & Chilli 110g",
    "WOW Price": 3.5,
    "WOW Size": "110g",
    "WOW ppu": "$0.35 / 100G"
  },
  {
    "Brand_Product_Size": "Essentials Rolled Quilt Single each",
    "WOW Price": 14,
    "WOW Size": "each",
    "WOW ppu": ""
  },
  {
    "Brand_Product_Size": "Equal Spoonful Sweetener Powder 113g",
    "WOW Price": 6,
    "WOW Size": "113g",
    "WOW ppu": "$5.31 / 100G"
  },
  {
    "Brand_Product_Size": "Schwarzkopf Taft Hair Lacquer Spray Maximum Hold 200g",
    "WOW Price": 4.45,
    "WOW Size": "200g",
    "WOW ppu": "$2.23 / 100G"
  },
  {
    "Brand_Product_Size": "Woolworths Yellowfin Tuna In Oil 185g",
    "WOW Price": 2,
    "WOW Size": "185g",
    "WOW ppu": "$10.81 / 1KG"
  },
  {
    "Brand_Product_Size": "Nad's Facial Hair Removal Cream 28g",
    "WOW Price": 7.5,
    "WOW Size": "28g",
    "WOW ppu": "$26.79 / 100G"
  },
  {
    "Brand_Product_Size": "Mcobeauty Instant Erase Concealer 02 Light 6mL",
    "WOW Price": 8,
    "WOW Size": "6mL",
    "WOW ppu": "$13.33 / 10ML"
  },
  {
    "Brand_Product_Size": "Betty Crocker Triple Chocolate Fudge Brownie Mix 500g",
    "WOW Price": 5.2,
    "WOW Size": "500g",
    "WOW ppu": "$1.04 / 100G"
  },
  {
    "Brand_Product_Size": "Swisspers Cotton Tips 240 pack",
    "WOW Price": 4.5,
    "WOW Size": "240 pack",
    "WOW ppu": "$4.50 / 1EA"
  },
  {
    "Brand_Product_Size": "Starbucks Caffe Verona Coffee Pods 10 pack",
    "WOW Price": 5,
    "WOW Size": "10 pack",
    "WOW ppu": "$0.50 / 1EA"
  },
  {
    "Brand_Product_Size": "Starbucks Caffe Verona Coffee Pods 10 pack",
    "WOW Price": 5,
    "WOW Size": "10 pack",
    "WOW ppu": "$0.50 / 1EA"
  },
  {
    "Brand_Product_Size": "Revlon Colorstay Look Book Palette Maverick 3.6g",
    "WOW Price": 10,
    "WOW Size": "3.6g",
    "WOW ppu": "$27.78 / 10G"
  },
  {
    "Brand_Product_Size": "Tommee Tippee Closer To Nature Night-time Soothers 18 To 36 Months 2 pack",
    "WOW Price": 7.7,
    "WOW Size": "2 pack",
    "WOW ppu": "$7.70 / 1EA"
  },
  {
    "Brand_Product_Size": "Ocean Spray Cran Pomegranate Juice Drink 1.5L",
    "WOW Price": 5.85,
    "WOW Size": "1.5L",
    "WOW ppu": "$3.90 / 1L"
  },
  {
    "Brand_Product_Size": "Betty Crocker Apple & Cinnamon 97% Fat Free Muffin Mix 500g",
    "WOW Price": 5.2,
    "WOW Size": "500g",
    "WOW ppu": "$1.04 / 100G"
  },
  {
    "Brand_Product_Size": "Sistema Drink Bottle Stainless Steel 600mL each",
    "WOW Price": 12,
    "WOW Size": "600mL each",
    "WOW ppu": ""
  },
  {
    "Brand_Product_Size": "Sistema Drink Bottle Stainless Steel 600mL each",
    "WOW Price": 12,
    "WOW Size": "600mL each",
    "WOW ppu": ""
  },
  {
    "Brand_Product_Size": "Korbond Whiz Pop Bang Catch Game 6 pack",
    "WOW Price": 4,
    "WOW Size": "6 pack",
    "WOW ppu": "$0.67 / 1EA"
  },
  {
    "Brand_Product_Size": "Jack Hammer Tape Measure 5m each",
    "WOW Price": 5,
    "WOW Size": "each",
    "WOW ppu": "$5.00 / 1EA"
  },
  {
    "Brand_Product_Size": "Masterfoods Teriyaki Chicken Stir Fry Recipe Base 175g",
    "WOW Price": 2.2,
    "WOW Size": "175g",
    "WOW ppu": "$1.26 / 100G"
  },
  {
    "Brand_Product_Size": "Bonds Kids Very Comfy Low Cut Socks Size 13-3 4 pack",
    "WOW Price": 13,
    "WOW Size": "4 pack",
    "WOW ppu": ""
  },
  {
    "Brand_Product_Size": "Oral-b Floss Action Refills 4 pack",
    "WOW Price": 32,
    "WOW Size": "4 pack",
    "WOW ppu": "$8.00 / 1EA"
  },
  {
    "Brand_Product_Size": "The Natural Confectionery Co. Berry Bliss Lollies 200g",
    "WOW Price": 3,
    "WOW Size": "200g",
    "WOW ppu": "$1.50 / 100G"
  },
  {
    "Brand_Product_Size": "Steggles Italian Style Turkey Meatballs 400g",
    "WOW Price": 7,
    "WOW Size": "400g",
    "WOW ppu": "$17.50 / 1KG"
  },
  {
    "Brand_Product_Size": "Quick-eze Antacids Forest Berry 24 pack",
    "WOW Price": 6,
    "WOW Size": "24 pack",
    "WOW ppu": "$0.25 / 1EA"
  },
  {
    "Brand_Product_Size": "Confidere Incontinence Pads Extra 12 pack",
    "WOW Price": 3.25,
    "WOW Size": "12 pack",
    "WOW ppu": "$0.27 / 1EA"
  },
  {
    "Brand_Product_Size": "Equal Sweetener Tablets 600 tabLets",
    "WOW Price": 12.3,
    "WOW Size": "600 tabLets",
    "WOW ppu": "$2.05 / 100EA"
  },
  {
    "Brand_Product_Size": "Woolworths Fully Loaded Cookies Hazelnut 200g",
    "WOW Price": 4,
    "WOW Size": "200g",
    "WOW ppu": "$2.00 / 100G"
  },
  {
    "Brand_Product_Size": "La Famiglia Garlic Bread 400g",
    "WOW Price": 4,
    "WOW Size": "400g",
    "WOW ppu": "$1.00 / 100G"
  },
  {
    "Brand_Product_Size": "Skyn Maxium Performance Lubricant 80mL",
    "WOW Price": 10,
    "WOW Size": "80mL",
    "WOW ppu": "$12.50 / 100ML"
  },
  {
    "Brand_Product_Size": "Maybelline Dream Urban Cover Liquid Foundation - Sun Beige 30mL",
    "WOW Price": 13,
    "WOW Size": "30mL",
    "WOW ppu": "$4.33 / 10ML"
  },
  {
    "Brand_Product_Size": "Lifestyles Silky Smooth Water Based Lubricant 100g",
    "WOW Price": 7,
    "WOW Size": "100g",
    "WOW ppu": "$7.00 / 100G"
  },
  {
    "Brand_Product_Size": "Diet Rite Apple Blackcurrant Cordial 1L",
    "WOW Price": 3,
    "WOW Size": "1L",
    "WOW ppu": "$3.00 / 1L"
  },
  {
    "Brand_Product_Size": "Strength Meals Co Butter Chicken 350g",
    "WOW Price": 9,
    "WOW Size": "350g",
    "WOW ppu": "$2.57 / 100G"
  },
  {
    "Brand_Product_Size": "Powerade Berry Ice Powder 500g",
    "WOW Price": 9,
    "WOW Size": "500g",
    "WOW ppu": "$1.80 / 100G"
  },
  {
    "Brand_Product_Size": "Woolworths Cracked Black Pepper 39g",
    "WOW Price": 2,
    "WOW Size": "39g",
    "WOW ppu": "$0.51 / 10G"
  },
  {
    "Brand_Product_Size": "Cocobella Yoghurt Passionfruit 500g",
    "WOW Price": 6,
    "WOW Size": "500g",
    "WOW ppu": "$1.20 / 100G"
  },
  {
    "Brand_Product_Size": "Allen's Minties Family Bag Lollies 370g",
    "WOW Price": 5,
    "WOW Size": "370g",
    "WOW ppu": "$1.35 / 100G"
  },
  {
    "Brand_Product_Size": "L'oreal Infallible Matte Foundation 200 Golden Sand 30mL",
    "WOW Price": 15,
    "WOW Size": "30mL",
    "WOW ppu": "$5.00 / 10ML"
  },
  {
    "Brand_Product_Size": "Iddy Biddy Fruit Snacks Berry 20g x8 pack",
    "WOW Price": 3,
    "WOW Size": "20g x8 pack",
    "WOW ppu": "$1.88 / 100G"
  },
  {
    "Brand_Product_Size": "Provoke Touch Of Silver Daily Maintenance Purple Shampoo 400mL",
    "WOW Price": 10,
    "WOW Size": "400mL",
    "WOW ppu": "$2.50 / 100ML"
  },
  {
    "Brand_Product_Size": "Lean Cuisine Indian Butter Chicken With Rice 375g",
    "WOW Price": 6.7,
    "WOW Size": "375g",
    "WOW ppu": "$1.79 / 100G"
  },
  {
    "Brand_Product_Size": "Nivea Men Black & White Aerosol Antiperspirant Deodorant 500mL",
    "WOW Price": 9.5,
    "WOW Size": "500mL",
    "WOW ppu": "$1.90 / 100ML"
  },
  {
    "Brand_Product_Size": "Mersey Valley Pickled Onion Cheese 80g",
    "WOW Price": 3.5,
    "WOW Size": "80g",
    "WOW ppu": "$43.75 / 1KG"
  },
  {
    "Brand_Product_Size": "Mersey Valley Pickled Onion Cheese 80g",
    "WOW Price": 3.5,
    "WOW Size": "80g",
    "WOW ppu": "$43.75 / 1KG"
  },
  {
    "Brand_Product_Size": "Rafferty's Garden Banana Yoghurt 70g",
    "WOW Price": 1,
    "WOW Size": "70g",
    "WOW ppu": "$1.43 / 100G"
  },
  {
    "Brand_Product_Size": "Aveeno Baby Dermexa Wash 236mL",
    "WOW Price": 17,
    "WOW Size": "236mL",
    "WOW ppu": "$7.20 / 100ML"
  },
  {
    "Brand_Product_Size": "Fanta Orange Can 250mL",
    "WOW Price": 2.25,
    "WOW Size": "250mL",
    "WOW ppu": "$9.00 / 1L"
  },
  {
    "Brand_Product_Size": "Alfa One Rice Bran Oil 4L",
    "WOW Price": 12,
    "WOW Size": "4L",
    "WOW ppu": "$0.30 / 100ML"
  },
  {
    "Brand_Product_Size": "The Culture Co. Probiotic Kefir Natural 1kg",
    "WOW Price": 6.8,
    "WOW Size": "1kg",
    "WOW ppu": "$0.68 / 100G"
  },
  {
    "Brand_Product_Size": "Mojo Actived Kombucha Ginger 250mL x4 pack",
    "WOW Price": 9.4,
    "WOW Size": "250mL x4 pack",
    "WOW ppu": "$9.40 / 1L"
  },
  {
    "Brand_Product_Size": "Nescafe Coffee Sachets Vanilla 26 pack",
    "WOW Price": 11,
    "WOW Size": "26 pack",
    "WOW ppu": "$0.42 / 1EA"
  },
  {
    "Brand_Product_Size": "Nescafe Coffee Sachets Vanilla 26 pack",
    "WOW Price": 11,
    "WOW Size": "26 pack",
    "WOW ppu": "$0.42 / 1EA"
  },
  {
    "Brand_Product_Size": "La Casa Del Formaggio Fresh Mozzarella 125g",
    "WOW Price": 3,
    "WOW Size": "125g",
    "WOW ppu": "$24.00 / 1KG"
  },
  {
    "Brand_Product_Size": "La Casa Del Formaggio Fresh Mozzarella 125g",
    "WOW Price": 3,
    "WOW Size": "125g",
    "WOW ppu": "$24.00 / 1KG"
  },
  {
    "Brand_Product_Size": "Nature's Way Vitagummies For Adults Multi-vitamin 120 pack",
    "WOW Price": 10,
    "WOW Size": "120 pack",
    "WOW ppu": "$8.33 / 100EA"
  },
  {
    "Brand_Product_Size": "Maybelline Mineral Power Powder Foundation - Classic Ivory 8g",
    "WOW Price": 12.5,
    "WOW Size": "8g",
    "WOW ppu": "$15.63 / 10G"
  },
  {
    "Brand_Product_Size": "Fry's Meat Free Nuggets With Rice Protein & Chia 240g",
    "WOW Price": 6,
    "WOW Size": "240g",
    "WOW ppu": "$2.50 / 100G"
  },
  {
    "Brand_Product_Size": "Heinz 8 Months+ Beef & Vegetable Casserole 170g",
    "WOW Price": 1.5,
    "WOW Size": "170g",
    "WOW ppu": "$0.88 / 100G"
  },
  {
    "Brand_Product_Size": "Weis Dairy Free Sorbet Passionfruit Tub 1L",
    "WOW Price": 7,
    "WOW Size": "1L",
    "WOW ppu": "$0.70 / 100ML"
  },
  {
    "Brand_Product_Size": "Remedy Organic Kombucha Raspberry Lemonade 1.25L",
    "WOW Price": 8.75,
    "WOW Size": "1.25L",
    "WOW ppu": "$7.00 / 1L"
  },
  {
    "Brand_Product_Size": "Woolworths Skim Milk Powder 1kg",
    "WOW Price": 5.7,
    "WOW Size": "1kg",
    "WOW ppu": "$0.57 / 100G"
  },
  {
    "Brand_Product_Size": "Woolworths Skim Milk Powder 1kg",
    "WOW Price": 5.7,
    "WOW Size": "1kg",
    "WOW ppu": "$0.57 / 100G"
  },
  {
    "Brand_Product_Size": "Heinz Cutlery Feeding Spoons 2 pack",
    "WOW Price": 5.5,
    "WOW Size": "2 pack",
    "WOW ppu": "$2.75 / 1EA"
  },
  {
    "Brand_Product_Size": "Oreo Tub 1.2L",
    "WOW Price": 9,
    "WOW Size": "1.2L",
    "WOW ppu": "$0.75 / 100ML"
  },
  {
    "Brand_Product_Size": "Mint Stamped Pattern Pasta Bowl each",
    "WOW Price": 6,
    "WOW Size": "each",
    "WOW ppu": ""
  },
  {
    "Brand_Product_Size": "Mud Volume & Fibre Extension Mascara 12g",
    "WOW Price": 4.5,
    "WOW Size": "12g",
    "WOW ppu": "$3.75 / 10G"
  },
  {
    "Brand_Product_Size": "Shine Antibacterial Dishwashing Liquid Lemon 450mL",
    "WOW Price": 1.7,
    "WOW Size": "450mL",
    "WOW ppu": "$0.38 / 100ML"
  },
  {
    "Brand_Product_Size": "Sharpie Black Chisel 1 pack",
    "WOW Price": 3.5,
    "WOW Size": "1 pack",
    "WOW ppu": ""
  },
  {
    "Brand_Product_Size": "Bickford's Blackcurrant Fruit Juice Syrup 750mL",
    "WOW Price": 4.7,
    "WOW Size": "750mL",
    "WOW ppu": "$6.27 / 1L"
  },
  {
    "Brand_Product_Size": "Woolworths Frozen Pizza Hawaiian 500g",
    "WOW Price": 3.3,
    "WOW Size": "500g",
    "WOW ppu": "$0.66 / 100G"
  },
  {
    "Brand_Product_Size": "Primo Peri Peri Pulled Chicken 150g",
    "WOW Price": 4.5,
    "WOW Size": "150g",
    "WOW ppu": "$30.00 / 1KG"
  },
  {
    "Brand_Product_Size": "D'orsogna Australian Double Smoked Shortcut Bacon 200g",
    "WOW Price": 6,
    "WOW Size": "200g",
    "WOW ppu": "$30.00 / 1KG"
  },
  {
    "Brand_Product_Size": "Whole Kids Organic Mini Abc Apple & Chia Biscuits Multipack 30g x4 pack",
    "WOW Price": 5.5,
    "WOW Size": "30g x4 pack",
    "WOW ppu": "$4.58 / 100G"
  },
  {
    "Brand_Product_Size": "Woolworths Free From Gluten Dairy Free Chocolate Cheesecake 675g",
    "WOW Price": 12,
    "WOW Size": "675g",
    "WOW ppu": "$1.78 / 100G"
  },
  {
    "Brand_Product_Size": "Dare Vanilla Latte 750mL",
    "WOW Price": 3.2,
    "WOW Size": "750mL",
    "WOW ppu": "$4.27 / 1L"
  },
  {
    "Brand_Product_Size": "Frey Dark Coconut Crunchy Clouds 150g",
    "WOW Price": 5,
    "WOW Size": "150g",
    "WOW ppu": "$3.33 / 100G"
  },
  {
    "Brand_Product_Size": "Kez's Brownie Bar All Natural Fudgy Chocolate 45g",
    "WOW Price": 1.45,
    "WOW Size": "45g",
    "WOW ppu": "$3.22 / 100G"
  },
  {
    "Brand_Product_Size": "Vegie Delights Casserole Mince In Gravy 415g",
    "WOW Price": 3.3,
    "WOW Size": "415g",
    "WOW ppu": "$0.80 / 100G"
  },
  {
    "Brand_Product_Size": "Dodoni Greek Feta Cheese 400g",
    "WOW Price": 12,
    "WOW Size": "400g",
    "WOW ppu": "$30.00 / 1KG"
  },
  {
    "Brand_Product_Size": "Dodoni Greek Feta Cheese 400g",
    "WOW Price": 12,
    "WOW Size": "400g",
    "WOW ppu": "$30.00 / 1KG"
  },
  {
    "Brand_Product_Size": "Optimum Salmon & Rice Wet Dog Food 6 pack",
    "WOW Price": 6,
    "WOW Size": "6 pack",
    "WOW ppu": "$1.00 / 100G"
  },
  {
    "Brand_Product_Size": "Clearasil Ultra Cream Acne Treatment Extra 20g",
    "WOW Price": 13.5,
    "WOW Size": "20g",
    "WOW ppu": "$67.50 / 100G"
  },
  {
    "Brand_Product_Size": "Refresh Your Car Gel Cannister New Car New Car 71g",
    "WOW Price": 8,
    "WOW Size": "71g",
    "WOW ppu": "$11.27 / 100G"
  },
  {
    "Brand_Product_Size": "Green Gardener Automatic Garden Tap 2 Hr Water Timer each",
    "WOW Price": 12,
    "WOW Size": "each",
    "WOW ppu": ""
  },
  {
    "Brand_Product_Size": "Tyrrell's Chips Cheddar & Chives 165g bag",
    "WOW Price": 3.5,
    "WOW Size": "165g bag",
    "WOW ppu": "$2.12 / 100G"
  },
  {
    "Brand_Product_Size": "Just Caught Crunchy Battered Blue Grenadier 880g",
    "WOW Price": 16,
    "WOW Size": "880g",
    "WOW ppu": "$18.18 / 1KG"
  },
  {
    "Brand_Product_Size": "Sam's Pantry Quick Oat Sachets Creamy Vanilla 10 pack",
    "WOW Price": 4,
    "WOW Size": "10 pack",
    "WOW ppu": "$1.14 / 100G"
  },
  {
    "Brand_Product_Size": "On The Menu Chicken Kiev 320g",
    "WOW Price": 4.8,
    "WOW Size": "320g",
    "WOW ppu": "$1.50 / 100G"
  },
  {
    "Brand_Product_Size": "Woolworths Hot Chocolate 10 pack",
    "WOW Price": 3.25,
    "WOW Size": "10 pack",
    "WOW ppu": "$1.63 / 100G"
  },
  {
    "Brand_Product_Size": "Perfect Italiano Original Smooth Ricotta 500g",
    "WOW Price": 6,
    "WOW Size": "500g",
    "WOW ppu": "$12.00 / 1KG"
  },
  {
    "Brand_Product_Size": "Perfect Italiano Original Smooth Ricotta 500g",
    "WOW Price": 6,
    "WOW Size": "500g",
    "WOW ppu": "$12.00 / 1KG"
  },
  {
    "Brand_Product_Size": "Noya Macadamia & Cashew Butter 200g",
    "WOW Price": 12,
    "WOW Size": "200g",
    "WOW ppu": "$6.00 / 100G"
  },
  {
    "Brand_Product_Size": "Noya Macadamia & Cashew Butter 200g",
    "WOW Price": 12,
    "WOW Size": "200g",
    "WOW ppu": "$6.00 / 100G"
  },
  {
    "Brand_Product_Size": "Pureharvest Organic Malt Free Soy Milk 1L",
    "WOW Price": 1.7,
    "WOW Size": "1L",
    "WOW ppu": "$1.70 / 1L"
  },
  {
    "Brand_Product_Size": "Pureharvest Organic Malt Free Soy Milk 1L",
    "WOW Price": 1.7,
    "WOW Size": "1L",
    "WOW ppu": "$1.70 / 1L"
  },
  {
    "Brand_Product_Size": "Essentials Cake Mix Chocolate 340g",
    "WOW Price": 0.75,
    "WOW Size": "340g",
    "WOW ppu": "$0.22 / 100G"
  },
  {
    "Brand_Product_Size": "Coco & Lucas' Spaghetti Vegie-nese 350g",
    "WOW Price": 6.5,
    "WOW Size": "350g",
    "WOW ppu": "$1.86 / 100G"
  },
  {
    "Brand_Product_Size": "Ceres Organics Sriracha Chilli Sauce 330g",
    "WOW Price": 6,
    "WOW Size": "330g",
    "WOW ppu": "$2.40 / 100ML"
  },
  {
    "Brand_Product_Size": "Philips Cfl Tornado Cool Daylight 20w Es Base each",
    "WOW Price": 6.5,
    "WOW Size": "each",
    "WOW ppu": "$6.50 / 1EA"
  },
  {
    "Brand_Product_Size": "Simple Water Boost Facial Cleanser Micellar Water 400mL",
    "WOW Price": 13,
    "WOW Size": "400mL",
    "WOW ppu": "$3.25 / 100ML"
  },
  {
    "Brand_Product_Size": "Woolworths Original Rice Crackers 100g",
    "WOW Price": 0.9,
    "WOW Size": "100g",
    "WOW ppu": "$0.90 / 100G"
  },
  {
    "Brand_Product_Size": "The Spice Tailor Rustic Rogan Josh 300g",
    "WOW Price": 2.75,
    "WOW Size": "300g",
    "WOW ppu": "$0.92 / 100G"
  },
  {
    "Brand_Product_Size": "Food For Health Bars Fruit Free 150g",
    "WOW Price": 7,
    "WOW Size": "150g",
    "WOW ppu": "$4.67 / 100G"
  },
  {
    "Brand_Product_Size": "Essentials Domestic Wipes 10 pack",
    "WOW Price": 0.99,
    "WOW Size": "10 pack",
    "WOW ppu": "$0.10 / 1EA"
  },
  {
    "Brand_Product_Size": "Philips Light Globe Led 13w 1400 Lumen Cool Bc each",
    "WOW Price": 10,
    "WOW Size": "each",
    "WOW ppu": "$10.00 / 1EA"
  },
  {
    "Brand_Product_Size": "Beerenberg Strawberry Jam 300g",
    "WOW Price": 5,
    "WOW Size": "300g",
    "WOW ppu": "$1.67 / 100G"
  },
  {
    "Brand_Product_Size": "Purina One Adult Hairball Chicken Dry Cat Food 1.5kg",
    "WOW Price": 15,
    "WOW Size": "1.5kg",
    "WOW ppu": "$1.00 / 100G"
  },
  {
    "Brand_Product_Size": "White Wings Self Raising Flour 1kg",
    "WOW Price": 2.5,
    "WOW Size": "1kg",
    "WOW ppu": "$2.50 / 1KG"
  },
  {
    "Brand_Product_Size": "Ocean Chef Tuna Yellowfin Tuna Steaks 1kg",
    "WOW Price": 25,
    "WOW Size": "1kg",
    "WOW ppu": "$25.00 / 1KG"
  },
  {
    "Brand_Product_Size": "Ocean Chef Tuna Yellowfin Tuna Steaks 1kg",
    "WOW Price": 25,
    "WOW Size": "1kg",
    "WOW ppu": "$25.00 / 1KG"
  },
  {
    "Brand_Product_Size": "Macro Organic Pasta Sauce Chunky Bolognese 500g",
    "WOW Price": 2.6,
    "WOW Size": "500g",
    "WOW ppu": "$0.52 / 100G"
  },
  {
    "Brand_Product_Size": "Carmex Lip Balm Squeeze Tube 10g",
    "WOW Price": 4.99,
    "WOW Size": "10g",
    "WOW ppu": "$49.90 / 100G"
  },
  {
    "Brand_Product_Size": "Armada Baking Paper 30cm x 50m",
    "WOW Price": 7.5,
    "WOW Size": "30cm x 50m",
    "WOW ppu": "$0.15 / 1M"
  },
  {
    "Brand_Product_Size": "Masterfoods Smokey Bbq Marinade 375g",
    "WOW Price": 2.5,
    "WOW Size": "375g",
    "WOW ppu": "$0.67 / 100G"
  },
  {
    "Brand_Product_Size": "Five Tastes Massaman Curry Paste 210g",
    "WOW Price": 3,
    "WOW Size": "210g",
    "WOW ppu": "$1.43 / 100G"
  },
  {
    "Brand_Product_Size": "Normandie Pate Chicken & Black Peppercorns 150g",
    "WOW Price": 4.5,
    "WOW Size": "150g",
    "WOW ppu": "$30.00 / 1KG"
  },
  {
    "Brand_Product_Size": "Sirena Tuna Tomato & Basil 95g",
    "WOW Price": 2.7,
    "WOW Size": "95g",
    "WOW ppu": "$28.42 / 1KG"
  },
  {
    "Brand_Product_Size": "Oscar Orsen Tweezers Slant/ Point Tip each",
    "WOW Price": 6.49,
    "WOW Size": "each",
    "WOW ppu": ""
  },
  {
    "Brand_Product_Size": "Atkins Advantage Fudge Caramel Bar 60g",
    "WOW Price": 4.5,
    "WOW Size": "60g",
    "WOW ppu": "$7.50 / 100G"
  },
  {
    "Brand_Product_Size": "Essentials Domestic Cleaner Regular 1.25L",
    "WOW Price": 2.3,
    "WOW Size": "1.25L",
    "WOW ppu": "$0.18 / 100ML"
  },
  {
    "Brand_Product_Size": "Natures Goodness Adult Dog Food Chicken & Duck With Vegetables 400g",
    "WOW Price": 1.89,
    "WOW Size": "400g",
    "WOW ppu": "$0.47 / 100G"
  },
  {
    "Brand_Product_Size": "Pumpkin Butternut Whole each",
    "WOW Price": 5.2,
    "WOW Size": "each",
    "WOW ppu": "$5.20 / 1EA"
  },
  {
    "Brand_Product_Size": "Ambi Pur Mini Clip Car Air Freshener New Zealand Springs 2mL",
    "WOW Price": 6,
    "WOW Size": "2mL",
    "WOW ppu": "$6.00 / 1EA"
  },
  {
    "Brand_Product_Size": "Woolworths Garden Salad Bowl 150g",
    "WOW Price": 5,
    "WOW Size": "150g",
    "WOW ppu": "$33.33 / 1KG"
  },
  {
    "Brand_Product_Size": "Woolworths Garden Salad Bowl 150g",
    "WOW Price": 5,
    "WOW Size": "150g",
    "WOW ppu": "$33.33 / 1KG"
  },
  {
    "Brand_Product_Size": "Woolworths Garden Salad Bowl 150g",
    "WOW Price": 5,
    "WOW Size": "150g",
    "WOW ppu": "$33.33 / 1KG"
  },
  {
    "Brand_Product_Size": "Essentials Plasticware Storage 52l each",
    "WOW Price": 16,
    "WOW Size": "each",
    "WOW ppu": ""
  },
  {
    "Brand_Product_Size": "Woolworths Four Seasons Coleslaw 400g",
    "WOW Price": 4,
    "WOW Size": "400g",
    "WOW ppu": "$10.00 / 1KG"
  },
  {
    "Brand_Product_Size": "Woolworths Four Seasons Coleslaw 400g",
    "WOW Price": 4,
    "WOW Size": "400g",
    "WOW ppu": "$10.00 / 1KG"
  },
  {
    "Brand_Product_Size": "Thins Cheese & Onion Chips 175g",
    "WOW Price": 3.5,
    "WOW Size": "175g",
    "WOW ppu": "$2.00 / 100G"
  },
  {
    "Brand_Product_Size": "Organic Choice Air Freshener & Linen Spray West Indian Lime & Coconut 200mL",
    "WOW Price": 4,
    "WOW Size": "200mL",
    "WOW ppu": "$2.00 / 100ML"
  },
  {
    "Brand_Product_Size": "Lao Gan Ma Chilli Paste Crispy Peanut 210g",
    "WOW Price": 3,
    "WOW Size": "210g",
    "WOW ppu": "$1.43 / 100G"
  },
  {
    "Brand_Product_Size": "Bushells Powdered Coffee Classic 200g",
    "WOW Price": 6,
    "WOW Size": "200g",
    "WOW ppu": "$3.00 / 100G"
  },
  {
    "Brand_Product_Size": "Bushells Powdered Coffee Classic 200g",
    "WOW Price": 6,
    "WOW Size": "200g",
    "WOW ppu": "$3.00 / 100G"
  },
  {
    "Brand_Product_Size": "Tomato Roma Red each",
    "WOW Price": 0.62,
    "WOW Size": "each",
    "WOW ppu": "$0.62 / 1EA"
  },
  {
    "Brand_Product_Size": "Tomato Roma Red each",
    "WOW Price": 0.62,
    "WOW Size": "each",
    "WOW ppu": "$0.62 / 1EA"
  },
  {
    "Brand_Product_Size": "Masterfoods Lamb Herbs 15g",
    "WOW Price": 2.9,
    "WOW Size": "15g",
    "WOW ppu": "$1.93 / 10G"
  },
  {
    "Brand_Product_Size": "Zanetti Firm Parmigiano Reggiano 200g",
    "WOW Price": 11,
    "WOW Size": "200g",
    "WOW ppu": "$55.00 / 1KG"
  },
  {
    "Brand_Product_Size": "Zanetti Firm Parmigiano Reggiano 200g",
    "WOW Price": 11,
    "WOW Size": "200g",
    "WOW ppu": "$55.00 / 1KG"
  },
  {
    "Brand_Product_Size": "Red Island Extra Virgin Olive Oil Spray 150g",
    "WOW Price": 5,
    "WOW Size": "150g",
    "WOW ppu": "$3.33 / 100G"
  },
  {
    "Brand_Product_Size": "Batlow Apple & Strawberry Freeze Dried Apples Slices 15g",
    "WOW Price": 3,
    "WOW Size": "15g",
    "WOW ppu": "$200.00 / 1KG"
  },
  {
    "Brand_Product_Size": "Gillette Mach3 Turbo 3d Razor each",
    "WOW Price": 15,
    "WOW Size": "each",
    "WOW ppu": "$15.00 / 1EA"
  },
  {
    "Brand_Product_Size": "Kirks Pasito Bottle 1.25L",
    "WOW Price": 1.85,
    "WOW Size": "1.25L",
    "WOW ppu": "$1.48 / 1L"
  },
  {
    "Brand_Product_Size": "Woolworths Camembert Cheese 125g",
    "WOW Price": 3,
    "WOW Size": "125g",
    "WOW ppu": "$24.00 / 1KG"
  },
  {
    "Brand_Product_Size": "Woolworths Camembert Cheese 125g",
    "WOW Price": 3,
    "WOW Size": "125g",
    "WOW ppu": "$24.00 / 1KG"
  },
  {
    "Brand_Product_Size": "The Dutch Company European Foods Wholegrain Pumpernickel 500g",
    "WOW Price": 2.2,
    "WOW Size": "500g",
    "WOW ppu": "$0.44 / 100G"
  },
  {
    "Brand_Product_Size": "Maximus Blue Bring It On 1L",
    "WOW Price": 2.15,
    "WOW Size": "1L",
    "WOW ppu": "$2.15 / 1L"
  },
  {
    "Brand_Product_Size": "Woolworths Chicken Salt 400g",
    "WOW Price": 4,
    "WOW Size": "400g",
    "WOW ppu": "$0.10 / 10G"
  },
  {
    "Brand_Product_Size": "Kellogg's Lcms Kaleidos Snack Bars 15 pack",
    "WOW Price": 7,
    "WOW Size": "15 pack",
    "WOW ppu": "$2.12 / 100G"
  },
  {
    "Brand_Product_Size": "Kellogg's Lcms Kaleidos Snack Bars 15 pack",
    "WOW Price": 7,
    "WOW Size": "15 pack",
    "WOW ppu": "$2.12 / 100G"
  },
  {
    "Brand_Product_Size": "Jack Hammer Knife Pack Large & Medium Blades each",
    "WOW Price": 8,
    "WOW Size": "each",
    "WOW ppu": ""
  },
  {
    "Brand_Product_Size": "Woolworths Thawed Extra Large Cooked Tiger Prawns per kg",
    "WOW Price": 29,
    "WOW Size": "per kg",
    "WOW ppu": "$29.00 / 1KG"
  },
  {
    "Brand_Product_Size": "Uno Junior Card Game each",
    "WOW Price": 5,
    "WOW Size": "each",
    "WOW ppu": ""
  },
  {
    "Brand_Product_Size": "Sam's Pantry Salted Caramel Nut Bar 5 pack",
    "WOW Price": 3.5,
    "WOW Size": "5 pack",
    "WOW ppu": "$2.06 / 100G"
  },
  {
    "Brand_Product_Size": "Kirks Lemon Squash Sugar Free Cans 375mL x10 pack",
    "WOW Price": 6.2,
    "WOW Size": "375mL x10 pack",
    "WOW ppu": "$1.65 / 1L"
  },
  {
    "Brand_Product_Size": "Fab Essential Oils Sensually Fresh Malaysian Orchid & Sandalwood 1.8kg",
    "WOW Price": 6,
    "WOW Size": "1.8kg",
    "WOW ppu": "$3.33 / 1KG"
  },
  {
    "Brand_Product_Size": "Whiskas 1+ Years Wet Cat Food Chicken Mince 400g can",
    "WOW Price": 1.75,
    "WOW Size": "400g can",
    "WOW ppu": "$0.44 / 100G"
  },
  {
    "Brand_Product_Size": "Essentials Baby Oil 500mL",
    "WOW Price": 2.4,
    "WOW Size": "500mL",
    "WOW ppu": "$0.48 / 100ML"
  },
  {
    "Brand_Product_Size": "Danone Ultimate Yoghurt Honey 115g x4 pack",
    "WOW Price": 3.5,
    "WOW Size": "115g x4 pack",
    "WOW ppu": "$0.76 / 100G"
  },
  {
    "Brand_Product_Size": "Grapes Red Seedless each",
    "WOW Price": 3.33,
    "WOW Size": "each",
    "WOW ppu": "$3.33 / 1EA"
  },
  {
    "Brand_Product_Size": "Grapes Red Seedless each",
    "WOW Price": 3.33,
    "WOW Size": "each",
    "WOW ppu": "$3.33 / 1EA"
  },
  {
    "Brand_Product_Size": "Vittoria Organic Coffee Beans Organic 1kg",
    "WOW Price": 37,
    "WOW Size": "1kg",
    "WOW ppu": "$3.70 / 100G"
  },
  {
    "Brand_Product_Size": "Vittoria Organic Coffee Beans Organic 1kg",
    "WOW Price": 37,
    "WOW Size": "1kg",
    "WOW ppu": "$3.70 / 100G"
  },
  {
    "Brand_Product_Size": "Rimmel Brow This Way Eyebrow Powder Kit #002 Mid Brown 2.4g",
    "WOW Price": 6.5,
    "WOW Size": "2.4g",
    "WOW ppu": "$27.08 / 10G"
  },
  {
    "Brand_Product_Size": "Vaseline Intensive Care Body Lotion Deep Restore 750mL",
    "WOW Price": 10,
    "WOW Size": "750mL",
    "WOW ppu": "$1.33 / 100ML"
  },
  {
    "Brand_Product_Size": "Capilano Honey Squeeze Pack 500g",
    "WOW Price": 7,
    "WOW Size": "500g",
    "WOW ppu": "$1.40 / 100G"
  },
  {
    "Brand_Product_Size": "Capilano Honey Squeeze Pack 500g",
    "WOW Price": 7,
    "WOW Size": "500g",
    "WOW ppu": "$1.40 / 100G"
  },
  {
    "Brand_Product_Size": "Continental Cheesy Rice Value Pack 190g",
    "WOW Price": 3,
    "WOW Size": "190g",
    "WOW ppu": "$1.58 / 100G"
  },
  {
    "Brand_Product_Size": "Instant-gro All Purpose Compound Fertiliser 700g",
    "WOW Price": 6.6,
    "WOW Size": "700g",
    "WOW ppu": "$0.94 / 100G"
  },
  {
    "Brand_Product_Size": "Sunrice White Rice Calrose Medium Grain 2kg",
    "WOW Price": 6.5,
    "WOW Size": "2kg",
    "WOW ppu": "$0.33 / 100G"
  },
  {
    "Brand_Product_Size": "Kraft Easy Mac Classic Cheese 73g",
    "WOW Price": 1.75,
    "WOW Size": "73g",
    "WOW ppu": "$2.40 / 100G"
  },
  {
    "Brand_Product_Size": "Maybelline Expression Kajal Pencil Eyeliner - Black each",
    "WOW Price": 4.25,
    "WOW Size": "each",
    "WOW ppu": "$4.25 / 1EA"
  },
  {
    "Brand_Product_Size": "Reese's Peanut Butter Cups Miniatures Milk Chocolate 150g",
    "WOW Price": 4.5,
    "WOW Size": "150g",
    "WOW ppu": "$3.00 / 100G"
  },
  {
    "Brand_Product_Size": "Simba Nik Naks 135g",
    "WOW Price": 2.9,
    "WOW Size": "135g",
    "WOW ppu": "$2.15 / 100G"
  },
  {
    "Brand_Product_Size": "White King Power Clean Toilet Cleaner Bleach Gel Lemon 700mL",
    "WOW Price": 4.6,
    "WOW Size": "700mL",
    "WOW ppu": "$0.66 / 100ML"
  },
  {
    "Brand_Product_Size": "Hot Kids Milk Beverage 245mL",
    "WOW Price": 1.8,
    "WOW Size": "245mL",
    "WOW ppu": "$0.73 / 100ML"
  },
  {
    "Brand_Product_Size": "Tom Organic Ultra Thin Liners 26 pack",
    "WOW Price": 5,
    "WOW Size": "26 pack",
    "WOW ppu": "$0.19 / 1EA"
  },
  {
    "Brand_Product_Size": "Vamino Soy Milk 300mL",
    "WOW Price": 1.35,
    "WOW Size": "300mL",
    "WOW ppu": "$0.45 / 100ML"
  },
  {
    "Brand_Product_Size": "Korbond Rainbow Streamers 6 pack",
    "WOW Price": 3,
    "WOW Size": "6 pack",
    "WOW ppu": "$0.50 / 1EA"
  },
  {
    "Brand_Product_Size": "Dove Nutritive Solutions Hair Shampoo Daily Moisture 320mL",
    "WOW Price": 4.9,
    "WOW Size": "320mL",
    "WOW ppu": "$1.53 / 100ML"
  },
  {
    "Brand_Product_Size": "Woolworths Choc Sponge Roll 400g",
    "WOW Price": 2.5,
    "WOW Size": "400g",
    "WOW ppu": "$0.63 / 100G"
  },
  {
    "Brand_Product_Size": "Mission Low Gi Wraps Wholemeal 6 pack",
    "WOW Price": 4,
    "WOW Size": "6 pack",
    "WOW ppu": "$0.94 / 100G"
  },
  {
    "Brand_Product_Size": "Paperclick Copy Paper A4 500 sheets",
    "WOW Price": 5,
    "WOW Size": "500 sheets",
    "WOW ppu": ""
  },
  {
    "Brand_Product_Size": "Inspire Picnic Rug Small each",
    "WOW Price": 8.4,
    "WOW Size": "each",
    "WOW ppu": ""
  },
  {
    "Brand_Product_Size": "Woolworths Iced Chocolate Mud Cake Slices 4 pack",
    "WOW Price": 5,
    "WOW Size": "4 pack",
    "WOW ppu": "$1.39 / 100G"
  },
  {
    "Brand_Product_Size": "Aware Sensitive Laundry Liquid Lemongrass & Tea Tree 2L",
    "WOW Price": 15,
    "WOW Size": "2L",
    "WOW ppu": "$7.50 / 1L"
  },
  {
    "Brand_Product_Size": "L'oreal Men Expert Pure Charcoal Wash 100mL",
    "WOW Price": 6,
    "WOW Size": "100mL",
    "WOW ppu": "$6.00 / 100ML"
  },
  {
    "Brand_Product_Size": "Yumi's Lentil & Zucchini Burger 250g",
    "WOW Price": 7,
    "WOW Size": "250g",
    "WOW ppu": "$28.00 / 1KG"
  },
  {
    "Brand_Product_Size": "Sargents Pies Chicken & Vegetable 4 pack",
    "WOW Price": 5.5,
    "WOW Size": "4 pack",
    "WOW ppu": "$0.79 / 100G"
  },
  {
    "Brand_Product_Size": "Jase's Kitchen Pizza Base 2 pack",
    "WOW Price": 4,
    "WOW Size": "2 pack",
    "WOW ppu": "$0.67 / 100G"
  },
  {
    "Brand_Product_Size": "Love Luna Lady Leaks Midi Brief Black 10 To 12 each",
    "WOW Price": 16,
    "WOW Size": "each",
    "WOW ppu": "$16.00 / 1EA"
  },
  {
    "Brand_Product_Size": "Nestle Milo Choc-malt 1kg",
    "WOW Price": 10,
    "WOW Size": "1kg",
    "WOW ppu": "$1.00 / 100G"
  },
  {
    "Brand_Product_Size": "Essentials White Sugar 2kg",
    "WOW Price": 1.79,
    "WOW Size": "2kg",
    "WOW ppu": "$0.09 / 100G"
  },
  {
    "Brand_Product_Size": "Danone Yopro Yoghurt Mango 160g",
    "WOW Price": 2.4,
    "WOW Size": "160g",
    "WOW ppu": "$1.50 / 100G"
  },
  {
    "Brand_Product_Size": "Just Foods Crushed Ginger Organic 185g",
    "WOW Price": 2.99,
    "WOW Size": "185g",
    "WOW ppu": "$0.16 / 10G"
  },
  {
    "Brand_Product_Size": "Surf Life Saving Spf50+ Daily Sunscreen 1L",
    "WOW Price": 25,
    "WOW Size": "1L",
    "WOW ppu": "$2.50 / 100ML"
  },
  {
    "Brand_Product_Size": "Regal Meatball Toppers Beef Dog Food 750g",
    "WOW Price": 4.5,
    "WOW Size": "750g",
    "WOW ppu": "$0.60 / 100G"
  },
  {
    "Brand_Product_Size": "Woolworths Mushrooms Cups 500g punnet",
    "WOW Price": 6,
    "WOW Size": "500g punnet",
    "WOW ppu": "$12.00 / 1KG"
  },
  {
    "Brand_Product_Size": "Woolworths Hiker's Trail Mix 400g",
    "WOW Price": 7,
    "WOW Size": "400g",
    "WOW ppu": "$17.50 / 1KG"
  },
  {
    "Brand_Product_Size": "Sanitarium Weet-bix Gluten Free Breakfast Cereal 375g",
    "WOW Price": 4.5,
    "WOW Size": "375g",
    "WOW ppu": "$1.20 / 100G"
  },
  {
    "Brand_Product_Size": "Sukin Cleansing Hand Wash Ylang Ylang & Cedar Pump 500mL",
    "WOW Price": 8,
    "WOW Size": "500mL",
    "WOW ppu": "$1.60 / 100ML"
  },
  {
    "Brand_Product_Size": "Home Chef Quiche Spinach & Feta 700g",
    "WOW Price": 9,
    "WOW Size": "700g",
    "WOW ppu": "$1.29 / 100G"
  },
  {
    "Brand_Product_Size": "Sacred Grounds Groover Blend Whole Coffee Beans 200g",
    "WOW Price": 10,
    "WOW Size": "200g",
    "WOW ppu": "$5.00 / 100G"
  },
  {
    "Brand_Product_Size": "Sacred Grounds Groover Blend Whole Coffee Beans 200g",
    "WOW Price": 10,
    "WOW Size": "200g",
    "WOW ppu": "$5.00 / 100G"
  },
  {
    "Brand_Product_Size": "Maybelline Falsies Volumizing Mascara - Blackest Black 7.5mL",
    "WOW Price": 10,
    "WOW Size": "7.5mL",
    "WOW ppu": "$13.33 / 10ML"
  },
  {
    "Brand_Product_Size": "Old El Paso Fajita Dinner Kit 485g",
    "WOW Price": 6.5,
    "WOW Size": "485g",
    "WOW ppu": "$1.34 / 100G"
  },
  {
    "Brand_Product_Size": "Nair Hair Removal Cream Facial Hair Remover 20g",
    "WOW Price": 6,
    "WOW Size": "20g",
    "WOW ppu": "$30.00 / 100G"
  },
  {
    "Brand_Product_Size": "Help@hand Alcohol Wipes 50 pack",
    "WOW Price": 2.5,
    "WOW Size": "50 pack",
    "WOW ppu": "$0.05 / 1EA"
  },
  {
    "Brand_Product_Size": "Patties Croquettes Mozzarella Onion & Corn 300g",
    "WOW Price": 8,
    "WOW Size": "300g",
    "WOW ppu": "$2.67 / 100G"
  },
  {
    "Brand_Product_Size": "Golden Circle Sunshine Punch Fruit Drink 1L",
    "WOW Price": 2.25,
    "WOW Size": "1L",
    "WOW ppu": "$2.25 / 1L"
  },
  {
    "Brand_Product_Size": "Balnea Nail Brush each",
    "WOW Price": 2,
    "WOW Size": "each",
    "WOW ppu": "$2.00 / 1EA"
  },
  {
    "Brand_Product_Size": "Sanitarium Weet-bix Blends Cranberry & Coconut Breakfast Cereal 450g",
    "WOW Price": 5.3,
    "WOW Size": "450g",
    "WOW ppu": "$1.18 / 100G"
  },
  {
    "Brand_Product_Size": "Felix As Good As It Looks Favourite Selection Wet Cat Food 85g x12 pack",
    "WOW Price": 11.5,
    "WOW Size": "85g x12 pack",
    "WOW ppu": "$1.13 / 100G"
  },
  {
    "Brand_Product_Size": "Lean Cuisine Protein Plus Roast Chicken With Veg & Sweet Potato Mash 350g",
    "WOW Price": 8.5,
    "WOW Size": "350g",
    "WOW ppu": "$2.43 / 100G"
  },
  {
    "Brand_Product_Size": "Gravox Roast Pork Liquid Gravy 250g",
    "WOW Price": 2.85,
    "WOW Size": "250g",
    "WOW ppu": "$1.14 / 100G"
  },
  {
    "Brand_Product_Size": "Moccona Capsules Espresso 7 10 pack",
    "WOW Price": 4.5,
    "WOW Size": "10 pack",
    "WOW ppu": "$0.45 / 1EA"
  },
  {
    "Brand_Product_Size": "Moccona Capsules Espresso 7 10 pack",
    "WOW Price": 4.5,
    "WOW Size": "10 pack",
    "WOW ppu": "$0.45 / 1EA"
  },
  {
    "Brand_Product_Size": "Vittoria Family Cup Nespresso Compatible Coffee Capsules pack 10",
    "WOW Price": 6,
    "WOW Size": "pack 10",
    "WOW ppu": "$0.60 / 1EA"
  },
  {
    "Brand_Product_Size": "Vittoria Family Cup Nespresso Compatible Coffee Capsules pack 10",
    "WOW Price": 6,
    "WOW Size": "pack 10",
    "WOW ppu": "$0.60 / 1EA"
  },
  {
    "Brand_Product_Size": "Mcobeauty Duo Lipstick Liner Soft Rose 22g",
    "WOW Price": 6,
    "WOW Size": "22g",
    "WOW ppu": "$2.73 / 10G"
  },
  {
    "Brand_Product_Size": "Armada Plastic Knives Assorted 20 pack",
    "WOW Price": 2,
    "WOW Size": "20 pack",
    "WOW ppu": "$0.10 / 1EA"
  },
  {
    "Brand_Product_Size": "Herron Nicaway Mini Lozenges 2mg 108 pack",
    "WOW Price": 40,
    "WOW Size": "108 pack",
    "WOW ppu": "$37.04 / 100EA"
  },
  {
    "Brand_Product_Size": "Chris' Dips Cheese & Chive 200g",
    "WOW Price": 3.5,
    "WOW Size": "200g",
    "WOW ppu": "$1.75 / 100G"
  },
  {
    "Brand_Product_Size": "White King Bleach Lemon 1.25L",
    "WOW Price": 2.5,
    "WOW Size": "1.25L",
    "WOW ppu": "$2.00 / 1L"
  },
  {
    "Brand_Product_Size": "Earth Choice Top & Front Loader 1L",
    "WOW Price": 2.4,
    "WOW Size": "1L",
    "WOW ppu": "$2.40 / 1L"
  },
  {
    "Brand_Product_Size": "Pana Organic Dark Chocolate Pieces 135g",
    "WOW Price": 9.9,
    "WOW Size": "135g",
    "WOW ppu": "$7.33 / 100G"
  },
  {
    "Brand_Product_Size": "Bonds Comfy Tops Semi Opaque Tights Black Sml-med each",
    "WOW Price": 9,
    "WOW Size": "each",
    "WOW ppu": ""
  },
  {
    "Brand_Product_Size": "Pandaroo Ingredients Chinese Cooking Wine 375mL",
    "WOW Price": 3.5,
    "WOW Size": "375mL",
    "WOW ppu": "$0.93 / 100ML"
  },
  {
    "Brand_Product_Size": "Evia Apple Pie Inspired Dessert Yoghurt 350g",
    "WOW Price": 2.5,
    "WOW Size": "350g",
    "WOW ppu": "$0.71 / 100G"
  },
  {
    "Brand_Product_Size": "Robert Timms Premium Full-bodied Granulated Coffee 200g",
    "WOW Price": 8,
    "WOW Size": "200g",
    "WOW ppu": "$4.00 / 100G"
  },
  {
    "Brand_Product_Size": "Robert Timms Premium Full-bodied Granulated Coffee 200g",
    "WOW Price": 8,
    "WOW Size": "200g",
    "WOW ppu": "$4.00 / 100G"
  },
  {
    "Brand_Product_Size": "Charlie's Lemonade Quencher Fresh Juice 2L",
    "WOW Price": 5.1,
    "WOW Size": "2L",
    "WOW ppu": "$2.55 / 1L"
  },
  {
    "Brand_Product_Size": "Sukin Cleansing Hand Wash Eucalyptus & Tea Tree Pump 500mL",
    "WOW Price": 8,
    "WOW Size": "500mL",
    "WOW ppu": "$1.60 / 100ML"
  },
  {
    "Brand_Product_Size": "Maharajah's Choice Ingredients Ghee Pure 300mL",
    "WOW Price": 6.2,
    "WOW Size": "300mL",
    "WOW ppu": "$2.07 / 100ML"
  },
  {
    "Brand_Product_Size": "Korbond Whiz Pop Bang Party Bubbles 24 pack",
    "WOW Price": 8,
    "WOW Size": "24 pack",
    "WOW ppu": "$8.00 / 1EA"
  },
  {
    "Brand_Product_Size": "Sirena Tuna Basil Infused Oil 95g",
    "WOW Price": 2.7,
    "WOW Size": "95g",
    "WOW ppu": "$28.42 / 1KG"
  },
  {
    "Brand_Product_Size": "Weet-bix Little Kids Essentials Breakfast Cereal 400g",
    "WOW Price": 4,
    "WOW Size": "400g",
    "WOW ppu": "$1.00 / 100G"
  },
  {
    "Brand_Product_Size": "Woolworths Polenta & Parmesan Chips 250g",
    "WOW Price": 5,
    "WOW Size": "250g",
    "WOW ppu": "$2.00 / 100G"
  },
  {
    "Brand_Product_Size": "Quitnits Head Lice Treatment Detangling Spray 150mL",
    "WOW Price": 10,
    "WOW Size": "150mL",
    "WOW ppu": "$6.67 / 100ML"
  },
  {
    "Brand_Product_Size": "Extra Spearmint Chewing Gum Sugar Free Multipack 3x14 Piece 81g",
    "WOW Price": 4,
    "WOW Size": "81g",
    "WOW ppu": "$4.94 / 100G"
  },
  {
    "Brand_Product_Size": "Coco Earth Yellow Dahl With Long Grain Rice 400g",
    "WOW Price": 3.5,
    "WOW Size": "400g",
    "WOW ppu": "$0.88 / 100G"
  },
  {
    "Brand_Product_Size": "Woolworths Vegetable Oil 750mL",
    "WOW Price": 2.5,
    "WOW Size": "750mL",
    "WOW ppu": "$0.33 / 100ML"
  },
  {
    "Brand_Product_Size": "House Foods Shichimi Togarashi 18g",
    "WOW Price": 3,
    "WOW Size": "18g",
    "WOW ppu": "$16.67 / 100G"
  },
  {
    "Brand_Product_Size": "Greenseas Tuna Lemon Pepper 95g",
    "WOW Price": 1.7,
    "WOW Size": "95g",
    "WOW ppu": "$17.89 / 1KG"
  },
  {
    "Brand_Product_Size": "Woolworths Tuna Laksa 95g",
    "WOW Price": 0.9,
    "WOW Size": "95g",
    "WOW ppu": "$9.47 / 1KG"
  },
  {
    "Brand_Product_Size": "Always Fresh Sundried Tomato Strips 480g",
    "WOW Price": 6.5,
    "WOW Size": "480g",
    "WOW ppu": "$13.54 / 1KG"
  },
  {
    "Brand_Product_Size": "Della Rosa Stuffed Crust Bbq Meatlovers Pizza 500g",
    "WOW Price": 8,
    "WOW Size": "500g",
    "WOW ppu": "$1.60 / 100G"
  },
  {
    "Brand_Product_Size": "Golden Circle Fruit Juice Apple Mango 6x200mL",
    "WOW Price": 3.7,
    "WOW Size": "6x200mL",
    "WOW ppu": "$3.08 / 1L"
  },
  {
    "Brand_Product_Size": "Golden Circle Fruit Juice Apple Mango 6x200mL",
    "WOW Price": 3.7,
    "WOW Size": "6x200mL",
    "WOW ppu": "$3.08 / 1L"
  },
  {
    "Brand_Product_Size": "Jackson Motion Sensor Light each",
    "WOW Price": 12,
    "WOW Size": "each",
    "WOW ppu": ""
  },
  {
    "Brand_Product_Size": "Ogx Biotin Collagen Shampoo 385mL",
    "WOW Price": 20,
    "WOW Size": "385mL",
    "WOW ppu": "$5.19 / 100ML"
  },
  {
    "Brand_Product_Size": "Always Fresh Asparagus In Springwater 340g",
    "WOW Price": 4.65,
    "WOW Size": "340g",
    "WOW ppu": "$13.68 / 1KG"
  },
  {
    "Brand_Product_Size": "Masterfoods Recipe Base Country Beef Casserole 175g",
    "WOW Price": 2.2,
    "WOW Size": "175g",
    "WOW ppu": "$1.26 / 100G"
  },
  {
    "Brand_Product_Size": "Uncle Ben's Poke Bowl Rice Hawaiian Inspired Coconut & Lemongrass 180g",
    "WOW Price": 2.9,
    "WOW Size": "180g",
    "WOW ppu": "$1.61 / 100G"
  },
  {
    "Brand_Product_Size": "L&p Can 440mL",
    "WOW Price": 2.4,
    "WOW Size": "440mL",
    "WOW ppu": ""
  },
  {
    "Brand_Product_Size": "Campbell's Pasta Sauce Beef Spaghetti 410g",
    "WOW Price": 2.8,
    "WOW Size": "410g",
    "WOW ppu": "$0.68 / 100G"
  },
  {
    "Brand_Product_Size": "Chan's Yum Cha Vegan Spring Roll 300g",
    "WOW Price": 6.3,
    "WOW Size": "300g",
    "WOW ppu": "$2.10 / 100G"
  },
  {
    "Brand_Product_Size": "Gillette 5 Sport Blades 8 pack",
    "WOW Price": 36,
    "WOW Size": "8 pack",
    "WOW ppu": "$4.50 / 1EA"
  },
  {
    "Brand_Product_Size": "Green's Temptations Brookie Brownie Cookie Mix 500g",
    "WOW Price": 4,
    "WOW Size": "500g",
    "WOW ppu": "$0.80 / 100G"
  },
  {
    "Brand_Product_Size": "Carman's Muesli Bars Original Fruits Free 12 pack",
    "WOW Price": 9,
    "WOW Size": "12 pack",
    "WOW ppu": "$1.67 / 100G"
  },
  {
    "Brand_Product_Size": "Hoyt's Star Anise Whole 12g",
    "WOW Price": 2.25,
    "WOW Size": "12g",
    "WOW ppu": "$1.88 / 10G"
  },
  {
    "Brand_Product_Size": "Brancourts Cottage Cheese Classic 500g",
    "WOW Price": 6,
    "WOW Size": "500g",
    "WOW ppu": "$12.00 / 1KG"
  },
  {
    "Brand_Product_Size": "Brancourts Cottage Cheese Classic 500g",
    "WOW Price": 6,
    "WOW Size": "500g",
    "WOW ppu": "$12.00 / 1KG"
  },
  {
    "Brand_Product_Size": "Your Majesty Gourmet Tuna Selection Adult Wet Cat Food 12 pack",
    "WOW Price": 8.5,
    "WOW Size": "12 pack",
    "WOW ppu": "$0.83 / 100G"
  },
  {
    "Brand_Product_Size": "Sistema Brilliance Large Rectangle each",
    "WOW Price": 14,
    "WOW Size": "each",
    "WOW ppu": ""
  },
  {
    "Brand_Product_Size": "Gippsland Apple Pie Yoghurt 140g",
    "WOW Price": 2.5,
    "WOW Size": "140g",
    "WOW ppu": "$1.79 / 100G"
  },
  {
    "Brand_Product_Size": "Olina's Seriously Seedy Snackers Chilli & Lime 140g",
    "WOW Price": 4,
    "WOW Size": "140g",
    "WOW ppu": "$2.86 / 100G"
  },
  {
    "Brand_Product_Size": "Diet Rite Cordial Apple Raspberry 1L",
    "WOW Price": 3,
    "WOW Size": "1L",
    "WOW ppu": "$3.00 / 1L"
  },
  {
    "Brand_Product_Size": "Juice Country Orange & Mango Concentrate 500mL",
    "WOW Price": 1.1,
    "WOW Size": "500mL",
    "WOW ppu": "$2.20 / 1L"
  },
  {
    "Brand_Product_Size": "The Detangler Vented Paddle Brush each",
    "WOW Price": 16,
    "WOW Size": "each",
    "WOW ppu": ""
  },
  {
    "Brand_Product_Size": "Maybelline Color Sensational Lipstick Mauve 4.2g",
    "WOW Price": 10,
    "WOW Size": "4.2g",
    "WOW ppu": "$23.81 / 10G"
  },
  {
    "Brand_Product_Size": "Danone Activia Dairy Free Plant Based Oat & Coconut Banana 500g",
    "WOW Price": 6,
    "WOW Size": "500g",
    "WOW ppu": "$1.20 / 100G"
  },
  {
    "Brand_Product_Size": "Csr All Natural Buttercream Icing Mix Chocolate 250g",
    "WOW Price": 3,
    "WOW Size": "250g",
    "WOW ppu": "$1.20 / 100G"
  },
  {
    "Brand_Product_Size": "Masterfoods Marinade Teriyaki 375g",
    "WOW Price": 2.5,
    "WOW Size": "375g",
    "WOW ppu": "$0.67 / 100G"
  },
  {
    "Brand_Product_Size": "Karicare 2 Baby Follow-on Formula Sachets From 6 To 12 Months 30.4g x4 pack",
    "WOW Price": 3,
    "WOW Size": "30.4g x4 pack",
    "WOW ppu": "$2.47 / 100G"
  },
  {
    "Brand_Product_Size": "Macro Hemp Protein Power Hemp 30g",
    "WOW Price": 1,
    "WOW Size": "30g",
    "WOW ppu": "$3.33 / 100G"
  },
  {
    "Brand_Product_Size": "Bundaberg Ginger Beer 10x375mL",
    "WOW Price": 14.95,
    "WOW Size": "10x375mL",
    "WOW ppu": "$3.99 / 1L"
  },
  {
    "Brand_Product_Size": "Nature's Way Beauty Collagen Tablets 60 pack",
    "WOW Price": 15,
    "WOW Size": "60 pack",
    "WOW ppu": "$25.00 / 100EA"
  },
  {
    "Brand_Product_Size": "Maggi Devilled Sausages Recipe Base 37g",
    "WOW Price": 1.75,
    "WOW Size": "37g",
    "WOW ppu": "$4.73 / 100G"
  },
  {
    "Brand_Product_Size": "Tamar Valley Greek Yoghurt Natural 1kg",
    "WOW Price": 6.4,
    "WOW Size": "1kg",
    "WOW ppu": "$0.64 / 100G"
  },
  {
    "Brand_Product_Size": "Philips Led Mr16 Warm 4 pack",
    "WOW Price": 32,
    "WOW Size": "4 pack",
    "WOW ppu": "$8.00 / 1EA"
  },
  {
    "Brand_Product_Size": "Jalna Whole Milk Yoghurt Lactose Free Vanilla 1kg",
    "WOW Price": 7.95,
    "WOW Size": "1kg",
    "WOW ppu": "$0.80 / 100G"
  },
  {
    "Brand_Product_Size": "Scotch-brite Heavy Duty Scourer & Sponge 3 pack",
    "WOW Price": 4.5,
    "WOW Size": "3 pack",
    "WOW ppu": "$1.50 / 1EA"
  },
  {
    "Brand_Product_Size": "Fab Frangipani Front & Top Loader Laundry Powder 4kg",
    "WOW Price": 12.99,
    "WOW Size": "4kg",
    "WOW ppu": "$3.25 / 1KG"
  },
  {
    "Brand_Product_Size": "Energizer Phone Case Iphone Xr each",
    "WOW Price": 20,
    "WOW Size": "each",
    "WOW ppu": ""
  },
  {
    "Brand_Product_Size": "Thursday Plantation Tea Tree Acne Control Pack each",
    "WOW Price": 30,
    "WOW Size": "each",
    "WOW ppu": "$30.00 / 1EA"
  },
  {
    "Brand_Product_Size": "Macro Organic Brewers Yeast Cookies Oats & Honey 210g",
    "WOW Price": 8.5,
    "WOW Size": "210g",
    "WOW ppu": "$4.05 / 100G"
  },
  {
    "Brand_Product_Size": "Nutty Bruce Salted Caramel Nut Butter Balls 42g",
    "WOW Price": 1.5,
    "WOW Size": "42g",
    "WOW ppu": "$3.57 / 100G"
  },
  {
    "Brand_Product_Size": "Ultimates Indulge Lamb & Liver Wet Dog Food 400g",
    "WOW Price": 2.5,
    "WOW Size": "400g",
    "WOW ppu": "$0.63 / 100G"
  },
  {
    "Brand_Product_Size": "Mint Beechwood Stirring Spoon each",
    "WOW Price": 3,
    "WOW Size": "each",
    "WOW ppu": ""
  },
  {
    "Brand_Product_Size": "Dove Women Clinical Spray Fresh Touch 180mL",
    "WOW Price": 10,
    "WOW Size": "180mL",
    "WOW ppu": "$5.56 / 100ML"
  },
  {
    "Brand_Product_Size": "Nice & Natural Nut Butter Bars Almond Butter With Peanuts, Coconut & Choc 5 pack",
    "WOW Price": 2.5,
    "WOW Size": "5 pack",
    "WOW ppu": "$1.43 / 100G"
  },
  {
    "Brand_Product_Size": "Nice & Natural Nut Butter Bars Almond Butter With Peanuts, Coconut & Choc 5 pack",
    "WOW Price": 2.5,
    "WOW Size": "5 pack",
    "WOW ppu": "$1.43 / 100G"
  },
  {
    "Brand_Product_Size": "Heinz Spaghetti Extra Cheesy 535g",
    "WOW Price": 2,
    "WOW Size": "535g",
    "WOW ppu": "$0.37 / 100G"
  },
  {
    "Brand_Product_Size": "Purina Totalcare Knot Remover & Flea Comb 2in1 For Dogs each",
    "WOW Price": 14,
    "WOW Size": "each",
    "WOW ppu": "$14.00 / 1EA"
  },
  {
    "Brand_Product_Size": "Yoplait Classics Yoghurt 12x100g",
    "WOW Price": 7,
    "WOW Size": "12x100g",
    "WOW ppu": "$0.58 / 100G"
  },
  {
    "Brand_Product_Size": "Murray River Organics Mylk Chocolate Sultanas & Almonds 110g",
    "WOW Price": 5,
    "WOW Size": "110g",
    "WOW ppu": "$4.55 / 100G"
  },
  {
    "Brand_Product_Size": "Primo Duos Cabanossi Bites & Cheddar Cheese 50g",
    "WOW Price": 4,
    "WOW Size": "50g",
    "WOW ppu": "$80.00 / 1KG"
  },
  {
    "Brand_Product_Size": "Sorbent Double Length Toilet Tissue 8 pack",
    "WOW Price": 8,
    "WOW Size": "8 pack",
    "WOW ppu": "$0.28 / 100SS"
  },
  {
    "Brand_Product_Size": "Grillworx Bbq Spatula each",
    "WOW Price": 8,
    "WOW Size": "each",
    "WOW ppu": "$8.00 / 1EA"
  },
  {
    "Brand_Product_Size": "Plenty Cold Pressed Flaxseed Oil 375mL",
    "WOW Price": 7,
    "WOW Size": "375mL",
    "WOW ppu": "$1.87 / 100ML"
  },
  {
    "Brand_Product_Size": "Lan Choo Tea Bags Black 100 pack 182g",
    "WOW Price": 5.09,
    "WOW Size": "100 pack 182g",
    "WOW ppu": "$0.05 / 1EA"
  },
  {
    "Brand_Product_Size": "Lan Choo Tea Bags Black 100 pack 182g",
    "WOW Price": 5.09,
    "WOW Size": "100 pack 182g",
    "WOW ppu": "$0.05 / 1EA"
  },
  {
    "Brand_Product_Size": "Rid Insect Repellent Tropical Strength Spray 150g",
    "WOW Price": 7.5,
    "WOW Size": "150g",
    "WOW ppu": "$5.00 / 100G"
  },
  {
    "Brand_Product_Size": "Rafferty's Garden Food 10 Months Shepherds Pie 170g",
    "WOW Price": 2.45,
    "WOW Size": "170g",
    "WOW ppu": "$1.44 / 100G"
  },
  {
    "Brand_Product_Size": "Band-aid Blister Cushion Medium 5 pack",
    "WOW Price": 12,
    "WOW Size": "5 pack",
    "WOW ppu": "$2.40 / 1EA"
  },
  {
    "Brand_Product_Size": "Applaws Duck & Venison Dry Dog Food 2.7kg",
    "WOW Price": 19,
    "WOW Size": "2.7kg",
    "WOW ppu": "$0.70 / 100G"
  },
  {
    "Brand_Product_Size": "Asp Scottish Kippers 335g",
    "WOW Price": 6.8,
    "WOW Size": "335g",
    "WOW ppu": "$20.30 / 1KG"
  },
  {
    "Brand_Product_Size": "Asp Scottish Kippers 335g",
    "WOW Price": 6.8,
    "WOW Size": "335g",
    "WOW ppu": "$20.30 / 1KG"
  },
  {
    "Brand_Product_Size": "Equal Sweetener Tablets 100 pack",
    "WOW Price": 3,
    "WOW Size": "100 pack",
    "WOW ppu": "$3.00 / 100EA"
  },
  {
    "Brand_Product_Size": "Macro Organic Smooth Peanut Butter 375g",
    "WOW Price": 5,
    "WOW Size": "375g",
    "WOW ppu": "$1.33 / 100G"
  },
  {
    "Brand_Product_Size": "Masterfoods Garlic Kebab Sauce 250mL",
    "WOW Price": 2.45,
    "WOW Size": "250mL",
    "WOW ppu": "$0.98 / 100ML"
  },
  {
    "Brand_Product_Size": "Coon Cheese Slices Tasty Light 750g",
    "WOW Price": 10,
    "WOW Size": "750g",
    "WOW ppu": "$13.33 / 1KG"
  },
  {
    "Brand_Product_Size": "Coon Cheese Slices Tasty Light 750g",
    "WOW Price": 10,
    "WOW Size": "750g",
    "WOW ppu": "$13.33 / 1KG"
  },
  {
    "Brand_Product_Size": "Primo Sausages Polish Sliced per kg",
    "WOW Price": 15.5,
    "WOW Size": "per kg",
    "WOW ppu": "$15.50 / 1KG"
  },
  {
    "Brand_Product_Size": "Olay Vitamin C & Aha Resurfacing Peel each",
    "WOW Price": 38.5,
    "WOW Size": "each",
    "WOW ppu": "$38.50 / 1EA"
  },
  {
    "Brand_Product_Size": "Lipton Cold Infuse Elderflower + Rose 15 pack",
    "WOW Price": 4.85,
    "WOW Size": "15 pack",
    "WOW ppu": "$0.32 / 1EA"
  },
  {
    "Brand_Product_Size": "Energizer Micro-usb Wall Charger With 1 Metre Cable each",
    "WOW Price": 25,
    "WOW Size": "each",
    "WOW ppu": ""
  },
  {
    "Brand_Product_Size": "Bonds Zip Wondersuit Disney Lion King Grey Size 3 each",
    "WOW Price": 30,
    "WOW Size": "each",
    "WOW ppu": ""
  },
  {
    "Brand_Product_Size": "Chris' Hommus & Roasted Garlic Dip & Spread 200g",
    "WOW Price": 3.5,
    "WOW Size": "200g",
    "WOW ppu": "$1.75 / 100G"
  },
  {
    "Brand_Product_Size": "Centrum For Men 50+ 60 pack",
    "WOW Price": 20,
    "WOW Size": "60 pack",
    "WOW ppu": "$33.33 / 100EA"
  },
  {
    "Brand_Product_Size": "Korbond Snap Lock Pins 4 pack",
    "WOW Price": 2,
    "WOW Size": "4 pack",
    "WOW ppu": ""
  },
  {
    "Brand_Product_Size": "Natural Whole Black Peppercorns Grinder 180g",
    "WOW Price": 7.5,
    "WOW Size": "180g",
    "WOW ppu": "$0.42 / 10G"
  },
  {
    "Brand_Product_Size": "M&m's Pretzel 130g",
    "WOW Price": 2.25,
    "WOW Size": "130g",
    "WOW ppu": "$1.73 / 100G"
  },
  {
    "Brand_Product_Size": "Oral-b Cross Action Anti Bacterial Rainbow Indicator Toothbrush 3 pack",
    "WOW Price": 12,
    "WOW Size": "3 pack",
    "WOW ppu": "$4.00 / 1EA"
  },
  {
    "Brand_Product_Size": "Woolworths Whole Kalamata Olives 350g",
    "WOW Price": 2.8,
    "WOW Size": "350g",
    "WOW ppu": "$8.00 / 1KG"
  },
  {
    "Brand_Product_Size": "Bega Light Peanut Butter Smooth 470g",
    "WOW Price": 5.9,
    "WOW Size": "470g",
    "WOW ppu": "$1.26 / 100G"
  },
  {
    "Brand_Product_Size": "Woolworths Free From Gluten Carrot Cake Mix 430g",
    "WOW Price": 3.4,
    "WOW Size": "430g",
    "WOW ppu": "$0.97 / 100G"
  },
  {
    "Brand_Product_Size": "Kellogg's Corn Flakes Breakfast Cereal Value Pack 920g",
    "WOW Price": 5.5,
    "WOW Size": "920g",
    "WOW ppu": "$0.60 / 100G"
  },
  {
    "Brand_Product_Size": "Macro Organic Intense Industrially Compostable Coffee Capsules 10 pack",
    "WOW Price": 6,
    "WOW Size": "10 pack",
    "WOW ppu": "$0.60 / 1EA"
  },
  {
    "Brand_Product_Size": "Macro Organic Intense Industrially Compostable Coffee Capsules 10 pack",
    "WOW Price": 6,
    "WOW Size": "10 pack",
    "WOW ppu": "$0.60 / 1EA"
  },
  {
    "Brand_Product_Size": "Oak Milk Iced Coffee 2L",
    "WOW Price": 4.5,
    "WOW Size": "2L",
    "WOW ppu": "$2.25 / 1L"
  },
  {
    "Brand_Product_Size": "Uncle Tobys Muesli Bars Chewy White Choc Chip 6 pack",
    "WOW Price": 4.3,
    "WOW Size": "6 pack",
    "WOW ppu": "$2.32 / 100G"
  },
  {
    "Brand_Product_Size": "Uncle Tobys Muesli Bars Chewy White Choc Chip 6 pack",
    "WOW Price": 4.3,
    "WOW Size": "6 pack",
    "WOW ppu": "$2.32 / 100G"
  },
  {
    "Brand_Product_Size": "Passage To India Veg Curry Bowl Cashew Korma With Rice 280g",
    "WOW Price": 5.5,
    "WOW Size": "280g",
    "WOW ppu": "$1.96 / 100G"
  },
  {
    "Brand_Product_Size": "Essentials Sockettes Natural One Size 2 pack",
    "WOW Price": 3,
    "WOW Size": "2 pack",
    "WOW ppu": ""
  },
  {
    "Brand_Product_Size": "Dollar Sweets Sprinkles Pirate Toppings 145g",
    "WOW Price": 4.5,
    "WOW Size": "145g",
    "WOW ppu": "$3.10 / 100G"
  },
  {
    "Brand_Product_Size": "Bow Wow Rabbit Ears 100g",
    "WOW Price": 8,
    "WOW Size": "100g",
    "WOW ppu": "$0.80 / 1EA"
  },
  {
    "Brand_Product_Size": "Olina's Wafer Crackers Natural & Black Sesame Assorted 200g",
    "WOW Price": 3.5,
    "WOW Size": "200g",
    "WOW ppu": "$1.75 / 100G"
  },
  {
    "Brand_Product_Size": "Decor Tellfresh Storer Clear Oblong 2L",
    "WOW Price": 6,
    "WOW Size": "2L",
    "WOW ppu": ""
  },
  {
    "Brand_Product_Size": "Golden Circle Pineapple & Mango Fruit Drink 1L",
    "WOW Price": 2.25,
    "WOW Size": "1L",
    "WOW ppu": "$2.25 / 1L"
  },
  {
    "Brand_Product_Size": "Tablelands Buttery Spread 1kg",
    "WOW Price": 4.6,
    "WOW Size": "1kg",
    "WOW ppu": "$0.46 / 100G"
  },
  {
    "Brand_Product_Size": "Nestle Nan Optipro 1 Starter 0-6 Months Baby Formula Powder 800g",
    "WOW Price": 22,
    "WOW Size": "800g",
    "WOW ppu": "$2.75 / 100G"
  },
  {
    "Brand_Product_Size": "Gillette Sensor Excel Shaving Blade Refill 10 pack",
    "WOW Price": 28.5,
    "WOW Size": "10 pack",
    "WOW ppu": "$2.85 / 1EA"
  },
  {
    "Brand_Product_Size": "1000hour Eyelashes & Brow Dye Kit Black each",
    "WOW Price": 14,
    "WOW Size": "each",
    "WOW ppu": "$14.00 / 1EA"
  },
  {
    "Brand_Product_Size": "Ansell Gloves Hyflex Large 1 pair",
    "WOW Price": 7,
    "WOW Size": "1 pair",
    "WOW ppu": "$7.00 / 1EA"
  },
  {
    "Brand_Product_Size": "Kellogg's Fun Breakfast Cereals Assorted 6 pack",
    "WOW Price": 6,
    "WOW Size": "6 pack",
    "WOW ppu": "$3.53 / 100G"
  },
  {
    "Brand_Product_Size": "Health Lab Kids Bliss Bites Caramel 150g",
    "WOW Price": 5.5,
    "WOW Size": "150g",
    "WOW ppu": "$3.67 / 100G"
  },
  {
    "Brand_Product_Size": "Woolworths High Protein Plain Yoghurt 900g",
    "WOW Price": 5.2,
    "WOW Size": "900g",
    "WOW ppu": "$5.78 / 1KG"
  },
  {
    "Brand_Product_Size": "King Island Seal Bay Triple Cream Brie Cheese 175g",
    "WOW Price": 12.6,
    "WOW Size": "175g",
    "WOW ppu": "$72.00 / 1KG"
  },
  {
    "Brand_Product_Size": "King Island Seal Bay Triple Cream Brie Cheese 175g",
    "WOW Price": 12.6,
    "WOW Size": "175g",
    "WOW ppu": "$72.00 / 1KG"
  },
  {
    "Brand_Product_Size": "Nestle Cerelac Multigrain With Banana & Apple Baby Cereal Stage 3 200g",
    "WOW Price": 4.6,
    "WOW Size": "200g",
    "WOW ppu": "$2.30 / 100G"
  },
  {
    "Brand_Product_Size": "Belvoir Fruit Farms Elderflower Cordial 500mL",
    "WOW Price": 6,
    "WOW Size": "500mL",
    "WOW ppu": "$12.00 / 1L"
  },
  {
    "Brand_Product_Size": "Disney Mother's Day Socks Princess Crown each",
    "WOW Price": 5,
    "WOW Size": "each",
    "WOW ppu": ""
  },
  {
    "Brand_Product_Size": "Kez's Free Gluten Free Vienna Eclairs 190g",
    "WOW Price": 7,
    "WOW Size": "190g",
    "WOW ppu": "$3.68 / 100G"
  },
  {
    "Brand_Product_Size": "Kez's Free Gluten Free Vienna Eclairs 190g",
    "WOW Price": 7,
    "WOW Size": "190g",
    "WOW ppu": "$3.68 / 100G"
  },
  {
    "Brand_Product_Size": "Natralus Natural Paw Paw Ointment 25g",
    "WOW Price": 5.99,
    "WOW Size": "25g",
    "WOW ppu": "$23.96 / 100G"
  },
  {
    "Brand_Product_Size": "Woolworths Essentials Air Freshener Vanilla & Coconut 237g",
    "WOW Price": 2,
    "WOW Size": "237g",
    "WOW ppu": "$0.84 / 100G"
  },
  {
    "Brand_Product_Size": "Multix Greener Plant Based Cling Wrap 20m each",
    "WOW Price": 3,
    "WOW Size": "each",
    "WOW ppu": "$0.15 / 1M"
  },
  {
    "Brand_Product_Size": "Robert Timms Italian Espresso Style Coffee Bags 28 pack",
    "WOW Price": 9.65,
    "WOW Size": "28 pack",
    "WOW ppu": "$0.34 / 1EA"
  },
  {
    "Brand_Product_Size": "Robert Timms Italian Espresso Style Coffee Bags 28 pack",
    "WOW Price": 9.65,
    "WOW Size": "28 pack",
    "WOW ppu": "$0.34 / 1EA"
  },
  {
    "Brand_Product_Size": "Post-it Super Sticky Notes Cube each",
    "WOW Price": 10,
    "WOW Size": "each",
    "WOW ppu": ""
  },
  {
    "Brand_Product_Size": "Pureharvest Almond Milk Unsweetened 1L",
    "WOW Price": 2,
    "WOW Size": "1L",
    "WOW ppu": "$2.00 / 1L"
  },
  {
    "Brand_Product_Size": "Pureharvest Almond Milk Unsweetened 1L",
    "WOW Price": 2,
    "WOW Size": "1L",
    "WOW ppu": "$2.00 / 1L"
  },
  {
    "Brand_Product_Size": "Preshafruit Cold Pressed Pink Lady Apple Juice 350mL",
    "WOW Price": 3,
    "WOW Size": "350mL",
    "WOW ppu": "$8.57 / 1L"
  },
  {
    "Brand_Product_Size": "Vitasoy So Milky Lite Soy Milk 1L",
    "WOW Price": 2.6,
    "WOW Size": "1L",
    "WOW ppu": "$2.60 / 1L"
  },
  {
    "Brand_Product_Size": "Green's Pudding Lemon Sponge 260g",
    "WOW Price": 2.8,
    "WOW Size": "260g",
    "WOW ppu": "$1.08 / 100G"
  },
  {
    "Brand_Product_Size": "Armada Aluminium Foil 30cmx150m",
    "WOW Price": 16.95,
    "WOW Size": "30cmx150m",
    "WOW ppu": "$0.11 / 1M"
  },
  {
    "Brand_Product_Size": "Bulla Crunch Caramel, Strawberry & Honeycomb 8 pack",
    "WOW Price": 5,
    "WOW Size": "8 pack",
    "WOW ppu": "$0.79 / 100ML"
  },
  {
    "Brand_Product_Size": "Mint Soft Grip Slotted Turner each",
    "WOW Price": 6,
    "WOW Size": "each",
    "WOW ppu": ""
  },
  {
    "Brand_Product_Size": "Musashi Protein Wafer Chocolate 40g",
    "WOW Price": 2.8,
    "WOW Size": "40g",
    "WOW ppu": "$7.00 / 100G"
  },
  {
    "Brand_Product_Size": "Philips Sonicare Gum Health Power Toothbrush 1 pack",
    "WOW Price": 30,
    "WOW Size": "1 pack",
    "WOW ppu": "$30.00 / 1EA"
  },
  {
    "Brand_Product_Size": "Colgate Total Mint Stripe Antibacterial Gel Toothpaste 200g",
    "WOW Price": 5.5,
    "WOW Size": "200g",
    "WOW ppu": "$2.75 / 100G"
  },
  {
    "Brand_Product_Size": "Voss Water 500mL",
    "WOW Price": 2.65,
    "WOW Size": "500mL",
    "WOW ppu": "$5.30 / 1L"
  },
  {
    "Brand_Product_Size": "Voss Water 500mL",
    "WOW Price": 2.65,
    "WOW Size": "500mL",
    "WOW ppu": "$5.30 / 1L"
  },
  {
    "Brand_Product_Size": "Werther's Original Toffees 3 pack",
    "WOW Price": 3,
    "WOW Size": "3 pack",
    "WOW ppu": "$2.00 / 100G"
  },
  {
    "Brand_Product_Size": "Tom's Of Maine Natural Men Antiperspirant Deodorant North Woods Stick 64g",
    "WOW Price": 7.7,
    "WOW Size": "64g",
    "WOW ppu": "$12.03 / 100G"
  },
  {
    "Brand_Product_Size": "Nibblish Gently Baked Strawberry 80g",
    "WOW Price": 4,
    "WOW Size": "80g",
    "WOW ppu": "$50.00 / 1KG"
  },
  {
    "Brand_Product_Size": "Surf Front & Top Loader Laundry Liquid Detergent Tropical Lily 2L",
    "WOW Price": 7,
    "WOW Size": "2L",
    "WOW ppu": "$3.50 / 1L"
  },
  {
    "Brand_Product_Size": "Real Foods Corn Thins Soy And Linseed 150g",
    "WOW Price": 1,
    "WOW Size": "150g",
    "WOW ppu": "$0.67 / 100G"
  },
  {
    "Brand_Product_Size": "Real Foods Corn Thins Soy And Linseed 150g",
    "WOW Price": 1,
    "WOW Size": "150g",
    "WOW ppu": "$0.67 / 100G"
  },
  {
    "Brand_Product_Size": "Yumi's Original Falafel Balls 225g",
    "WOW Price": 5,
    "WOW Size": "225g",
    "WOW ppu": "$22.22 / 1KG"
  },
  {
    "Brand_Product_Size": "Hinterland Espresso With Choc Almonds Ice Cream Tub 1L",
    "WOW Price": 10.5,
    "WOW Size": "1L",
    "WOW ppu": "$1.05 / 100ML"
  },
  {
    "Brand_Product_Size": "Chux Magic Eraser Bathroom 2 pack",
    "WOW Price": 5.3,
    "WOW Size": "2 pack",
    "WOW ppu": "$2.65 / 1EA"
  },
  {
    "Brand_Product_Size": "Fountain Plum Sauce 250mL",
    "WOW Price": 2.2,
    "WOW Size": "250mL",
    "WOW ppu": "$0.88 / 100ML"
  },
  {
    "Brand_Product_Size": "Ingham's Roll Chicken 250g",
    "WOW Price": 3.45,
    "WOW Size": "250g",
    "WOW ppu": "$13.80 / 1KG"
  },
  {
    "Brand_Product_Size": "Huggies Drynites Pyjama Pants 8-15yrs Girl 9 pack",
    "WOW Price": 12,
    "WOW Size": "9 pack",
    "WOW ppu": "$1.33 / 1EA"
  },
  {
    "Brand_Product_Size": "Moccona Freeze Dried Instant Coffee Caramel 95g",
    "WOW Price": 6,
    "WOW Size": "95g",
    "WOW ppu": "$6.32 / 100G"
  },
  {
    "Brand_Product_Size": "Moccona Freeze Dried Instant Coffee Caramel 95g",
    "WOW Price": 6,
    "WOW Size": "95g",
    "WOW ppu": "$6.32 / 100G"
  },
  {
    "Brand_Product_Size": "Aveeno Active Naturals Positively Radiant Moisturiser Spf 15 75mL",
    "WOW Price": 20.39,
    "WOW Size": "75mL",
    "WOW ppu": "$27.19 / 100ML"
  },
  {
    "Brand_Product_Size": "Woolworths Essentials Hole Punch 2 Hole each",
    "WOW Price": 5,
    "WOW Size": "each",
    "WOW ppu": ""
  },
  {
    "Brand_Product_Size": "Sam's Pantry Fruit & Nut Toasted Muesli 750g",
    "WOW Price": 5,
    "WOW Size": "750g",
    "WOW ppu": "$0.67 / 100G"
  },
  {
    "Brand_Product_Size": "La Casa Del Formaggio Traditional Bocconcini 220g",
    "WOW Price": 5.5,
    "WOW Size": "220g",
    "WOW ppu": "$25.00 / 1KG"
  },
  {
    "Brand_Product_Size": "La Casa Del Formaggio Traditional Bocconcini 220g",
    "WOW Price": 5.5,
    "WOW Size": "220g",
    "WOW ppu": "$25.00 / 1KG"
  },
  {
    "Brand_Product_Size": "Woolworths Lite Cream Cheese 250g",
    "WOW Price": 2.75,
    "WOW Size": "250g",
    "WOW ppu": "$11.00 / 1KG"
  },
  {
    "Brand_Product_Size": "Essentials Toilet Tissue 2ply White 12 pack",
    "WOW Price": 3.65,
    "WOW Size": "12 pack",
    "WOW ppu": "$0.12 / 100SS"
  },
  {
    "Brand_Product_Size": "Durex Pleasure Me Condoms 10 pack",
    "WOW Price": 5.5,
    "WOW Size": "10 pack",
    "WOW ppu": "$0.55 / 1EA"
  },
  {
    "Brand_Product_Size": "Well Naturally No Sugar Added Almond Chip Bar 45g",
    "WOW Price": 2.85,
    "WOW Size": "45g",
    "WOW ppu": "$6.33 / 100G"
  },
  {
    "Brand_Product_Size": "Love'em Pork Liver Dog Treats 90g",
    "WOW Price": 6,
    "WOW Size": "90g",
    "WOW ppu": "$6.67 / 100G"
  },
  {
    "Brand_Product_Size": "Mckenzie's Pepper Black Ground 100g",
    "WOW Price": 3.75,
    "WOW Size": "100g",
    "WOW ppu": "$0.38 / 10G"
  },
  {
    "Brand_Product_Size": "Farmer Jo Gluten Free Paleo Granola Salted Maple Cashew 300g",
    "WOW Price": 10,
    "WOW Size": "300g",
    "WOW ppu": "$3.33 / 100G"
  },
  {
    "Brand_Product_Size": "Energizer Iphone Car Charger With 1 Metre Cable each",
    "WOW Price": 25,
    "WOW Size": "each",
    "WOW ppu": ""
  },
  {
    "Brand_Product_Size": "The First Years Take & Toss Cups Spill Proof 4 pack",
    "WOW Price": 4.9,
    "WOW Size": "4 pack",
    "WOW ppu": "$1.23 / 1EA"
  },
  {
    "Brand_Product_Size": "Macro Fresh Celery Heart Organic each",
    "WOW Price": 4.9,
    "WOW Size": "each",
    "WOW ppu": ""
  },
  {
    "Brand_Product_Size": "Bertolli Organic Extra Virgin Olive Oil Fruity Taste 1L",
    "WOW Price": 20,
    "WOW Size": "1L",
    "WOW ppu": "$2.00 / 100ML"
  },
  {
    "Brand_Product_Size": "Pomegranate Fresh each",
    "WOW Price": 3.9,
    "WOW Size": "each",
    "WOW ppu": "$3.90 / 1EA"
  },
  {
    "Brand_Product_Size": "Rhubarb Fresh bunch",
    "WOW Price": 6,
    "WOW Size": "bunch",
    "WOW ppu": "$6.00 / 1EA"
  },
  {
    "Brand_Product_Size": "Gillette Fusion Shaving Blade Refill Manual 4 pack",
    "WOW Price": 22.5,
    "WOW Size": "4 pack",
    "WOW ppu": "$5.63 / 1EA"
  },
  {
    "Brand_Product_Size": "Connect Foods Rolled Oats With Probiotics 300g",
    "WOW Price": 5,
    "WOW Size": "300g",
    "WOW ppu": "$1.67 / 100G"
  },
  {
    "Brand_Product_Size": "Woolworths Basil Pesto Pasta Salad Kit 500g",
    "WOW Price": 8,
    "WOW Size": "500g",
    "WOW ppu": "$1.60 / 100G"
  },
  {
    "Brand_Product_Size": "Woolworths Basil Pesto Pasta Salad Kit 500g",
    "WOW Price": 8,
    "WOW Size": "500g",
    "WOW ppu": "$1.60 / 100G"
  },
  {
    "Brand_Product_Size": "Gullon Sugar Free Digestives Chocolate each",
    "WOW Price": 5.3,
    "WOW Size": "each",
    "WOW ppu": "$1.96 / 100G"
  },
  {
    "Brand_Product_Size": "Dove Sensitive Body Wash Hypo-allergenic 1L",
    "WOW Price": 6.85,
    "WOW Size": "1L",
    "WOW ppu": "$0.69 / 100ML"
  },
  {
    "Brand_Product_Size": "Woolworths All Butter Croissant 3 pack",
    "WOW Price": 2.5,
    "WOW Size": "3 pack",
    "WOW ppu": "$0.83 / 1EA"
  },
  {
    "Brand_Product_Size": "Woolworths All Butter Croissant 3 pack",
    "WOW Price": 2.5,
    "WOW Size": "3 pack",
    "WOW ppu": "$0.83 / 1EA"
  },
  {
    "Brand_Product_Size": "Old Spice Aftershave Lotion 125mL",
    "WOW Price": 15,
    "WOW Size": "125mL",
    "WOW ppu": "$12.00 / 100ML"
  },
  {
    "Brand_Product_Size": "Streets Splice Pine Lime 8 pack",
    "WOW Price": 7,
    "WOW Size": "8 pack",
    "WOW ppu": "$1.29 / 100ML"
  },
  {
    "Brand_Product_Size": "Colgate Plax Alcohol Free Mouthwash Fresh Tea 500mL",
    "WOW Price": 3.15,
    "WOW Size": "500mL",
    "WOW ppu": "$0.63 / 100ML"
  },
  {
    "Brand_Product_Size": "Bic Kids Pencils Tropicolors 24 pack",
    "WOW Price": 4.9,
    "WOW Size": "24 pack",
    "WOW ppu": "$4.90 / 1EA"
  },
  {
    "Brand_Product_Size": "Inspire Soap Dispenser Black each",
    "WOW Price": 6,
    "WOW Size": "each",
    "WOW ppu": ""
  },
  {
    "Brand_Product_Size": "Korbond Lint Roller Refill 90m each",
    "WOW Price": 4.2,
    "WOW Size": "each",
    "WOW ppu": ""
  },
  {
    "Brand_Product_Size": "Aussie Bodies Protein Fx Lo Carb Bar Rocky Road 40g",
    "WOW Price": 2.2,
    "WOW Size": "40g",
    "WOW ppu": "$5.50 / 100G"
  },
  {
    "Brand_Product_Size": "Bonne Maman Strawberry Conserve 370g",
    "WOW Price": 5.2,
    "WOW Size": "370g",
    "WOW ppu": "$1.41 / 100G"
  },
  {
    "Brand_Product_Size": "Sara Lee Apple Danish 400g",
    "WOW Price": 6.25,
    "WOW Size": "400g",
    "WOW ppu": "$1.56 / 100G"
  },
  {
    "Brand_Product_Size": "Kambrook 2 Slice Toaster each",
    "WOW Price": 49,
    "WOW Size": "each",
    "WOW ppu": ""
  },
  {
    "Brand_Product_Size": "Glad To Be Green Compostable Brown Bake Paper 15m each",
    "WOW Price": 4.5,
    "WOW Size": "each",
    "WOW ppu": "$0.30 / 1M"
  },
  {
    "Brand_Product_Size": "Hoyt's Poppy Seed 100g",
    "WOW Price": 1.85,
    "WOW Size": "100g",
    "WOW ppu": "$0.19 / 10G"
  },
  {
    "Brand_Product_Size": "Mud Cosmetics Eyebrow Pencil Blonde each",
    "WOW Price": 5.5,
    "WOW Size": "each",
    "WOW ppu": "$5.50 / 1EA"
  },
  {
    "Brand_Product_Size": "Expo Bullet Black Dry Erase Markers 4 pack",
    "WOW Price": 8,
    "WOW Size": "4 pack",
    "WOW ppu": ""
  },
  {
    "Brand_Product_Size": "Brioche Gourmet Sliced Loaf 500g",
    "WOW Price": 7,
    "WOW Size": "500g",
    "WOW ppu": "$1.40 / 100G"
  },
  {
    "Brand_Product_Size": "Ogx Argan Oil Of Morocco Dry Shampoo 200mL",
    "WOW Price": 20,
    "WOW Size": "200mL",
    "WOW ppu": "$10.00 / 100ML"
  },
  {
    "Brand_Product_Size": "Mon Ami French Brie Portions 240g",
    "WOW Price": 7.5,
    "WOW Size": "240g",
    "WOW ppu": "$31.25 / 1KG"
  },
  {
    "Brand_Product_Size": "Mon Ami French Brie Portions 240g",
    "WOW Price": 7.5,
    "WOW Size": "240g",
    "WOW ppu": "$31.25 / 1KG"
  },
  {
    "Brand_Product_Size": "Chilli Green each",
    "WOW Price": 0.72,
    "WOW Size": "each",
    "WOW ppu": "$0.72 / 1EA"
  },
  {
    "Brand_Product_Size": "Naturopathica Curcumax Turmeric Daily 3100mg Tablets 30 pack",
    "WOW Price": 23,
    "WOW Size": "30 pack",
    "WOW ppu": "$28.75 / 100EA"
  },
  {
    "Brand_Product_Size": "Linda Mccartney's Vegetarian Country Pie 380g",
    "WOW Price": 5,
    "WOW Size": "380g",
    "WOW ppu": "$1.32 / 100G"
  },
  {
    "Brand_Product_Size": "Baby Bellies Jumble Bowl Sweet Potato, Carrot & Brown Rice 110g",
    "WOW Price": 2.25,
    "WOW Size": "110g",
    "WOW ppu": "$2.05 / 100G"
  },
  {
    "Brand_Product_Size": "Rimmel Lasting Matte Foundation 305 Buff 30mL",
    "WOW Price": 9,
    "WOW Size": "30mL",
    "WOW ppu": "$3.00 / 10ML"
  },
  {
    "Brand_Product_Size": "Gaviscon Dual Action Heartburn & Indigestion Liquid Peppermint 600mL",
    "WOW Price": 15.7,
    "WOW Size": "600mL",
    "WOW ppu": "$2.62 / 100ML"
  },
  {
    "Brand_Product_Size": "Sorbent Facial Tissues 4ply Pocket Pack 6 pack",
    "WOW Price": 2,
    "WOW Size": "6 pack",
    "WOW ppu": "$3.33 / 100SS"
  },
  {
    "Brand_Product_Size": "Sorbent Facial Tissues 4ply Pocket Pack 6 pack",
    "WOW Price": 2,
    "WOW Size": "6 pack",
    "WOW ppu": "$3.33 / 100SS"
  },
  {
    "Brand_Product_Size": "Kellogg's Crunchy Nut Corn Flakes Breakfast Cereal 380g",
    "WOW Price": 4.95,
    "WOW Size": "380g",
    "WOW ppu": "$1.30 / 100G"
  },
  {
    "Brand_Product_Size": "Chestnuts Large per kg",
    "WOW Price": 9.9,
    "WOW Size": "per kg",
    "WOW ppu": "$9.90 / 1KG"
  },
  {
    "Brand_Product_Size": "Gillette Fusion Power Shaving Blade Refill 4 pack",
    "WOW Price": 25,
    "WOW Size": "4 pack",
    "WOW ppu": "$6.25 / 1EA"
  },
  {
    "Brand_Product_Size": "Red Rock Deli Potato Chips Honey Soy Chicken Deli Style 50g",
    "WOW Price": 2.1,
    "WOW Size": "50g",
    "WOW ppu": "$4.20 / 100G"
  },
  {
    "Brand_Product_Size": "Burt's Bees Beeswax Lip Balm 4.25g",
    "WOW Price": 6.5,
    "WOW Size": "4.25g",
    "WOW ppu": "$15.29 / 10G"
  },
  {
    "Brand_Product_Size": "Huggies Ultra Dry Nappies Junior 16kg+ Boy 30 pack buLk",
    "WOW Price": 16,
    "WOW Size": "30 pack buLk",
    "WOW ppu": "$0.53 / 1EA"
  },
  {
    "Brand_Product_Size": "Dine Desire Flaked Tuna & Shredded Crab Grain Free Wet Cat Food 85g",
    "WOW Price": 1.3,
    "WOW Size": "85g",
    "WOW ppu": "$1.53 / 100G"
  },
  {
    "Brand_Product_Size": "Woolworths Cook Marinated Lamb Steaks With Thyme Pepper & Garlic 270g",
    "WOW Price": 7.5,
    "WOW Size": "270g",
    "WOW ppu": "$27.78 / 1KG"
  },
  {
    "Brand_Product_Size": "Eylure Eyelashes Naturalites Style 100 each",
    "WOW Price": 6.49,
    "WOW Size": "each",
    "WOW ppu": "$6.49 / 1EA"
  },
  {
    "Brand_Product_Size": "Glade 2 In 1 Candle Passionfruit Hawaiian Breeze 96g",
    "WOW Price": 6,
    "WOW Size": "96g",
    "WOW ppu": ""
  },
  {
    "Brand_Product_Size": "Safcol Tuna Pouch Red Beans & Quinoa 160g",
    "WOW Price": 3.5,
    "WOW Size": "160g",
    "WOW ppu": "$21.88 / 1KG"
  },
  {
    "Brand_Product_Size": "Bosisto's Sleep Oil 15mL",
    "WOW Price": 11.5,
    "WOW Size": "15mL",
    "WOW ppu": "$76.67 / 100ML"
  },
  {
    "Brand_Product_Size": "Toni & Guy Wet & Dry Detangle Comb each",
    "WOW Price": 5.6,
    "WOW Size": "each",
    "WOW ppu": ""
  },
  {
    "Brand_Product_Size": "Bellamy's Organic Vanilla & Pear Custard With Chia Seeds 8 Months 120g",
    "WOW Price": 2.3,
    "WOW Size": "120g",
    "WOW ppu": "$1.92 / 100G"
  },
  {
    "Brand_Product_Size": "Just Caught Raw Prawn Meat 300g",
    "WOW Price": 12,
    "WOW Size": "300g",
    "WOW ppu": "$40.00 / 1KG"
  },
  {
    "Brand_Product_Size": "Passage To India Simmer Sauce Rogan Josh 375g",
    "WOW Price": 4.7,
    "WOW Size": "375g",
    "WOW ppu": "$1.25 / 100G"
  },
  {
    "Brand_Product_Size": "Smith's Oven Baked Chips Roast Chicken & Thyme 130g",
    "WOW Price": 2.5,
    "WOW Size": "130g",
    "WOW ppu": "$1.92 / 100G"
  },
  {
    "Brand_Product_Size": "Oates Tiltamatic Squeeze Mop each",
    "WOW Price": 16.5,
    "WOW Size": "each",
    "WOW ppu": "$4.13 / 1EA"
  },
  {
    "Brand_Product_Size": "Dollar Sweets 100s & 1000s 190g",
    "WOW Price": 2,
    "WOW Size": "190g",
    "WOW ppu": "$1.05 / 100G"
  },
  {
    "Brand_Product_Size": "Fancy Feast Adult Royale Virgin Flaked Tuna Wet Cat Food 85g",
    "WOW Price": 2,
    "WOW Size": "85g",
    "WOW ppu": "$2.35 / 100G"
  },
  {
    "Brand_Product_Size": "Sealord Premium Hoki Fillets Lime & Coconut 300g",
    "WOW Price": 7.3,
    "WOW Size": "300g",
    "WOW ppu": "$24.33 / 1KG"
  },
  {
    "Brand_Product_Size": "Fudge Urban Matte Wax With No Shine & Firm Hold 70mL",
    "WOW Price": 8,
    "WOW Size": "70mL",
    "WOW ppu": "$11.43 / 100ML"
  },
  {
    "Brand_Product_Size": "Pandaroo Lite Coconut Cream 400mL",
    "WOW Price": 1.85,
    "WOW Size": "400mL",
    "WOW ppu": "$0.46 / 100ML"
  },
  {
    "Brand_Product_Size": "Boost Mango Tango 1L",
    "WOW Price": 5.8,
    "WOW Size": "1L",
    "WOW ppu": "$5.80 / 1L"
  },
  {
    "Brand_Product_Size": "St Ives Scrub Coconut & Coffee 150mL",
    "WOW Price": 5,
    "WOW Size": "150mL",
    "WOW ppu": "$3.33 / 100ML"
  },
  {
    "Brand_Product_Size": "Woolworths Blanched Peanuts 375g",
    "WOW Price": 3.5,
    "WOW Size": "375g",
    "WOW ppu": "$9.33 / 1KG"
  },
  {
    "Brand_Product_Size": "Indomie Mi Goreng Instant Noodles 5 pack 425g",
    "WOW Price": 2.75,
    "WOW Size": "5 pack 425g",
    "WOW ppu": "$0.65 / 100G"
  },
  {
    "Brand_Product_Size": "Riverina Fresh Lactose Free Full Cream Milk 2L",
    "WOW Price": 4.4,
    "WOW Size": "2L",
    "WOW ppu": "$2.20 / 1L"
  },
  {
    "Brand_Product_Size": "Fibre One Chocolate Fudge Brownies 5 pack",
    "WOW Price": 5.5,
    "WOW Size": "5 pack",
    "WOW ppu": "$4.58 / 100G"
  },
  {
    "Brand_Product_Size": "Philips Led 1400lm Warm Bc 2 pack",
    "WOW Price": 7.5,
    "WOW Size": "2 pack",
    "WOW ppu": "$3.75 / 1EA"
  },
  {
    "Brand_Product_Size": "Bega Light Tasty 50% Less Fat Cheese 500g",
    "WOW Price": 8,
    "WOW Size": "500g",
    "WOW ppu": "$16.00 / 1KG"
  },
  {
    "Brand_Product_Size": "Woolworths Apple In Pineapple Jelly 4 pack 480g",
    "WOW Price": 2.2,
    "WOW Size": "4 pack 480g",
    "WOW ppu": "$4.58 / 1KG"
  },
  {
    "Brand_Product_Size": "Woolworths Apple In Pineapple Jelly 4 pack 480g",
    "WOW Price": 2.2,
    "WOW Size": "4 pack 480g",
    "WOW ppu": "$4.58 / 1KG"
  },
  {
    "Brand_Product_Size": "Fever Tree Mediterranean Tonic Water 500mL",
    "WOW Price": 4,
    "WOW Size": "500mL",
    "WOW ppu": "$8.00 / 1L"
  },
  {
    "Brand_Product_Size": "Energizer Advanced Aa Batteries 4 pack",
    "WOW Price": 7,
    "WOW Size": "4 pack",
    "WOW ppu": "$1.75 / 1EA"
  },
  {
    "Brand_Product_Size": "Woolworths Greek Salad Bowl 150g",
    "WOW Price": 5.5,
    "WOW Size": "150g",
    "WOW ppu": "$36.67 / 1KG"
  },
  {
    "Brand_Product_Size": "Woolworths Greek Salad Bowl 150g",
    "WOW Price": 5.5,
    "WOW Size": "150g",
    "WOW ppu": "$36.67 / 1KG"
  },
  {
    "Brand_Product_Size": "Woolworths Greek Salad Bowl 150g",
    "WOW Price": 5.5,
    "WOW Size": "150g",
    "WOW ppu": "$36.67 / 1KG"
  },
  {
    "Brand_Product_Size": "Manicare Slant Tweezer Gold Tipped each",
    "WOW Price": 5.15,
    "WOW Size": "each",
    "WOW ppu": ""
  },
  {
    "Brand_Product_Size": "Woolworths Thai Satay Chicken With Rice 350g",
    "WOW Price": 7.5,
    "WOW Size": "350g",
    "WOW ppu": "$2.14 / 100G"
  },
  {
    "Brand_Product_Size": "Avocado Fresh 5 pack",
    "WOW Price": 6.5,
    "WOW Size": "5 pack",
    "WOW ppu": "$1.30 / 1EA"
  },
  {
    "Brand_Product_Size": "Harpic Toilet Cleaner Itb Blue Water each",
    "WOW Price": 2.5,
    "WOW Size": "each",
    "WOW ppu": "$2.50 / 1EA"
  },
  {
    "Brand_Product_Size": "Mayver's Smunchy Protein Plus 5 Seeds Peanut Butter 375g",
    "WOW Price": 4.5,
    "WOW Size": "375g",
    "WOW ppu": "$1.20 / 100G"
  },
  {
    "Brand_Product_Size": "Lipton Ice Green Tea Light Lemon 1.5L",
    "WOW Price": 3.95,
    "WOW Size": "1.5L",
    "WOW ppu": "$2.63 / 1L"
  },
  {
    "Brand_Product_Size": "Kopparberg Non Alcoholic Apple Cider 330mL x4 pack",
    "WOW Price": 7.5,
    "WOW Size": "330mL x4 pack",
    "WOW ppu": "$5.68 / 1L"
  },
  {
    "Brand_Product_Size": "Herbal Essences Conditioner Replenishing 490mL",
    "WOW Price": 10,
    "WOW Size": "490mL",
    "WOW ppu": "$2.04 / 100ML"
  },
  {
    "Brand_Product_Size": "Woolworths Free From Gluten Pizza Flavoured Crackers 160g",
    "WOW Price": 4,
    "WOW Size": "160g",
    "WOW ppu": "$2.50 / 100G"
  },
  {
    "Brand_Product_Size": "Armada Bbq Foil Trays Medium 3 pack",
    "WOW Price": 2,
    "WOW Size": "3 pack",
    "WOW ppu": "$0.67 / 1EA"
  },
  {
    "Brand_Product_Size": "Yakult Probiotic Drink Light 5x65mL",
    "WOW Price": 4,
    "WOW Size": "5x65mL",
    "WOW ppu": "$12.31 / 1L"
  },
  {
    "Brand_Product_Size": "Inspire Photo Frame 6x4 each",
    "WOW Price": 2,
    "WOW Size": "each",
    "WOW ppu": ""
  },
  {
    "Brand_Product_Size": "Ito En Matcha Green Tea Traditional 20 pack",
    "WOW Price": 6,
    "WOW Size": "20 pack",
    "WOW ppu": "$0.30 / 1EA"
  },
  {
    "Brand_Product_Size": "Ito En Matcha Green Tea Traditional 20 pack",
    "WOW Price": 6,
    "WOW Size": "20 pack",
    "WOW ppu": "$0.30 / 1EA"
  },
  {
    "Brand_Product_Size": "Fluffy Freshen Up Clothes Refresher Breeze 400mL",
    "WOW Price": 5.25,
    "WOW Size": "400mL",
    "WOW ppu": "$13.13 / 1L"
  },
  {
    "Brand_Product_Size": "Bulla Crunch Double Choc 8 pack",
    "WOW Price": 5,
    "WOW Size": "8 pack",
    "WOW ppu": "$0.79 / 100ML"
  },
  {
    "Brand_Product_Size": "Chupa Chups Mix Of Minis Bag 320g",
    "WOW Price": 5,
    "WOW Size": "320g",
    "WOW ppu": "$1.56 / 100G"
  },
  {
    "Brand_Product_Size": "Clean Laundry Collection Soft Touch Peg 30 pack",
    "WOW Price": 3.5,
    "WOW Size": "30 pack",
    "WOW ppu": ""
  },
  {
    "Brand_Product_Size": "Culinare Swivel Peeler each",
    "WOW Price": 5,
    "WOW Size": "each",
    "WOW ppu": ""
  },
  {
    "Brand_Product_Size": "A2 Light Milk 2L",
    "WOW Price": 5.3,
    "WOW Size": "2L",
    "WOW ppu": "$2.65 / 1L"
  },
  {
    "Brand_Product_Size": "Roast Pork Shoulder Boneless Small 1.1kg - 3kg",
    "WOW Price": 22.5,
    "WOW Size": "1.1kg - 3kg",
    "WOW ppu": "$7.50 / 1KG"
  },
  {
    "Brand_Product_Size": "Lucky Crumbed Walnuts 125g",
    "WOW Price": 3.3,
    "WOW Size": "125g",
    "WOW ppu": "$26.40 / 1KG"
  },
  {
    "Brand_Product_Size": "Balnea Nourishing Cherry Blossom Hand Wash Refill 1L",
    "WOW Price": 3,
    "WOW Size": "1L",
    "WOW ppu": "$0.30 / 100ML"
  },
  {
    "Brand_Product_Size": "Spc Diced Fruit Salad In Juice 4 pack 480g",
    "WOW Price": 4,
    "WOW Size": "4 pack 480g",
    "WOW ppu": "$8.33 / 1KG"
  },
  {
    "Brand_Product_Size": "Spc Diced Fruit Salad In Juice 4 pack 480g",
    "WOW Price": 4,
    "WOW Size": "4 pack 480g",
    "WOW ppu": "$8.33 / 1KG"
  },
  {
    "Brand_Product_Size": "Vicks Vapodrops Butter Menthol Lozenges 42 pack",
    "WOW Price": 6.8,
    "WOW Size": "42 pack",
    "WOW ppu": "$16.19 / 100EA"
  },
  {
    "Brand_Product_Size": "On The Menu Chicken Fettucine 260g",
    "WOW Price": 3,
    "WOW Size": "260g",
    "WOW ppu": "$1.15 / 100G"
  },
  {
    "Brand_Product_Size": "Bulla Splits Ice Cream Wildberry Orange Tropical 10 pack",
    "WOW Price": 7,
    "WOW Size": "10 pack",
    "WOW ppu": "$0.93 / 100ML"
  },
  {
    "Brand_Product_Size": "Dairy Farmers Full Cream Milk 1L",
    "WOW Price": 2.25,
    "WOW Size": "1L",
    "WOW ppu": "$2.25 / 1L"
  },
  {
    "Brand_Product_Size": "Thankyou. Orange & Almond Hand Wash Refill 1L",
    "WOW Price": 12.5,
    "WOW Size": "1L",
    "WOW ppu": "$1.25 / 100ML"
  },
  {
    "Brand_Product_Size": "Latina Fresh Kids Mini Ravioli Beef & Vegetable 200g",
    "WOW Price": 4.5,
    "WOW Size": "200g",
    "WOW ppu": "$2.25 / 100G"
  },
  {
    "Brand_Product_Size": "Uncle Tobys Muesli Bars Choc Chip 15 pack",
    "WOW Price": 6,
    "WOW Size": "15 pack",
    "WOW ppu": "$1.28 / 100G"
  },
  {
    "Brand_Product_Size": "Uncle Tobys Muesli Bars Choc Chip 15 pack",
    "WOW Price": 6,
    "WOW Size": "15 pack",
    "WOW ppu": "$1.28 / 100G"
  },
  {
    "Brand_Product_Size": "Barilla Rigatoni Pasta No 89 500g",
    "WOW Price": 2.4,
    "WOW Size": "500g",
    "WOW ppu": "$0.48 / 100G"
  },
  {
    "Brand_Product_Size": "Black+decker Window & Glass Vacuum Cleaner each",
    "WOW Price": 55.2,
    "WOW Size": "each",
    "WOW ppu": ""
  },
  {
    "Brand_Product_Size": "Woolworths Dried Goji Berries 150g",
    "WOW Price": 4.7,
    "WOW Size": "150g",
    "WOW ppu": "$31.33 / 1KG"
  },
  {
    "Brand_Product_Size": "Gourmet Garden Paste Dill 80g tube",
    "WOW Price": 3.5,
    "WOW Size": "80g tube",
    "WOW ppu": "$4.38 / 100G"
  },
  {
    "Brand_Product_Size": "Gourmet Garden Paste Dill 80g tube",
    "WOW Price": 3.5,
    "WOW Size": "80g tube",
    "WOW ppu": "$4.38 / 100G"
  },
  {
    "Brand_Product_Size": "Kewpie Sriracha Mayo 300g",
    "WOW Price": 3,
    "WOW Size": "300g",
    "WOW ppu": "$1.00 / 100G"
  },
  {
    "Brand_Product_Size": "Oatly Organic Oat Milk 1L",
    "WOW Price": 4.8,
    "WOW Size": "1L",
    "WOW ppu": "$4.80 / 1L"
  },
  {
    "Brand_Product_Size": "Coco & Lucas' Beef Cottage Pie 220g",
    "WOW Price": 4,
    "WOW Size": "220g",
    "WOW ppu": "$1.82 / 100G"
  },
  {
    "Brand_Product_Size": "Castello Brie Double Cream 150g",
    "WOW Price": 5.5,
    "WOW Size": "150g",
    "WOW ppu": "$36.67 / 1KG"
  },
  {
    "Brand_Product_Size": "Castello Brie Double Cream 150g",
    "WOW Price": 5.5,
    "WOW Size": "150g",
    "WOW ppu": "$36.67 / 1KG"
  },
  {
    "Brand_Product_Size": "Hershey's Cookies & Cream Sticks 4 pack",
    "WOW Price": 8.5,
    "WOW Size": "4 pack",
    "WOW ppu": "$2.36 / 100ML"
  },
  {
    "Brand_Product_Size": "Woolworths Pecans 150g",
    "WOW Price": 4.1,
    "WOW Size": "150g",
    "WOW ppu": "$27.33 / 1KG"
  },
  {
    "Brand_Product_Size": "Woolworths Binder Clips Black 19mm 30 pack",
    "WOW Price": 3,
    "WOW Size": "30 pack",
    "WOW ppu": ""
  },
  {
    "Brand_Product_Size": "Keep It Cleaner Protein Ball Ruby Red Velvet 32g",
    "WOW Price": 2.4,
    "WOW Size": "32g",
    "WOW ppu": "$7.50 / 100G"
  },
  {
    "Brand_Product_Size": "Hygiene Plus Econd Skin Gloves Disposable 24 pack",
    "WOW Price": 4.7,
    "WOW Size": "24 pack",
    "WOW ppu": "$0.20 / 1EA"
  },
  {
    "Brand_Product_Size": "Chef's World World Noodles Thin 2kg",
    "WOW Price": 5.5,
    "WOW Size": "2kg",
    "WOW ppu": "$2.75 / 1KG"
  },
  {
    "Brand_Product_Size": "Bushells Extra Strong Leaf Tea 250g",
    "WOW Price": 3.6,
    "WOW Size": "250g",
    "WOW ppu": "$1.44 / 100G"
  },
  {
    "Brand_Product_Size": "Bushells Extra Strong Leaf Tea 250g",
    "WOW Price": 3.6,
    "WOW Size": "250g",
    "WOW ppu": "$1.44 / 100G"
  },
  {
    "Brand_Product_Size": "Rufus & Coco Clean & Chew Dental Dog Toy each",
    "WOW Price": 15,
    "WOW Size": "each",
    "WOW ppu": "$15.00 / 1EA"
  },
  {
    "Brand_Product_Size": "Darrell Lea Twists Dark Chocolate Liquorice 200g",
    "WOW Price": 3.5,
    "WOW Size": "200g",
    "WOW ppu": "$1.75 / 100G"
  },
  {
    "Brand_Product_Size": "Always Fresh Mini Grissini Rosemary 6 pack",
    "WOW Price": 4,
    "WOW Size": "6 pack",
    "WOW ppu": "$3.03 / 100G"
  },
  {
    "Brand_Product_Size": "Toscano Lemon Tartlets 9 pack",
    "WOW Price": 3.5,
    "WOW Size": "9 pack",
    "WOW ppu": "$2.80 / 100G"
  },
  {
    "Brand_Product_Size": "Cc's Corn Chips Original 175g",
    "WOW Price": 3.5,
    "WOW Size": "175g",
    "WOW ppu": "$2.00 / 100G"
  },
  {
    "Brand_Product_Size": "Riverina Fresh Full Cream Milk 2L",
    "WOW Price": 3.2,
    "WOW Size": "2L",
    "WOW ppu": "$1.60 / 1L"
  },
  {
    "Brand_Product_Size": "Edco Stainless Steel Scourer 2 pack",
    "WOW Price": 2.5,
    "WOW Size": "2 pack",
    "WOW ppu": "$1.25 / 1EA"
  },
  {
    "Brand_Product_Size": "Quest Protein Bar Choc Brownie 60g",
    "WOW Price": 4,
    "WOW Size": "60g",
    "WOW ppu": "$6.67 / 100G"
  },
  {
    "Brand_Product_Size": "Rimmel Lasting Radiance Concealer 010 7mL",
    "WOW Price": 9,
    "WOW Size": "7mL",
    "WOW ppu": "$12.86 / 10ML"
  },
  {
    "Brand_Product_Size": "Mcobeauty Tattoo Eyebrow Microblading Ink Pen Light/medium 1.5mL",
    "WOW Price": 8,
    "WOW Size": "1.5mL",
    "WOW ppu": "$53.33 / 10ML"
  },
  {
    "Brand_Product_Size": "Ocean Chef Raw Prawns Peeled 500g",
    "WOW Price": 18,
    "WOW Size": "500g",
    "WOW ppu": "$36.00 / 1KG"
  },
  {
    "Brand_Product_Size": "Peckish Performance Layer Mix 5kg",
    "WOW Price": 14,
    "WOW Size": "5kg",
    "WOW ppu": "$0.28 / 100G"
  },
  {
    "Brand_Product_Size": "Energizer Advanced Aaa Batteries 4 pack",
    "WOW Price": 7,
    "WOW Size": "4 pack",
    "WOW ppu": "$1.75 / 1EA"
  },
  {
    "Brand_Product_Size": "Gillette Mach3 Turbo 3d Blades 4 pack",
    "WOW Price": 17,
    "WOW Size": "4 pack",
    "WOW ppu": "$4.25 / 1EA"
  },
  {
    "Brand_Product_Size": "Baxter's Fig & Date Balsamic Chutney 235g",
    "WOW Price": 4.3,
    "WOW Size": "235g",
    "WOW ppu": "$1.83 / 100G"
  },
  {
    "Brand_Product_Size": "Korbond Whiz Pop Bang Climbing Men 6 pack",
    "WOW Price": 4,
    "WOW Size": "6 pack",
    "WOW ppu": "$0.67 / 1EA"
  },
  {
    "Brand_Product_Size": "Moccona Iced Latte Sachets 8 pack",
    "WOW Price": 3,
    "WOW Size": "8 pack",
    "WOW ppu": "$0.38 / 1EA"
  },
  {
    "Brand_Product_Size": "Moccona Iced Latte Sachets 8 pack",
    "WOW Price": 3,
    "WOW Size": "8 pack",
    "WOW ppu": "$0.38 / 1EA"
  },
  {
    "Brand_Product_Size": "Fancy Feast Cat Food Gravy Lovers Chicken 85g",
    "WOW Price": 1.45,
    "WOW Size": "85g",
    "WOW ppu": "$1.71 / 100G"
  },
  {
    "Brand_Product_Size": "Uncle Tobys Rolled Oats Quick Sachets Creamy Vanilla 10 pack",
    "WOW Price": 5,
    "WOW Size": "10 pack",
    "WOW ppu": "$1.43 / 100G"
  },
  {
    "Brand_Product_Size": "Macro Organic 6 Months+ Lamb With Vegetables 120g",
    "WOW Price": 1.4,
    "WOW Size": "120g",
    "WOW ppu": "$1.17 / 100G"
  },
  {
    "Brand_Product_Size": "Olina's Savoury Crackers Feta, Thyme & Garlic 90g",
    "WOW Price": 3.5,
    "WOW Size": "90g",
    "WOW ppu": "$3.89 / 100G"
  },
  {
    "Brand_Product_Size": "Schwarzkopf Taft Hair Gel Maximum Hold 250g",
    "WOW Price": 4,
    "WOW Size": "250g",
    "WOW ppu": "$1.60 / 100G"
  },
  {
    "Brand_Product_Size": "Fab Frangipani Front & Top Loader Laundry Powder 1kg",
    "WOW Price": 4.49,
    "WOW Size": "1kg",
    "WOW ppu": "$4.49 / 1KG"
  },
  {
    "Brand_Product_Size": "Angas Park Apricot Large Dried 200g",
    "WOW Price": 8,
    "WOW Size": "200g",
    "WOW ppu": "$40.00 / 1KG"
  },
  {
    "Brand_Product_Size": "Arnott's Vita-weat Cracker Regular 250g",
    "WOW Price": 3.3,
    "WOW Size": "250g",
    "WOW ppu": "$1.32 / 100G"
  },
  {
    "Brand_Product_Size": "Stayfree Ultra Thins Pads Wings Super 24 pack",
    "WOW Price": 7.25,
    "WOW Size": "24 pack",
    "WOW ppu": "$0.30 / 1EA"
  },
  {
    "Brand_Product_Size": "Masterfoods Shepherd's Pie Recipe Base Shepherds Pie 175g",
    "WOW Price": 2.2,
    "WOW Size": "175g",
    "WOW ppu": "$1.26 / 100G"
  },
  {
    "Brand_Product_Size": "Pepsi Sodastream Soda Mix 440mL",
    "WOW Price": 7,
    "WOW Size": "440mL",
    "WOW ppu": "$15.91 / 1L"
  },
  {
    "Brand_Product_Size": "Papermate Profile Pen Blue 2 pack",
    "WOW Price": 3.64,
    "WOW Size": "2 pack",
    "WOW ppu": "$1.82 / 1EA"
  },
  {
    "Brand_Product_Size": "Dairyworks Jalapeno Block 210g",
    "WOW Price": 4.5,
    "WOW Size": "210g",
    "WOW ppu": "$21.43 / 1KG"
  },
  {
    "Brand_Product_Size": "Lean Cuisine Lamb & Rosemary Hotpot 280g",
    "WOW Price": 4.5,
    "WOW Size": "280g",
    "WOW ppu": "$1.61 / 100G"
  },
  {
    "Brand_Product_Size": "Blistex Medicated Relief Spf15 6g",
    "WOW Price": 5,
    "WOW Size": "6g",
    "WOW ppu": "$8.33 / 10G"
  },
  {
    "Brand_Product_Size": "Nurofen Quickzorb Quick Pain Relief Caplets 200mg Ibuprofen 24 pack",
    "WOW Price": 8,
    "WOW Size": "24 pack",
    "WOW ppu": "$0.33 / 1EA"
  },
  {
    "Brand_Product_Size": "Sanpellegrino Natural Mineral Water 6x250mL",
    "WOW Price": 11.35,
    "WOW Size": "6x250mL",
    "WOW ppu": "$7.57 / 1L"
  },
  {
    "Brand_Product_Size": "Saxa Table Salt Picnic Pack 125g",
    "WOW Price": 2,
    "WOW Size": "125g",
    "WOW ppu": "$0.16 / 10G"
  },
  {
    "Brand_Product_Size": "So Delicious Coconut Very Berry 150g",
    "WOW Price": 1.75,
    "WOW Size": "150g",
    "WOW ppu": "$1.17 / 100G"
  },
  {
    "Brand_Product_Size": "Woolworths Mixed Berries In Syrup 415g",
    "WOW Price": 3.8,
    "WOW Size": "415g",
    "WOW ppu": "$9.16 / 1KG"
  },
  {
    "Brand_Product_Size": "Woolworths Unsalted Mixed Nuts 375g",
    "WOW Price": 5.35,
    "WOW Size": "375g",
    "WOW ppu": "$14.27 / 1KG"
  },
  {
    "Brand_Product_Size": "Fussy Cat Grain Free Cat Food Salmon & Whitefish With Olive Oil 400g",
    "WOW Price": 1.8,
    "WOW Size": "400g",
    "WOW ppu": "$0.45 / 100G"
  },
  {
    "Brand_Product_Size": "Lee Kum Kee Oyster Sauce Premium 510g",
    "WOW Price": 6.3,
    "WOW Size": "510g",
    "WOW ppu": "$12.35 / 1KG"
  },
  {
    "Brand_Product_Size": "Sistema Mini Bites Stackable Containers Bpa Free 3x130mL",
    "WOW Price": 6,
    "WOW Size": "3x130mL",
    "WOW ppu": ""
  },
  {
    "Brand_Product_Size": "Dentalife Adult Mini Breed Dog Dental Treats 58 pack",
    "WOW Price": 11.9,
    "WOW Size": "58 pack",
    "WOW ppu": "$2.45 / 100G"
  },
  {
    "Brand_Product_Size": "Impulse Body Spray Aerosol Deodorant Festival Summer Edition 75mL",
    "WOW Price": 4,
    "WOW Size": "75mL",
    "WOW ppu": "$5.33 / 100ML"
  },
  {
    "Brand_Product_Size": "Maybelline Falsies Lash Lift Mascara Ultra Black 9.6mL",
    "WOW Price": 12.5,
    "WOW Size": "9.6mL",
    "WOW ppu": "$13.02 / 10ML"
  },
  {
    "Brand_Product_Size": "Pantene Pro-v Daily Moisture Renewal Shampoo 900mL",
    "WOW Price": 8.5,
    "WOW Size": "900mL",
    "WOW ppu": "$0.94 / 100ML"
  },
  {
    "Brand_Product_Size": "Obela Hommus Savoury Garlic 220g",
    "WOW Price": 4,
    "WOW Size": "220g",
    "WOW ppu": "$1.82 / 100G"
  },
  {
    "Brand_Product_Size": "Higher Living Licorice Tea Bags 15 pack",
    "WOW Price": 3.7,
    "WOW Size": "15 pack",
    "WOW ppu": "$0.25 / 1EA"
  },
  {
    "Brand_Product_Size": "Higher Living Licorice Tea Bags 15 pack",
    "WOW Price": 3.7,
    "WOW Size": "15 pack",
    "WOW ppu": "$0.25 / 1EA"
  },
  {
    "Brand_Product_Size": "Korbond Bunting Set With Confetti Balloons & Garlands 100g",
    "WOW Price": 8,
    "WOW Size": "100g",
    "WOW ppu": "$8.00 / 1EA"
  },
  {
    "Brand_Product_Size": "Moro Extra Virgin Cold Pressed Olive Oil 4L",
    "WOW Price": 29,
    "WOW Size": "4L",
    "WOW ppu": "$0.73 / 100ML"
  },
  {
    "Brand_Product_Size": "On The Menu Beef Rissole 320g",
    "WOW Price": 4.8,
    "WOW Size": "320g",
    "WOW ppu": "$1.50 / 100G"
  },
  {
    "Brand_Product_Size": "Vitasoy Original Soy Milk 1L",
    "WOW Price": 3,
    "WOW Size": "1L",
    "WOW ppu": "$3.00 / 1L"
  },
  {
    "Brand_Product_Size": "Vitasoy Original Soy Milk 1L",
    "WOW Price": 3,
    "WOW Size": "1L",
    "WOW ppu": "$3.00 / 1L"
  },
  {
    "Brand_Product_Size": "Cuddly Care & Protect Antibacterial Fabric Conditioner 900mL",
    "WOW Price": 9,
    "WOW Size": "900mL",
    "WOW ppu": "$10.00 / 1L"
  },
  {
    "Brand_Product_Size": "Rimmel Matte Primer 30mL",
    "WOW Price": 7.5,
    "WOW Size": "30mL",
    "WOW ppu": "$2.50 / 10ML"
  },
  {
    "Brand_Product_Size": "Woolworths Clip Board A4 each",
    "WOW Price": 3.5,
    "WOW Size": "each",
    "WOW ppu": ""
  },
  {
    "Brand_Product_Size": "Extra White Bubblemint Chewing Gum Sugar Free Bottle 64g",
    "WOW Price": 4,
    "WOW Size": "64g",
    "WOW ppu": "$6.25 / 100G"
  },
  {
    "Brand_Product_Size": "Philips Led 1400lm Warm Es 2 pack",
    "WOW Price": 7.5,
    "WOW Size": "2 pack",
    "WOW ppu": "$3.75 / 1EA"
  },
  {
    "Brand_Product_Size": "Woolworths Chocolate Flavoured Custard 85g",
    "WOW Price": 0.95,
    "WOW Size": "85g",
    "WOW ppu": "$11.18 / 1KG"
  },
  {
    "Brand_Product_Size": "Dodoni Fetta Cheese 200g",
    "WOW Price": 6,
    "WOW Size": "200g",
    "WOW ppu": "$30.00 / 1KG"
  },
  {
    "Brand_Product_Size": "Dodoni Fetta Cheese 200g",
    "WOW Price": 6,
    "WOW Size": "200g",
    "WOW ppu": "$30.00 / 1KG"
  },
  {
    "Brand_Product_Size": "Schwarzkopf Extra Care Conditioner Push Up Volume Hair Repair 400mL",
    "WOW Price": 4.8,
    "WOW Size": "400mL",
    "WOW ppu": "$1.20 / 100ML"
  },
  {
    "Brand_Product_Size": "Masterfoods Roast Chicken Seasoning 36g",
    "WOW Price": 3.4,
    "WOW Size": "36g",
    "WOW ppu": "$0.83 / 10G"
  },
  {
    "Brand_Product_Size": "Napro Palette 1-0 Black each",
    "WOW Price": 7.95,
    "WOW Size": "each",
    "WOW ppu": "$7.95 / 1EA"
  },
  {
    "Brand_Product_Size": "Schweppes Dry Ginger Ale 1.1L",
    "WOW Price": 1.25,
    "WOW Size": "1.1L",
    "WOW ppu": "$1.14 / 1L"
  },
  {
    "Brand_Product_Size": "Edenvale Non Alcoholic Wine Sparkling Cuvee 750mL",
    "WOW Price": 8.5,
    "WOW Size": "750mL",
    "WOW ppu": "$11.33 / 1L"
  },
  {
    "Brand_Product_Size": "Jarrah Extra Special Dark Hot Chocolate Extra Creamy 8 pack",
    "WOW Price": 5,
    "WOW Size": "8 pack",
    "WOW ppu": "$0.63 / 1EA"
  },
  {
    "Brand_Product_Size": "Redwin Collagen Glow Skin Firming Cream 220g",
    "WOW Price": 10,
    "WOW Size": "220g",
    "WOW ppu": "$4.55 / 100G"
  },
  {
    "Brand_Product_Size": "Continental Liquid Beef Stock 1L",
    "WOW Price": 4,
    "WOW Size": "1L",
    "WOW ppu": "$0.40 / 100ML"
  },
  {
    "Brand_Product_Size": "Smith's Crinkle Cut Chips Party Size Original 380g",
    "WOW Price": 7,
    "WOW Size": "380g",
    "WOW ppu": "$1.84 / 100G"
  },
  {
    "Brand_Product_Size": "Rafferty's Garden Food 4 Months+ Apple, Pear & Cinnamon 120g",
    "WOW Price": 1.65,
    "WOW Size": "120g",
    "WOW ppu": "$1.38 / 100G"
  },
  {
    "Brand_Product_Size": "Nivea Pearl & Beauty Aerosol Antiperspirant Deodorant 250mL",
    "WOW Price": 6.5,
    "WOW Size": "250mL",
    "WOW ppu": "$2.60 / 100ML"
  },
  {
    "Brand_Product_Size": "Huggies Ultra Dry Nappies Walker 13-18kg Boy 64 pack",
    "WOW Price": 30,
    "WOW Size": "64 pack",
    "WOW ppu": "$0.47 / 1EA"
  },
  {
    "Brand_Product_Size": "Bonds Mens Underwear Guy Front Trunk Size Large each",
    "WOW Price": 24,
    "WOW Size": "each",
    "WOW ppu": ""
  },
  {
    "Brand_Product_Size": "For Her Regular Brief Pantyhose Black Tall 3 pack",
    "WOW Price": 4,
    "WOW Size": "3 pack",
    "WOW ppu": ""
  },
  {
    "Brand_Product_Size": "Tidy Cats Clumping Cat Litter 24/7 Performance 6.35kg",
    "WOW Price": 20,
    "WOW Size": "6.35kg",
    "WOW ppu": "$3.15 / 1KG"
  },
  {
    "Brand_Product_Size": "Birds Eye Fish Cakes Salmon With Vegetables & Herbs 480g",
    "WOW Price": 7.5,
    "WOW Size": "480g",
    "WOW ppu": "$15.63 / 1KG"
  },
  {
    "Brand_Product_Size": "Woolworths Ricotta Light Cheese 375g",
    "WOW Price": 3,
    "WOW Size": "375g",
    "WOW ppu": "$8.00 / 1KG"
  },
  {
    "Brand_Product_Size": "Woolworths Ricotta Light Cheese 375g",
    "WOW Price": 3,
    "WOW Size": "375g",
    "WOW ppu": "$8.00 / 1KG"
  },
  {
    "Brand_Product_Size": "Optimum Chicken & Rice Wet Dog Food 6 pack",
    "WOW Price": 6,
    "WOW Size": "6 pack",
    "WOW ppu": "$1.00 / 100G"
  },
  {
    "Brand_Product_Size": "Strepsils Extra Honey And Lemon Sore Throat Fast Numb Lozenges 16 pack",
    "WOW Price": 7.5,
    "WOW Size": "16 pack",
    "WOW ppu": "$0.47 / 1EA"
  },
  {
    "Brand_Product_Size": "Olay Luminous Whips Face Cream Moisturiser Uv Spf 30 50g",
    "WOW Price": 34.3,
    "WOW Size": "50g",
    "WOW ppu": "$68.60 / 100G"
  },
  {
    "Brand_Product_Size": "Korbond Party Banner Happy Birthday Foil 3.65 Meters 14g",
    "WOW Price": 2,
    "WOW Size": "14g",
    "WOW ppu": "$2.00 / 1EA"
  },
  {
    "Brand_Product_Size": "Always Fresh Green Peppercorns 100g",
    "WOW Price": 3.25,
    "WOW Size": "100g",
    "WOW ppu": "$0.33 / 10G"
  },
  {
    "Brand_Product_Size": "Birds Eye Deli New Zealand Whiting Salt & Pepper Crumb 250g",
    "WOW Price": 7.5,
    "WOW Size": "250g",
    "WOW ppu": "$30.00 / 1KG"
  },
  {
    "Brand_Product_Size": "Vetta Smart Fibre Penne Pasta 500g",
    "WOW Price": 1.6,
    "WOW Size": "500g",
    "WOW ppu": "$0.32 / 100G"
  },
  {
    "Brand_Product_Size": "Rowntrees Fruit Pastilles 52g",
    "WOW Price": 1.5,
    "WOW Size": "52g",
    "WOW ppu": "$2.86 / 100G"
  },
  {
    "Brand_Product_Size": "J Crackleton Pork Crackle Original 40g",
    "WOW Price": 1.8,
    "WOW Size": "40g",
    "WOW ppu": "$45.00 / 1KG"
  },
  {
    "Brand_Product_Size": "Wet Ones Moist Wipes Be Fresh 80 pack",
    "WOW Price": 6.2,
    "WOW Size": "80 pack",
    "WOW ppu": "$0.08 / 1EA"
  },
  {
    "Brand_Product_Size": "Wet Ones Moist Wipes Be Fresh 80 pack",
    "WOW Price": 6.2,
    "WOW Size": "80 pack",
    "WOW ppu": "$0.08 / 1EA"
  },
  {
    "Brand_Product_Size": "4 Legs Natural Chicken Gravy Dog Food 500g",
    "WOW Price": 4.5,
    "WOW Size": "500g",
    "WOW ppu": "$0.90 / 100G"
  },
  {
    "Brand_Product_Size": "Beerenberg Caramelised Onion 280g",
    "WOW Price": 4,
    "WOW Size": "280g",
    "WOW ppu": "$1.43 / 100G"
  },
  {
    "Brand_Product_Size": "A2 Full Cream Milk 1L",
    "WOW Price": 3.2,
    "WOW Size": "1L",
    "WOW ppu": "$3.20 / 1L"
  },
  {
    "Brand_Product_Size": "Hillview Cheese Slices Reduced Fat 500g",
    "WOW Price": 3.9,
    "WOW Size": "500g",
    "WOW ppu": "$7.80 / 1KG"
  },
  {
    "Brand_Product_Size": "Hillview Cheese Slices Reduced Fat 500g",
    "WOW Price": 3.9,
    "WOW Size": "500g",
    "WOW ppu": "$7.80 / 1KG"
  },
  {
    "Brand_Product_Size": "Sunsilk Conditioner Addictive Brilliant Shine 700mL",
    "WOW Price": 10,
    "WOW Size": "700mL",
    "WOW ppu": "$1.43 / 100ML"
  },
  {
    "Brand_Product_Size": "Bic Multi Purpose Flex Wand Lighter each",
    "WOW Price": 10,
    "WOW Size": "each",
    "WOW ppu": ""
  },
  {
    "Brand_Product_Size": "Mccain Man Size Chilli Con Carne 480g",
    "WOW Price": 8,
    "WOW Size": "480g",
    "WOW ppu": "$1.67 / 100G"
  },
  {
    "Brand_Product_Size": "Dettol Sapoderm Hygienic Soap For Acne Oily Skin 375g",
    "WOW Price": 4.4,
    "WOW Size": "375g",
    "WOW ppu": "$1.47 / 1EA"
  },
  {
    "Brand_Product_Size": "Oscar Orsen Extra Large Thick Elastic Brown 10 pack",
    "WOW Price": 5,
    "WOW Size": "10 pack",
    "WOW ppu": ""
  },
  {
    "Brand_Product_Size": "Edgell Sliced Beetroot 425g",
    "WOW Price": 1.5,
    "WOW Size": "425g",
    "WOW ppu": "$3.53 / 1KG"
  },
  {
    "Brand_Product_Size": "Quest White Chocolate Raspberry 60g",
    "WOW Price": 4,
    "WOW Size": "60g",
    "WOW ppu": "$6.67 / 100G"
  },
  {
    "Brand_Product_Size": "Revlon Age Defying Firm & Lift Make Up Bare Buff 30mL",
    "WOW Price": 20,
    "WOW Size": "30mL",
    "WOW ppu": "$6.67 / 10ML"
  },
  {
    "Brand_Product_Size": "Woolworths Apple Puree In Pouch 90g",
    "WOW Price": 0.95,
    "WOW Size": "90g",
    "WOW ppu": "$10.56 / 1KG"
  },
  {
    "Brand_Product_Size": "Cover Girl Advanced Radiance Pressed Powder 110 Creamy Natural 11g",
    "WOW Price": 10,
    "WOW Size": "11g",
    "WOW ppu": "$9.09 / 10G"
  },
  {
    "Brand_Product_Size": "Macro Organic Brewers Yeast Cookies Buckwheat & Cacao 210g",
    "WOW Price": 8.5,
    "WOW Size": "210g",
    "WOW ppu": "$4.05 / 100G"
  },
  {
    "Brand_Product_Size": "Fehlbergs Onions Pickled Chilli 500g",
    "WOW Price": 4.8,
    "WOW Size": "500g",
    "WOW ppu": "$9.60 / 1KG"
  },
  {
    "Brand_Product_Size": "Quartet White Board 290x290mm each",
    "WOW Price": 7,
    "WOW Size": "each",
    "WOW ppu": ""
  },
  {
    "Brand_Product_Size": "Heinz Tomato Sauce Ketchup Organic 500mL",
    "WOW Price": 4.3,
    "WOW Size": "500mL",
    "WOW ppu": "$0.86 / 100ML"
  },
  {
    "Brand_Product_Size": "Continental Cup A Soup Hearty Roast Chicken 2 pack",
    "WOW Price": 1.05,
    "WOW Size": "2 pack",
    "WOW ppu": "$1.40 / 100G"
  },
  {
    "Brand_Product_Size": "Three Threes Pickles Mustard 520g",
    "WOW Price": 3,
    "WOW Size": "520g",
    "WOW ppu": "$5.77 / 1KG"
  },
  {
    "Brand_Product_Size": "Sorbent Clean & Fresh Wipes 80 pack",
    "WOW Price": 6,
    "WOW Size": "80 pack",
    "WOW ppu": "$0.08 / 1EA"
  },
  {
    "Brand_Product_Size": "Nestle Chokito 55g bar",
    "WOW Price": 1,
    "WOW Size": "55g bar",
    "WOW ppu": "$1.82 / 100G"
  },
  {
    "Brand_Product_Size": "Mirabella Solar Fairy Lights Fairy Lights 100 pack",
    "WOW Price": 12,
    "WOW Size": "100 pack",
    "WOW ppu": ""
  },
  {
    "Brand_Product_Size": "Valvoline Engine Armour 15w-40 4L",
    "WOW Price": 30,
    "WOW Size": "4L",
    "WOW ppu": "$0.75 / 100ML"
  },
  {
    "Brand_Product_Size": "Dare Cold Pressed Iced Coffee Strong Latte 300mL",
    "WOW Price": 3.1,
    "WOW Size": "300mL",
    "WOW ppu": "$10.33 / 1L"
  },
  {
    "Brand_Product_Size": "John Frieda Brunette Colour Protecting Moisturising Conditioner 250mL",
    "WOW Price": 16,
    "WOW Size": "250mL",
    "WOW ppu": "$6.40 / 100ML"
  },
  {
    "Brand_Product_Size": "On The Menu Beef Ragu Pappardelle 260g",
    "WOW Price": 3,
    "WOW Size": "260g",
    "WOW ppu": "$1.15 / 100G"
  },
  {
    "Brand_Product_Size": "Macro Organic Turkish Figs Figs 500g",
    "WOW Price": 11,
    "WOW Size": "500g",
    "WOW ppu": "$22.00 / 1KG"
  },
  {
    "Brand_Product_Size": "Chicken Tonight Pub Favourites Chicken Pot Pie Cooking Sauce 500g",
    "WOW Price": 2.5,
    "WOW Size": "500g",
    "WOW ppu": "$0.51 / 100G"
  },
  {
    "Brand_Product_Size": "Evergreen Momen Tofu 500g",
    "WOW Price": 3.2,
    "WOW Size": "500g",
    "WOW ppu": "$6.40 / 1KG"
  },
  {
    "Brand_Product_Size": "Tena Lady Pads Mini Plus 16 pack",
    "WOW Price": 3.65,
    "WOW Size": "16 pack",
    "WOW ppu": "$0.23 / 1EA"
  },
  {
    "Brand_Product_Size": "Delicious Beef Casserole And Mash Bundle",
    "WOW Price": 18,
    "WOW Size": "",
    "WOW ppu": ""
  },
  {
    "Brand_Product_Size": "Delicious Beef Casserole And Mash Bundle",
    "WOW Price": 18,
    "WOW Size": "",
    "WOW ppu": ""
  },
  {
    "Brand_Product_Size": "Latina Meals Angus Beef  Lasagne 350g X2 Bundle",
    "WOW Price": 12.5,
    "WOW Size": "",
    "WOW ppu": "$1.79/100g"
  },
  {
    "Brand_Product_Size": "Old El Paso Soft Taco Mince Bundle",
    "WOW Price": 15,
    "WOW Size": "",
    "WOW ppu": ""
  },
  {
    "Brand_Product_Size": "Old El Paso Soft Taco Mince Bundle",
    "WOW Price": 15,
    "WOW Size": "",
    "WOW ppu": ""
  },
  {
    "Brand_Product_Size": "Old El Paso Soft Taco Mince Bundle",
    "WOW Price": 15,
    "WOW Size": "",
    "WOW ppu": ""
  },
  {
    "Brand_Product_Size": "Easy Vegetarian Frittata Dinner Bundle",
    "WOW Price": 15,
    "WOW Size": "",
    "WOW ppu": ""
  },
  {
    "Brand_Product_Size": "Easy Vegetarian Frittata Dinner Bundle",
    "WOW Price": 15,
    "WOW Size": "",
    "WOW ppu": ""
  },
  {
    "Brand_Product_Size": "Easy Vegetarian Frittata Dinner Bundle",
    "WOW Price": 15,
    "WOW Size": "",
    "WOW ppu": ""
  },
  {
    "Brand_Product_Size": "Root 56 Jagermeister Cocktail Bundle",
    "WOW Price": 47,
    "WOW Size": "",
    "WOW ppu": ""
  },
  {
    "Brand_Product_Size": "Ajax Multipurpose Cleaner Trigger & Refill Bundle",
    "WOW Price": 6.5,
    "WOW Size": "",
    "WOW ppu": ""
  },
  {
    "Brand_Product_Size": "Citrus Scent Gleaming Bathroom Toilet Cleaner Bundle",
    "WOW Price": 15,
    "WOW Size": "",
    "WOW ppu": ""
  },
  {
    "Brand_Product_Size": "Family Dinner Bundle With Cannelloni",
    "WOW Price": 15,
    "WOW Size": "",
    "WOW ppu": ""
  },
  {
    "Brand_Product_Size": "Baby Macro Organic 6 Months+ Apple & Blueberry 120g X6 Bundle",
    "WOW Price": 8,
    "WOW Size": "",
    "WOW ppu": "$1.11/ 100G"
  },
  {
    "Brand_Product_Size": "Geelong Brush Value Dustpan Set X4 Bundle",
    "WOW Price": 10,
    "WOW Size": "",
    "WOW ppu": "$2.50 each"
  },
  {
    "Brand_Product_Size": "Quick Quiche And Salad Bundle",
    "WOW Price": 15,
    "WOW Size": "",
    "WOW ppu": ""
  },
  {
    "Brand_Product_Size": "Quick Quiche And Salad Bundle",
    "WOW Price": 15,
    "WOW Size": "",
    "WOW ppu": ""
  },
  {
    "Brand_Product_Size": "Quick Quiche And Salad Bundle",
    "WOW Price": 15,
    "WOW Size": "",
    "WOW ppu": ""
  },
  {
    "Brand_Product_Size": "Go Nuts Bundle",
    "WOW Price": 10.49,
    "WOW Size": "",
    "WOW ppu": ""
  },
  {
    "Brand_Product_Size": "Dishmatic Bundle",
    "WOW Price": 10,
    "WOW Size": "",
    "WOW ppu": ""
  },
  {
    "Brand_Product_Size": "Pureau Pure Water 10l X3 Bundle",
    "WOW Price": 25,
    "WOW Size": "",
    "WOW ppu": "$0.83 per 1L"
  },
  {
    "Brand_Product_Size": "Chux Magic Eraser Big Job Extra Thick 2pk X2 Bundle",
    "WOW Price": 9,
    "WOW Size": "",
    "WOW ppu": "$5.00 / 1EA"
  },
  {
    "Brand_Product_Size": "Cheese Board Staples Bundle",
    "WOW Price": 19,
    "WOW Size": "",
    "WOW ppu": ""
  },
  {
    "Brand_Product_Size": "Garden Salad Bundle",
    "WOW Price": 6,
    "WOW Size": "",
    "WOW ppu": ""
  },
  {
    "Brand_Product_Size": "Copy Paper X2 Bundle",
    "WOW Price": 10,
    "WOW Size": "",
    "WOW ppu": "$5.00 / EA"
  },
  {
    "Brand_Product_Size": "Marvellous Moscow Mule Cocktail Bundle",
    "WOW Price": 46,
    "WOW Size": "",
    "WOW ppu": ""
  },
  {
    "Brand_Product_Size": "Marvellous Moscow Mule Cocktail Bundle",
    "WOW Price": 46,
    "WOW Size": "",
    "WOW ppu": ""
  },
  {
    "Brand_Product_Size": "Latina Meals Ricotta Spinach Cannelloni 350g X2 Bundle",
    "WOW Price": 12.5,
    "WOW Size": "",
    "WOW ppu": "$1.79/100g"
  },
  {
    "Brand_Product_Size": "Asian Feast Dinner Bundle",
    "WOW Price": 30,
    "WOW Size": "",
    "WOW ppu": ""
  },
  {
    "Brand_Product_Size": "Macro Classic Tofu Regular 300g X3 Bundle",
    "WOW Price": 6,
    "WOW Size": "",
    "WOW ppu": "$0.67 / 100G"
  },
  {
    "Brand_Product_Size": "Perfect Italian Dinner Bundle",
    "WOW Price": 10,
    "WOW Size": "",
    "WOW ppu": ""
  },
  {
    "Brand_Product_Size": "Hedys Veggie Burger From The Deli X5 Bundle",
    "WOW Price": 8,
    "WOW Size": "",
    "WOW ppu": "$1.60 each"
  },
  {
    "Brand_Product_Size": "Danone Yopro Pouch Protein Yoghurt Drink 150gx3 Assorted Bundle- Mango, Passionfruit & Banana",
    "WOW Price": 20,
    "WOW Size": "",
    "WOW ppu": ""
  },
  {
    "Brand_Product_Size": "Danone Yopro Pouch Mango 150g X10 Bundle",
    "WOW Price": 20,
    "WOW Size": "",
    "WOW ppu": "$1.43 / 100G"
  },
  {
    "Brand_Product_Size": "Refreshingly Juicy Pineapple Drink Bundle",
    "WOW Price": 9,
    "WOW Size": "",
    "WOW ppu": "$5/1l"
  },
  {
    "Brand_Product_Size": "Dairy Farmers Thick & Creamy Classic Vanilla Yoghurt 600g X3 Bundle",
    "WOW Price": 12,
    "WOW Size": "",
    "WOW ppu": "$0.67/100g"
  },
  {
    "Brand_Product_Size": "Macro Silken Tofu 300g X3 Bundle",
    "WOW Price": 6,
    "WOW Size": "",
    "WOW ppu": "$0.67 / 100G"
  },
  {
    "Brand_Product_Size": "Greek Salad Healthy Meal Bundle",
    "WOW Price": 9,
    "WOW Size": "",
    "WOW ppu": ""
  },
  {
    "Brand_Product_Size": "Greek Salad Healthy Meal Bundle",
    "WOW Price": 9,
    "WOW Size": "",
    "WOW ppu": ""
  },
  {
    "Brand_Product_Size": "Bref Scent Switch Apple & Water Lily X 2 Bundle",
    "WOW Price": 7,
    "WOW Size": "",
    "WOW ppu": "$7/100g"
  },
  {
    "Brand_Product_Size": "Winter Vegies With Red Potato & Zucchini Bundle",
    "WOW Price": 22.5,
    "WOW Size": "",
    "WOW ppu": ""
  },
  {
    "Brand_Product_Size": "Mint Beginner Kitchen Essentials Bundle",
    "WOW Price": 20,
    "WOW Size": "",
    "WOW ppu": ""
  },
  {
    "Brand_Product_Size": "Bundy Dark And Stormy Cocktail Bundle",
    "WOW Price": 90,
    "WOW Size": "",
    "WOW ppu": ""
  },
  {
    "Brand_Product_Size": "Bundy Dark And Stormy Cocktail Bundle",
    "WOW Price": 90,
    "WOW Size": "",
    "WOW ppu": ""
  },
  {
    "Brand_Product_Size": "Half Time Snacks Bundle",
    "WOW Price": 10,
    "WOW Size": "",
    "WOW ppu": ""
  },
  {
    "Brand_Product_Size": "Half Time Snacks Bundle",
    "WOW Price": 10,
    "WOW Size": "",
    "WOW ppu": ""
  },
  {
    "Brand_Product_Size": "Glade 3 Wick Candle Sheer Vanilla 193g X2 Bundle",
    "WOW Price": 20,
    "WOW Size": "",
    "WOW ppu": "$5.18/100g"
  },
  {
    "Brand_Product_Size": "Italian Perfect Pasta Bundle",
    "WOW Price": 30,
    "WOW Size": "",
    "WOW ppu": ""
  },
  {
    "Brand_Product_Size": "Italian Perfect Pasta Bundle",
    "WOW Price": 30,
    "WOW Size": "",
    "WOW ppu": ""
  },
  {
    "Brand_Product_Size": "Large Mars & Snickers Sharepack Bundle",
    "WOW Price": 20,
    "WOW Size": "",
    "WOW ppu": ""
  },
  {
    "Brand_Product_Size": "Duck Active Foam Tropical Sunshine 38.6g X3 Bundle",
    "WOW Price": 9,
    "WOW Size": "",
    "WOW ppu": "$7.77/100g"
  },
  {
    "Brand_Product_Size": "Cheese Platter Classic Small (serves 2-4)",
    "WOW Price": 12,
    "WOW Size": "",
    "WOW ppu": ""
  },
  {
    "Brand_Product_Size": "Cheese Platter Classic Small (serves 2-4)",
    "WOW Price": 12,
    "WOW Size": "",
    "WOW ppu": ""
  },
  {
    "Brand_Product_Size": "Cheese Platter Classic Small (serves 2-4)",
    "WOW Price": 12,
    "WOW Size": "",
    "WOW ppu": ""
  },
  {
    "Brand_Product_Size": "Gold Medal Snacks Pork Krackles 50g X6 Bundle",
    "WOW Price": 12,
    "WOW Size": "",
    "WOW ppu": "$4.00 / G"
  },
  {
    "Brand_Product_Size": "Tasty Beef And Thai Salad Bundle",
    "WOW Price": 15,
    "WOW Size": "",
    "WOW ppu": ""
  },
  {
    "Brand_Product_Size": "Tasty Beef And Thai Salad Bundle",
    "WOW Price": 15,
    "WOW Size": "",
    "WOW ppu": ""
  },
  {
    "Brand_Product_Size": "Natures Gift Deli Rolls Kangaroo & Veg 2x1.4kg",
    "WOW Price": 9,
    "WOW Size": "",
    "WOW ppu": "$0.32 / 100G"
  },
  {
    "Brand_Product_Size": "Apple Pie And Ice Cream Bundle",
    "WOW Price": 8.9,
    "WOW Size": "",
    "WOW ppu": ""
  },
  {
    "Brand_Product_Size": "Danone Yopro Pouch Vanilla 150g X10 Bundle",
    "WOW Price": 20,
    "WOW Size": "",
    "WOW ppu": "$1.43 / 100G"
  },
  {
    "Brand_Product_Size": "Vileda Supermocio Xl Refill X2 Bundle",
    "WOW Price": 21,
    "WOW Size": "",
    "WOW ppu": "$11.00 each"
  },
  {
    "Brand_Product_Size": "Danone Yopro Pouch Passionfruit 150g X10 Bundle",
    "WOW Price": 20,
    "WOW Size": "",
    "WOW ppu": "$1.43 / 100G"
  },
  {
    "Brand_Product_Size": "Lady Speed Stick Deodorant Orchard Blossom 45g X3 Bundle",
    "WOW Price": 11,
    "WOW Size": "",
    "WOW ppu": "8.15/ 100G"
  },
  {
    "Brand_Product_Size": "Chux Superwipes Regular 10pk X3 Bundle",
    "WOW Price": 9,
    "WOW Size": "",
    "WOW ppu": "$3.00 / 1EA"
  },
  {
    "Brand_Product_Size": "Hash Brown From The Deli X10 Bundle",
    "WOW Price": 4,
    "WOW Size": "",
    "WOW ppu": "$0.40 each"
  },
  {
    "Brand_Product_Size": "Family Winter Mixed Vegie Bundle",
    "WOW Price": 32,
    "WOW Size": "",
    "WOW ppu": ""
  },
  {
    "Brand_Product_Size": "Strike Disinfectant Wipes Apple 100pk X3 Bundle",
    "WOW Price": 10.5,
    "WOW Size": "",
    "WOW ppu": "$3.50/each"
  },
  {
    "Brand_Product_Size": "Armor All Car Wash Bundle",
    "WOW Price": 16,
    "WOW Size": "",
    "WOW ppu": ""
  },
  {
    "Brand_Product_Size": "Family Dinner Bundle With Lasagne",
    "WOW Price": 15,
    "WOW Size": "",
    "WOW ppu": ""
  },
  {
    "Brand_Product_Size": "Lavender Boquet Gleaming Bathroom Toilet Cleaner Bundle",
    "WOW Price": 15,
    "WOW Size": "",
    "WOW ppu": ""
  },
  {
    "Brand_Product_Size": "Mint Wok Starter Bundle",
    "WOW Price": 25,
    "WOW Size": "",
    "WOW ppu": ""
  },
  {
    "Brand_Product_Size": "Raw C Coconut Water 2l X4 Bundle",
    "WOW Price": 16,
    "WOW Size": "",
    "WOW ppu": "$2.00/ 1L"
  },
  {
    "Brand_Product_Size": "Macro Organic 6 Months+ Pear Pea Potato & Spinach 120g X6 Bundle",
    "WOW Price": 8,
    "WOW Size": "",
    "WOW ppu": "$1.11/ 100G"
  },
  {
    "Brand_Product_Size": "Farmers Union Natural Greek Style Yogurt 500g X3 Bundle",
    "WOW Price": 9.9,
    "WOW Size": "",
    "WOW ppu": "$0.66/100g"
  },
  {
    "Brand_Product_Size": "Woolworths Essentials Tape Packaging 3 Pack X2 Bundle",
    "WOW Price": 10,
    "WOW Size": "",
    "WOW ppu": "$5.00 / 1EA"
  },
  {
    "Brand_Product_Size": "Mars & Mixed Variety Party Pack Bundle",
    "WOW Price": 20,
    "WOW Size": "",
    "WOW ppu": ""
  },
  {
    "Brand_Product_Size": "Classic Italian Comfort Food Bundle",
    "WOW Price": 19,
    "WOW Size": "",
    "WOW ppu": ""
  },
  {
    "Brand_Product_Size": "Danone Yopro Pouch Blueberry 150g X10 Bundle",
    "WOW Price": 20,
    "WOW Size": "",
    "WOW ppu": "$1.43 / 100G"
  },
  {
    "Brand_Product_Size": "Vanilla Duo Candle Home Fragrance Bundle",
    "WOW Price": 15,
    "WOW Size": "",
    "WOW ppu": ""
  },
  {
    "Brand_Product_Size": "Celery And Philly Afternoon Snack Solution Bundle",
    "WOW Price": 6.2,
    "WOW Size": "",
    "WOW ppu": ""
  },
  {
    "Brand_Product_Size": "Mars & Mixed Variety Share Pack Bundle Small",
    "WOW Price": 10,
    "WOW Size": "",
    "WOW ppu": ""
  },
  {
    "Brand_Product_Size": "Bref Deluxe Jasmine 50g X 2 Bundle",
    "WOW Price": 7,
    "WOW Size": "",
    "WOW ppu": "$7/100g"
  },
  {
    "Brand_Product_Size": "Milky Chobani Greek Pots Yoghurt 170gx3 Assorted Bundle- Mango, Passionfruit & Raspberry",
    "WOW Price": 20,
    "WOW Size": "",
    "WOW ppu": ""
  },
  {
    "Brand_Product_Size": "Citrus Germ-free Bathroom Toilet Cleaner Bundle",
    "WOW Price": 14,
    "WOW Size": "",
    "WOW ppu": ""
  },
  {
    "Brand_Product_Size": "Cheese Selection #1",
    "WOW Price": 18.5,
    "WOW Size": "",
    "WOW ppu": ""
  },
  {
    "Brand_Product_Size": "Italian Family Feast Bundle",
    "WOW Price": 12.5,
    "WOW Size": "",
    "WOW ppu": ""
  },
  {
    "Brand_Product_Size": "Natural Prebiotic Coconut Water Bundle",
    "WOW Price": 15,
    "WOW Size": "",
    "WOW ppu": "$5/1l"
  },
  {
    "Brand_Product_Size": "Natures Gift Deli Rolls Chicken & Veg 1.4kg X2 Bundle",
    "WOW Price": 9,
    "WOW Size": "",
    "WOW ppu": "$0.32 / 100G"
  },
  {
    "Brand_Product_Size": "Winter Veggies With White Potato & Parsnip Bundle",
    "WOW Price": 21.2,
    "WOW Size": "",
    "WOW ppu": ""
  },
  {
    "Brand_Product_Size": "Macro Organic 6 Months+ Apple Banana & Blueberry Bircher Muesli 120g X6 Bundle",
    "WOW Price": 8,
    "WOW Size": "",
    "WOW ppu": "$1.11/ 100G"
  },
  {
    "Brand_Product_Size": "Nivea Men Black & White Deodorant Aerosol 151g X3 Bundle",
    "WOW Price": 13.5,
    "WOW Size": "",
    "WOW ppu": "$2.98 / 100G"
  },
  {
    "Brand_Product_Size": "Chux Easy Wash Dishwand Bundle",
    "WOW Price": 8,
    "WOW Size": "",
    "WOW ppu": ""
  },
  {
    "Brand_Product_Size": "Jalna Natural Greek Yoghurt 170g X5 Bundle",
    "WOW Price": 8,
    "WOW Size": "",
    "WOW ppu": "$0.94/100g"
  },
  {
    "Brand_Product_Size": "Cheese Platter Favourites Small (serves 2-4)",
    "WOW Price": 9.5,
    "WOW Size": "",
    "WOW ppu": ""
  },
  {
    "Brand_Product_Size": "Cheese Platter Favourites Small (serves 2-4)",
    "WOW Price": 9.5,
    "WOW Size": "",
    "WOW ppu": ""
  },
  {
    "Brand_Product_Size": "Glade Candle Angel Whispers 96g X2 Bundle",
    "WOW Price": 10,
    "WOW Size": "",
    "WOW ppu": "$5.21/100g"
  },
  {
    "Brand_Product_Size": "Nicabate 1.5mg Mini Lozenge 60pk X2 Bundle",
    "WOW Price": 58,
    "WOW Size": "",
    "WOW ppu": "$0.55/EA"
  },
  {
    "Brand_Product_Size": "Bostik Blu-tack 75g",
    "WOW Price": 4,
    "WOW Size": "",
    "WOW ppu": "$2.00 / 1EA"
  },
  {
    "Brand_Product_Size": "Mixed Fruit & Veggie 10pk Bundle",
    "WOW Price": 31.7,
    "WOW Size": "",
    "WOW ppu": ""
  },
  {
    "Brand_Product_Size": "Family Dinner Deal,  Beef Parmesan Napoli Ravioli & Garlic Bread Bundle",
    "WOW Price": 14,
    "WOW Size": "",
    "WOW ppu": ""
  },
  {
    "Brand_Product_Size": "Pine O Cleen Surface Wipes 120 Pack X 2 Bundle",
    "WOW Price": 16,
    "WOW Size": "",
    "WOW ppu": "$0.07 / 1EA"
  },
  {
    "Brand_Product_Size": "Remedy Kombucha Lemon & Ginger 4x250ml X 3 Bundle",
    "WOW Price": 22,
    "WOW Size": "",
    "WOW ppu": "$7.33 / 1L"
  },
  {
    "Brand_Product_Size": "Frankie & Friends Tidy Bag Refills 25 Pack X3 Bundle",
    "WOW Price": 12,
    "WOW Size": "",
    "WOW ppu": "$0.12 / 1 EA"
  },
  {
    "Brand_Product_Size": "Heinz Smooth Food 6 Months Creamy Banana Porridge 110g X6 Bundle",
    "WOW Price": 5.5,
    "WOW Size": "",
    "WOW ppu": "$0.83 / 100G"
  },
  {
    "Brand_Product_Size": "Farmer's Own Full Cream Milk 3l X 3 Bundle",
    "WOW Price": 13.5,
    "WOW Size": "",
    "WOW ppu": "$1.50 / L"
  },
  {
    "Brand_Product_Size": "Tropical Germ-free Bathroom Toilet Cleaner Limited Edition Bundle",
    "WOW Price": 14,
    "WOW Size": "",
    "WOW ppu": ""
  },
  {
    "Brand_Product_Size": "Scrap Notebook 72 Page X2 Bundle",
    "WOW Price": 3,
    "WOW Size": "",
    "WOW ppu": "$1.50 / 1EA"
  },
  {
    "Brand_Product_Size": "Old El Paso Hard Taco Mince Bundle",
    "WOW Price": 14.5,
    "WOW Size": "",
    "WOW ppu": ""
  },
  {
    "Brand_Product_Size": "Old El Paso Hard Taco Mince Bundle",
    "WOW Price": 14.5,
    "WOW Size": "",
    "WOW ppu": ""
  },
  {
    "Brand_Product_Size": "Old El Paso Hard Taco Mince Bundle",
    "WOW Price": 14.5,
    "WOW Size": "",
    "WOW ppu": ""
  },
  {
    "Brand_Product_Size": "Bulla Icy Pops Lemonade, Raspberry & Cola Multi 10pk X3 Bundle",
    "WOW Price": 10,
    "WOW Size": "",
    "WOW ppu": "$0.71 / 100ML"
  },
  {
    "Brand_Product_Size": "Heinz Mashed Food 6 Months Apple & Blueberry 110g X12 Bundle",
    "WOW Price": 10,
    "WOW Size": "",
    "WOW ppu": "$0.76 / 100G"
  },
  {
    "Brand_Product_Size": "Glade 2 In 1 Candle Passionfruit Hawaiian Breeze 96g X2 Bundle",
    "WOW Price": 10,
    "WOW Size": "",
    "WOW ppu": "$5.21/100g"
  },
  {
    "Brand_Product_Size": "Pink Coconut Water Refreshment Bundle",
    "WOW Price": 15,
    "WOW Size": "",
    "WOW ppu": "$5/1l"
  },
  {
    "Brand_Product_Size": "Flavoured Popcorn Bundle",
    "WOW Price": 5.6,
    "WOW Size": "",
    "WOW ppu": ""
  },
  {
    "Brand_Product_Size": "Macro Classic Tofu Regular 500g X3 Bundle",
    "WOW Price": 9,
    "WOW Size": "",
    "WOW ppu": "$0.67 / 100G"
  },
  {
    "Brand_Product_Size": "Macro Organic 6 Months+ Pumpkin Sweetcorn Potato & Carrot 120g X6 Bundle",
    "WOW Price": 8,
    "WOW Size": "",
    "WOW ppu": "$1.11/ 100G"
  },
  {
    "Brand_Product_Size": "Tasty Jerky Bundle",
    "WOW Price": 13.65,
    "WOW Size": "",
    "WOW ppu": ""
  },
  {
    "Brand_Product_Size": "Mars, Snickers & Mixed Variety Sharepack Bundle",
    "WOW Price": 15,
    "WOW Size": "",
    "WOW ppu": ""
  },
  {
    "Brand_Product_Size": "Heinz Strained Food 4 Months 100% Pear & Banana 110g X6 Bundle",
    "WOW Price": 5.5,
    "WOW Size": "",
    "WOW ppu": "$0.83 / 100G"
  },
  {
    "Brand_Product_Size": "Macro Organic 6 Months+ Lamb With Vegetables 120g X6 Bundle",
    "WOW Price": 8,
    "WOW Size": "",
    "WOW ppu": "$1.11/ 100G"
  },
  {
    "Brand_Product_Size": "Macro Organic 6 Months+ Sweet Potato Carrot & Zucchini 120g X6 Bundle",
    "WOW Price": 8,
    "WOW Size": "",
    "WOW ppu": "$1.11/ 100G"
  },
  {
    "Brand_Product_Size": "Duck Deep Action Gel Lavender 750ml X3 Bundle",
    "WOW Price": 10.5,
    "WOW Size": "",
    "WOW ppu": "$4.67/100mL"
  },
  {
    "Brand_Product_Size": "Baton Bubble Stick X6 Bundle",
    "WOW Price": 3,
    "WOW Size": "",
    "WOW ppu": "$0.83/ Each"
  },
  {
    "Brand_Product_Size": "Glen 20 Spray Disinfectant Country Scent 375g X3 Bundle",
    "WOW Price": 19,
    "WOW Size": "",
    "WOW ppu": "$16.80 / 1KG"
  },
  {
    "Brand_Product_Size": "Gippsland Dairy Twist Blueberry Yoghurt 720g X2 Bundle",
    "WOW Price": 12,
    "WOW Size": "",
    "WOW ppu": "$0.83/100g"
  },
  {
    "Brand_Product_Size": "Moccona Capsules Lungo 8 Compatible With Nespresso 10 Pack X3 Bundle",
    "WOW Price": 10,
    "WOW Size": "",
    "WOW ppu": "$0.33 / Each"
  },
  {
    "Brand_Product_Size": "Moccona Capsules Lungo 8 Compatible With Nespresso 10 Pack X3 Bundle",
    "WOW Price": 10,
    "WOW Size": "",
    "WOW ppu": "$0.33 / Each"
  },
  {
    "Brand_Product_Size": "Natures Gift Beef & Veg Rolls 200g X5 Bundle",
    "WOW Price": 6,
    "WOW Size": "",
    "WOW ppu": "$0.60 / 100G"
  },
  {
    "Brand_Product_Size": "Baby Mum Mum Snack Banana Rice Rusk 18 Pack X2 Bundle",
    "WOW Price": 5,
    "WOW Size": "",
    "WOW ppu": "$6.94/ 100g"
  },
  {
    "Brand_Product_Size": "Bref Scent Switch Juicy Peach X 2 Bundle",
    "WOW Price": 7,
    "WOW Size": "",
    "WOW ppu": "$7/100g"
  },
  {
    "Brand_Product_Size": "Copy Paper X5 Bundle",
    "WOW Price": 20,
    "WOW Size": "",
    "WOW ppu": "$4.00 / EA"
  },
  {
    "Brand_Product_Size": "Nicabate 4mg Mini Lozenge 20pk X2 Bundle",
    "WOW Price": 21,
    "WOW Size": "",
    "WOW ppu": "$0.64/EA"
  },
  {
    "Brand_Product_Size": "Heinz Strained Food 4 Months 100% Pear And Banana 110g X12 Bundle",
    "WOW Price": 10,
    "WOW Size": "",
    "WOW ppu": "$0.76 / 100G"
  },
  {
    "Brand_Product_Size": "Bbq Heat Beads 4kg X3 Bundle",
    "WOW Price": 25,
    "WOW Size": "",
    "WOW ppu": "$8.33/ Each"
  },
  {
    "Brand_Product_Size": "South Cape Selection",
    "WOW Price": 15,
    "WOW Size": "",
    "WOW ppu": ""
  },
  {
    "Brand_Product_Size": "South Cape Selection",
    "WOW Price": 15,
    "WOW Size": "",
    "WOW ppu": ""
  },
  {
    "Brand_Product_Size": "Medium Mars & Mixed Variety Sharepack Bundle",
    "WOW Price": 15,
    "WOW Size": "",
    "WOW ppu": ""
  },
  {
    "Brand_Product_Size": "Dinner For 2, Creamy Beef Tomato Parmesan Ravioli & Garlic Bread Bundle",
    "WOW Price": 9.5,
    "WOW Size": "",
    "WOW ppu": ""
  },
  {
    "Brand_Product_Size": "Metamucil 114d Smooth Orange X2 Bundle",
    "WOW Price": 48,
    "WOW Size": "",
    "WOW ppu": "$4.01/EA"
  },
  {
    "Brand_Product_Size": "Chobani No Fat Strawberry Yoghurt 170g X10 Bundle",
    "WOW Price": 20,
    "WOW Size": "",
    "WOW ppu": "$1.18/100g"
  },
  {
    "Brand_Product_Size": "Glad Tuff Stuff Drawstring Garbage Bags 20pk X2 Bundle",
    "WOW Price": 12,
    "WOW Size": "",
    "WOW ppu": "$0.30 / 1EA"
  },
  {
    "Brand_Product_Size": "Danone Activia Yoghurt Vanilla 4 Pack X4 Bundle",
    "WOW Price": 16,
    "WOW Size": "",
    "WOW ppu": "$0.80 / 100G"
  },
  {
    "Brand_Product_Size": "Vicks Vapodrops Original X2 Bundle",
    "WOW Price": 7,
    "WOW Size": "",
    "WOW ppu": "$0.16/EA"
  },
  {
    "Brand_Product_Size": "Baby Mum Mum Snack Vegetable Rice Rusk 36g X2 Bundle",
    "WOW Price": 5,
    "WOW Size": "",
    "WOW ppu": "$6.94/ 100g"
  },
  {
    "Brand_Product_Size": "Baby Mum Mum Organic Rice Rusk Sweet Potato & Carrot 36g X2 Bundle",
    "WOW Price": 5,
    "WOW Size": "",
    "WOW ppu": "$6.94/ 100g"
  },
  {
    "Brand_Product_Size": "The Culture Co Probiotic Kefir Natural 1kg X2 Bundle",
    "WOW Price": 12,
    "WOW Size": "",
    "WOW ppu": "$0.60/100g"
  },
  {
    "Brand_Product_Size": "Morning Fresh Bulk Buy Lemon 400ml X5 Bundle",
    "WOW Price": 12.5,
    "WOW Size": "",
    "WOW ppu": "$2.50 / EA"
  },
  {
    "Brand_Product_Size": "Macro Organic 6 Months+ Beef With Vegetables & Rice 120g X6 Bundle",
    "WOW Price": 8,
    "WOW Size": "",
    "WOW ppu": "$1.11/ 100G"
  },
  {
    "Brand_Product_Size": "Apple Iphone Pink Cable Charger X2 Bundle",
    "WOW Price": 30,
    "WOW Size": "",
    "WOW ppu": "$20.00 / EA"
  },
  {
    "Brand_Product_Size": "Macro Organic Baked Beans 420g X12 Bundle",
    "WOW Price": 12,
    "WOW Size": "",
    "WOW ppu": "$0.24 / 100G"
  },
  {
    "Brand_Product_Size": "Old El Paso Soft Taco Kit X6 Bundle",
    "WOW Price": 30,
    "WOW Size": "",
    "WOW ppu": "$1.23/100g"
  },
  {
    "Brand_Product_Size": "Heinz Fruity Pear Jar 110g X6 Bundle",
    "WOW Price": 5.5,
    "WOW Size": "",
    "WOW ppu": "$0.83 / 100G"
  },
  {
    "Brand_Product_Size": "Heinz Mashed Food 6 Months Apple & Blueberry Muesli 110g X6 Bundle",
    "WOW Price": 5.5,
    "WOW Size": "",
    "WOW ppu": "$0.83 / 100G"
  },
  {
    "Brand_Product_Size": "Chobani No Fat Plain Yoghurt 907g X3 Bundle",
    "WOW Price": 18,
    "WOW Size": "",
    "WOW ppu": "$0.66/100g"
  },
  {
    "Brand_Product_Size": "Heinz Pureed Food 4 Months Fruity Apple 110g X12 Bundle",
    "WOW Price": 10,
    "WOW Size": "",
    "WOW ppu": "$0.76 / 100G"
  },
  {
    "Brand_Product_Size": "Redheads Wrapped Firelighter 20pk X4 Bundle",
    "WOW Price": 10,
    "WOW Size": "",
    "WOW ppu": "$0.14 each"
  },
  {
    "Brand_Product_Size": "Karicare Follow-on Formula Stage 2 6-12 Months X 3 Bundle",
    "WOW Price": 50,
    "WOW Size": "",
    "WOW ppu": "$1.85/100g"
  },
  {
    "Brand_Product_Size": "Remedy Kombucha Raspberry Lemonade 4x250ml X 3 Bundle",
    "WOW Price": 22,
    "WOW Size": "",
    "WOW ppu": "$7.33 / 1L"
  },
  {
    "Brand_Product_Size": "Aqualove Alkaline Water 1l X6 Bundle",
    "WOW Price": 13.5,
    "WOW Size": "",
    "WOW ppu": "$2.25 per 1L"
  },
  {
    "Brand_Product_Size": "Woolworths Natural Tasty Cheese & Crackers 1pk X5 Bundle",
    "WOW Price": 7,
    "WOW Size": "",
    "WOW ppu": "$2.80/100g"
  },
  {
    "Brand_Product_Size": "Macro Organic 6 Months+ Chicken With Sweetcorn & Pasta 120g X6 Bundle",
    "WOW Price": 8,
    "WOW Size": "",
    "WOW ppu": "$1.11/ 100G"
  },
  {
    "Brand_Product_Size": "Chobani Low Fat Mango Yoghurt 170g X10 Bundle",
    "WOW Price": 20,
    "WOW Size": "",
    "WOW ppu": "$1.18/100g"
  },
  {
    "Brand_Product_Size": "Dairy Farmers Thick & Creamy Mango & Passionfruit Yoghurt 600g X3 Bundle",
    "WOW Price": 12,
    "WOW Size": "",
    "WOW ppu": "$0.67/100g"
  },
  {
    "Brand_Product_Size": "Gippsland Dairy Twist Smooth & Creamy Plain Yoghurt 720g X2 Bundle",
    "WOW Price": 12,
    "WOW Size": "",
    "WOW ppu": "$0.83/100g"
  },
  {
    "Brand_Product_Size": "Danone Activia Yoghurt Mango 4 Pack X4 Bundle",
    "WOW Price": 16,
    "WOW Size": "",
    "WOW ppu": "$0.80 / 100G"
  },
  {
    "Brand_Product_Size": "Moccona Capsules Espresso 10 Compatible With Nespresso 10 Pack X3 Bundle",
    "WOW Price": 10,
    "WOW Size": "",
    "WOW ppu": "$0.33 / Each"
  },
  {
    "Brand_Product_Size": "Moccona Capsules Espresso 10 Compatible With Nespresso 10 Pack X3 Bundle",
    "WOW Price": 10,
    "WOW Size": "",
    "WOW ppu": "$0.33 / Each"
  },
  {
    "Brand_Product_Size": "Dinner For 2, Ricotta & Roast Vegie Tortellini & Garlic Bread Bundle",
    "WOW Price": 9.5,
    "WOW Size": "",
    "WOW ppu": ""
  },
  {
    "Brand_Product_Size": "Quorn 'meat Free' Mince 300g X5 Bundle",
    "WOW Price": 20,
    "WOW Size": "",
    "WOW ppu": "$1.33 / 100G"
  },
  {
    "Brand_Product_Size": "Beef Jerky And Raspberry Lemonade Kombucha Bundle",
    "WOW Price": 9.5,
    "WOW Size": "",
    "WOW ppu": ""
  },
  {
    "Brand_Product_Size": "Beef Jerky And Raspberry Lemonade Kombucha Bundle",
    "WOW Price": 9.5,
    "WOW Size": "",
    "WOW ppu": ""
  },
  {
    "Brand_Product_Size": "Chips And Guac Bundle",
    "WOW Price": 9,
    "WOW Size": "",
    "WOW ppu": ""
  },
  {
    "Brand_Product_Size": "Chips And Guac Bundle",
    "WOW Price": 9,
    "WOW Size": "",
    "WOW ppu": ""
  },
  {
    "Brand_Product_Size": "Flavoured Nuts Bundle",
    "WOW Price": 10.98,
    "WOW Size": "",
    "WOW ppu": ""
  },
  {
    "Brand_Product_Size": "Birds Eye Microwave Chips 140g Crinkle X 2 Bundle",
    "WOW Price": 4,
    "WOW Size": "",
    "WOW ppu": "14.29/1kg"
  },
  {
    "Brand_Product_Size": "Mission Corn Chips Cheesy Nacho 230g X6 Bundle",
    "WOW Price": 15,
    "WOW Size": "",
    "WOW ppu": "$1.09 / 100G"
  },
  {
    "Brand_Product_Size": "Award Winning Red Wine Bundle",
    "WOW Price": 80,
    "WOW Size": "",
    "WOW ppu": ""
  },
  {
    "Brand_Product_Size": "Large Snickers & Mixed Variety Sharepack Bundle",
    "WOW Price": 20,
    "WOW Size": "",
    "WOW ppu": ""
  },
  {
    "Brand_Product_Size": "Salted Nuts Snack Bundle",
    "WOW Price": 13.99,
    "WOW Size": "",
    "WOW ppu": ""
  },
  {
    "Brand_Product_Size": "Easy Liner Super Grip Mat X2 Bundle",
    "WOW Price": 19.99,
    "WOW Size": "",
    "WOW ppu": "$9.99 each"
  },
  {
    "Brand_Product_Size": "Karicare Infant Formula Stage 1 From Birth X 3 Bundle",
    "WOW Price": 50,
    "WOW Size": "",
    "WOW ppu": "$1.85/100g"
  },
  {
    "Brand_Product_Size": "Duck Deep Action Gel Pine 750ml X3 Bundle",
    "WOW Price": 10.5,
    "WOW Size": "",
    "WOW ppu": "$4.67/100mL"
  },
  {
    "Brand_Product_Size": "Snickers & Mixed Variety Party Pack Bundle",
    "WOW Price": 20,
    "WOW Size": "",
    "WOW ppu": ""
  },
  {
    "Brand_Product_Size": "Evian Natural Mineral Water 1.25l X6 Bundle",
    "WOW Price": 18,
    "WOW Size": "",
    "WOW ppu": "$2.40 / 1l"
  },
  {
    "Brand_Product_Size": "Dairy Farmers Thick & Creamy Strawberry Yoghurt 600g X3 Bundle",
    "WOW Price": 12,
    "WOW Size": "",
    "WOW ppu": "$0.67/100g"
  },
  {
    "Brand_Product_Size": "Macro Organic 6 Months+ Pumpkin Spinach Ricotta & Pasta 120g X6 Bundle",
    "WOW Price": 8,
    "WOW Size": "",
    "WOW ppu": "$1.11/ 100G"
  },
  {
    "Brand_Product_Size": "Mars & Snickers Sharepack Bundle",
    "WOW Price": 10,
    "WOW Size": "",
    "WOW ppu": ""
  },
  {
    "Brand_Product_Size": "Evian Spring Still Water 750ml X6 Bundle",
    "WOW Price": 15,
    "WOW Size": "",
    "WOW ppu": "$3.33 / 1l"
  },
  {
    "Brand_Product_Size": "Omo Sensitive Laundry Detergent Liquid Front & Top Loader 4l X 3 Bundle",
    "WOW Price": 60,
    "WOW Size": "",
    "WOW ppu": "5/1l"
  },
  {
    "Brand_Product_Size": "Damp Rid Moisture Absorber 300g X3 Bundle",
    "WOW Price": 18,
    "WOW Size": "",
    "WOW ppu": "$6.00/each"
  },
  {
    "Brand_Product_Size": "Quilton Tuffy White Paper Towels 4ply X3 Bundle",
    "WOW Price": 10,
    "WOW Size": "",
    "WOW ppu": "$1.85 / 100SS"
  },
  {
    "Brand_Product_Size": "Baby Macro Organic 6 Months+ Apple & Pear 120g X6 Bundle",
    "WOW Price": 8,
    "WOW Size": "",
    "WOW ppu": "$1.11/ 100G"
  },
  {
    "Brand_Product_Size": "Spiraxnotebook A4 Bundle X3 Bundle",
    "WOW Price": 12,
    "WOW Size": "",
    "WOW ppu": "$4.00/ Each"
  },
  {
    "Brand_Product_Size": "Jalna Greek Yoghurt 2kg X2 Bundle",
    "WOW Price": 20,
    "WOW Size": "",
    "WOW ppu": "$0.50/100g"
  },
  {
    "Brand_Product_Size": "Chobani Greek Yoghurt Plain Whole Milk 907g X3 Bundle",
    "WOW Price": 18,
    "WOW Size": "",
    "WOW ppu": "$0.66/100g"
  },
  {
    "Brand_Product_Size": "Mint Key Kitchen Items Bundle",
    "WOW Price": 25,
    "WOW Size": "",
    "WOW ppu": ""
  },
  {
    "Brand_Product_Size": "Heinz Strained Food 4 Months Pumpkin Potato & Beef 110g X12 Bundle",
    "WOW Price": 10,
    "WOW Size": "",
    "WOW ppu": "$0.76 / 100G"
  },
  {
    "Brand_Product_Size": "Danone Yopro Pouch Banana 150g X10 Bundle",
    "WOW Price": 20,
    "WOW Size": "",
    "WOW ppu": "$1.43 / 100G"
  },
  {
    "Brand_Product_Size": "Osmocote Plus Organics X3 Bundle",
    "WOW Price": 24,
    "WOW Size": "",
    "WOW ppu": "$1.04/100g"
  },
  {
    "Brand_Product_Size": "Annalisa Diced Tomatoes 800g X6 Bundle",
    "WOW Price": 12,
    "WOW Size": "",
    "WOW ppu": "$2.50 / 1KG"
  },
  {
    "Brand_Product_Size": "Heinz Pureed Food 4 Months Fruity Apple 110g X6 Bundle",
    "WOW Price": 5.5,
    "WOW Size": "",
    "WOW ppu": "$0.83 / 100G"
  },
  {
    "Brand_Product_Size": "Old El Paso Hard N Soft Taco Kit X6 Bundle",
    "WOW Price": 30,
    "WOW Size": "",
    "WOW ppu": "$1.43/100g"
  },
  {
    "Brand_Product_Size": "Bref Blue Water Toilet Bowl Cleaner Bundle",
    "WOW Price": 7,
    "WOW Size": "",
    "WOW ppu": ""
  },
  {
    "Brand_Product_Size": "Nicabate 4mg Mini Lozenge 60pk X2 Bundle",
    "WOW Price": 58,
    "WOW Size": "",
    "WOW ppu": "$0.55/EA"
  },
  {
    "Brand_Product_Size": "Avocado Shepard X20 Bundle",
    "WOW Price": 47.5,
    "WOW Size": "",
    "WOW ppu": "$2.40 / Each"
  },
  {
    "Brand_Product_Size": "Woolworths Essentials Folder A4 Sheet Protector 100 Pack X2 Bundle",
    "WOW Price": 7,
    "WOW Size": "",
    "WOW ppu": "$3.50 / 1EA"
  },
  {
    "Brand_Product_Size": "Large Mars & Mixed Variety Sharepack Bundle",
    "WOW Price": 20,
    "WOW Size": "",
    "WOW ppu": ""
  },
  {
    "Brand_Product_Size": "Jackson 4 Outlet Surge Powerboard X2 Bundle",
    "WOW Price": 27.2,
    "WOW Size": "",
    "WOW ppu": "$13.60/each"
  },
  {
    "Brand_Product_Size": "Moccona Capsules Ristretto 12 Compatible With Nespresso 10 Pack X3 Bundle",
    "WOW Price": 10,
    "WOW Size": "",
    "WOW ppu": "$0.33 / Each"
  },
  {
    "Brand_Product_Size": "Moccona Capsules Ristretto 12 Compatible With Nespresso 10 Pack X3 Bundle",
    "WOW Price": 10,
    "WOW Size": "",
    "WOW ppu": "$0.33 / Each"
  },
  {
    "Brand_Product_Size": "Wa Cabernet Merlot Lovers 6pk Bundle",
    "WOW Price": 69,
    "WOW Size": "",
    "WOW ppu": ""
  },
  {
    "Brand_Product_Size": "Water Wipes Baby Wipes 180 Pack X2 Bundle",
    "WOW Price": 30,
    "WOW Size": "",
    "WOW ppu": "$8.33/ 100EA"
  },
  {
    "Brand_Product_Size": "Experience The Barossa Bundle",
    "WOW Price": 84,
    "WOW Size": "",
    "WOW ppu": ""
  },
  {
    "Brand_Product_Size": "Nivea Men Invisible Black & White Roll On 50ml X3 Bundle",
    "WOW Price": 8,
    "WOW Size": "",
    "WOW ppu": "$5.33 / 100ML"
  },
  {
    "Brand_Product_Size": "Moccona Capsules Espresso 7 Compatible With Nespresso 10 Pack X3 Bundle",
    "WOW Price": 10,
    "WOW Size": "",
    "WOW ppu": "$0.33 / Each"
  },
  {
    "Brand_Product_Size": "Moccona Capsules Espresso 7 Compatible With Nespresso 10 Pack X3 Bundle",
    "WOW Price": 10,
    "WOW Size": "",
    "WOW ppu": "$0.33 / Each"
  },
  {
    "Brand_Product_Size": "Duck Toilet Fresh Disc Marine 36ml X3 Bundle",
    "WOW Price": 12,
    "WOW Size": "",
    "WOW ppu": "$11.11/100mL"
  },
  {
    "Brand_Product_Size": "Damp Rid Moisture Absorber 300g X5 Bundle",
    "WOW Price": 25,
    "WOW Size": "",
    "WOW ppu": "$5.00/each"
  },
  {
    "Brand_Product_Size": "Hygiene Plus Powder Free 100pk X2 Bundle",
    "WOW Price": 15,
    "WOW Size": "",
    "WOW ppu": "$0.08 each"
  },
  {
    "Brand_Product_Size": "Lemnos Haloumi 180g X3 Bundle",
    "WOW Price": 15,
    "WOW Size": "",
    "WOW ppu": "$2.77/100g"
  },
  {
    "Brand_Product_Size": "Command Picture Hanging Strip 4 Pack X3 Bundle",
    "WOW Price": 18,
    "WOW Size": "",
    "WOW ppu": "$6.00/ Each"
  },
  {
    "Brand_Product_Size": "Bref Apple, Peach And Lily Toilet Cleaner Bundle",
    "WOW Price": 7,
    "WOW Size": "",
    "WOW ppu": ""
  },
  {
    "Brand_Product_Size": "Duck Toilet Fresh Disc Lavender 36ml X3 Bundle",
    "WOW Price": 12,
    "WOW Size": "",
    "WOW ppu": "$11.11/100mL"
  },
  {
    "Brand_Product_Size": "Medium Snickers & Mixed Variety Sharepack Bundle",
    "WOW Price": 15,
    "WOW Size": "",
    "WOW ppu": ""
  },
  {
    "Brand_Product_Size": "Heinz Smooth Food 6 Months Creamy Banana Porridge 110g X12 Bundle",
    "WOW Price": 10,
    "WOW Size": "",
    "WOW ppu": "$0.76 / 100G"
  },
  {
    "Brand_Product_Size": "Mint Pan Bundle",
    "WOW Price": 30,
    "WOW Size": "",
    "WOW ppu": ""
  },
  {
    "Brand_Product_Size": "Duck Deep Action Gel Citrus 750ml X3 Bundle",
    "WOW Price": 10.5,
    "WOW Size": "",
    "WOW ppu": "$4.67/100mL"
  },
  {
    "Brand_Product_Size": "Glade Candle Vanilla 96g X2 Bundle",
    "WOW Price": 10,
    "WOW Size": "",
    "WOW ppu": "$5.21/100g"
  },
  {
    "Brand_Product_Size": "Classic Dinner Bundle",
    "WOW Price": 42,
    "WOW Size": "",
    "WOW ppu": ""
  },
  {
    "Brand_Product_Size": "Fluffy Fabric Softener Jasmine Refill Sachet 250ml X3 Bundle",
    "WOW Price": 5,
    "WOW Size": "",
    "WOW ppu": ""
  },
  {
    "Brand_Product_Size": "Oakwood Leather Wipes 20pk X3 Bundle",
    "WOW Price": 12,
    "WOW Size": "",
    "WOW ppu": "$4.00/each"
  },
  {
    "Brand_Product_Size": "Poppin Microwave Popcorn Triple Butter Flavour100g X 3 Bundle",
    "WOW Price": 3,
    "WOW Size": "",
    "WOW ppu": "$1.00 / G"
  },
  {
    "Brand_Product_Size": "Strike Cleaning Wipes Family Pack Apple  X5 Bundle",
    "WOW Price": 17.5,
    "WOW Size": "",
    "WOW ppu": "$3.50/each"
  },
  {
    "Brand_Product_Size": "Omo Active Clean Laundry Liquid Detergent Front & Top Loader 4l X 3 Bundle",
    "WOW Price": 60,
    "WOW Size": "",
    "WOW ppu": "5/1l"
  },
  {
    "Brand_Product_Size": "Danone Activia Yoghurt Berries 4 Pack X4 Bundle",
    "WOW Price": 16,
    "WOW Size": "",
    "WOW ppu": "$0.80 / 100G"
  },
  {
    "Brand_Product_Size": "Energizer Max Aaa Batteries 14 Pack X2 Bundle",
    "WOW Price": 30,
    "WOW Size": "",
    "WOW ppu": "$15.00/ Each"
  },
  {
    "Brand_Product_Size": "Snickers & Mixed Variety Sharepack Bundle Small",
    "WOW Price": 10,
    "WOW Size": "",
    "WOW ppu": ""
  },
  {
    "Brand_Product_Size": "Finlandia Helsinki Mule With Vodka & Ginger Ale Bundle",
    "WOW Price": 35,
    "WOW Size": "",
    "WOW ppu": ""
  },
  {
    "Brand_Product_Size": "Beef Jerky And Ginger Kombucha Snack Bundle",
    "WOW Price": 10,
    "WOW Size": "",
    "WOW ppu": ""
  },
  {
    "Brand_Product_Size": "Beef Jerky And Ginger Kombucha Snack Bundle",
    "WOW Price": 10,
    "WOW Size": "",
    "WOW ppu": ""
  },
  {
    "Brand_Product_Size": "Chobani Greek Pots Yoghurt 170gx3 Assorted Bundle- Vanilla, Strawberry & Blueberry",
    "WOW Price": 20,
    "WOW Size": "",
    "WOW ppu": ""
  },
  {
    "Brand_Product_Size": "Bertolli Spread Classic 500g X3 Bundle",
    "WOW Price": 9,
    "WOW Size": "",
    "WOW ppu": "$0.43/100g"
  },
  {
    "Brand_Product_Size": "Gippsland Toffee Honeycomb Yoghurt 720g X2 Bundle",
    "WOW Price": 12,
    "WOW Size": "",
    "WOW ppu": "$0.83/100g"
  },
  {
    "Brand_Product_Size": "Woolworths Cream Cheese Block 225g X4 Bundle",
    "WOW Price": 12,
    "WOW Size": "",
    "WOW ppu": "$1.33/100g"
  },
  {
    "Brand_Product_Size": "Mutti Finely Chopped Tomatoes 400g X12 Bundle",
    "WOW Price": 14,
    "WOW Size": "",
    "WOW ppu": "$2.92 / 1KG"
  },
  {
    "Brand_Product_Size": "Uncle Tobys Chewy Muesli Bars 4 Set Variety Bundle",
    "WOW Price": 16,
    "WOW Size": "",
    "WOW ppu": ""
  },
  {
    "Brand_Product_Size": "Uncle Tobys Chewy Muesli Bars 4 Set Variety Bundle",
    "WOW Price": 16,
    "WOW Size": "",
    "WOW ppu": ""
  },
  {
    "Brand_Product_Size": "Windex Glass Cleaner Trigger 500ml X3 Bundle",
    "WOW Price": 10,
    "WOW Size": "",
    "WOW ppu": "$0.60/100mL"
  },
  {
    "Brand_Product_Size": "Edco Handy Sponge 5pk X2 Bundle",
    "WOW Price": 2.59,
    "WOW Size": "",
    "WOW ppu": "$0.52 each"
  },
  {
    "Brand_Product_Size": "Chobani Low Fat Passionfruit Yoghurt 170g X10 Bundle",
    "WOW Price": 20,
    "WOW Size": "",
    "WOW ppu": "$1.18/100g"
  },
  {
    "Brand_Product_Size": "Finish 0% Dishwasher Tablets 60 Pack X 2 Bundle",
    "WOW Price": 52,
    "WOW Size": "",
    "WOW ppu": "$0.43 / 1EA"
  },
  {
    "Brand_Product_Size": "Pine O Cleen Surface Wipes Lemonlime 120pk X4 Bundle",
    "WOW Price": 30,
    "WOW Size": "",
    "WOW ppu": "$0.06 / 1EA"
  },
  {
    "Brand_Product_Size": "Morning Fresh Dishwashing Liquid 400ml  X5 Bundle",
    "WOW Price": 12.5,
    "WOW Size": "",
    "WOW ppu": "$2.50 / EA"
  },
  {
    "Brand_Product_Size": "Lemnos Fetta And Halloumi Bundle",
    "WOW Price": 9,
    "WOW Size": "",
    "WOW ppu": ""
  },
  {
    "Brand_Product_Size": "Schick Intuition Blade Refill 3pk X2 Bundle",
    "WOW Price": 20,
    "WOW Size": "",
    "WOW ppu": "$3.33 / 1EA"
  },
  {
    "Brand_Product_Size": "Chobani No Fat Plain Yoghurt 170g X10 Bundle",
    "WOW Price": 20,
    "WOW Size": "",
    "WOW ppu": "$1.18/100g"
  },
  {
    "Brand_Product_Size": "Danone Activia Yoghurt Strawberry 4 Pack X4 Bundle",
    "WOW Price": 16,
    "WOW Size": "",
    "WOW ppu": "$0.80 / 100G"
  },
  {
    "Brand_Product_Size": "Duck Active Foam Citrus 38.6g X3 Bundle",
    "WOW Price": 9,
    "WOW Size": "",
    "WOW ppu": "$7.77/100g"
  },
  {
    "Brand_Product_Size": "Lemnos Fetta 200g X3 Bundle",
    "WOW Price": 12,
    "WOW Size": "",
    "WOW ppu": "$2.00/100g"
  },
  {
    "Brand_Product_Size": "Duck Toilet Fresh Disc Citrus 36ml X3 Bundle",
    "WOW Price": 12,
    "WOW Size": "",
    "WOW ppu": "$11.11/100mL"
  },
  {
    "Brand_Product_Size": "Mission Tortillas Strip White Corn 230g X6 Bundle",
    "WOW Price": 15,
    "WOW Size": "",
    "WOW ppu": "$1.09/100g"
  },
  {
    "Brand_Product_Size": "Poppin Microwave Popcorn Butter Flavour 100g X 3 Bundle",
    "WOW Price": 3,
    "WOW Size": "",
    "WOW ppu": "$1.00 / G"
  },
  {
    "Brand_Product_Size": "La Costena Mexican Style Whole Black 400g X 6 Bundle",
    "WOW Price": 10,
    "WOW Size": "",
    "WOW ppu": "$0.42/100g"
  },
  {
    "Brand_Product_Size": "Birds Eye Microwave Chips 140g Straight X 2 Bundle",
    "WOW Price": 4,
    "WOW Size": "",
    "WOW ppu": "14.29/1kg"
  },
  {
    "Brand_Product_Size": "Poppin Microwave Popcorn Sea Salt Flavour100g X 3 Bundle",
    "WOW Price": 3,
    "WOW Size": "",
    "WOW ppu": "$1.00 / G"
  },
  {
    "Brand_Product_Size": "Mission Tortillas Burrito 12pk X10 Bundle",
    "WOW Price": 30,
    "WOW Size": "",
    "WOW ppu": "$0.52/100g"
  },
  {
    "Brand_Product_Size": "Little Bellies Sultanas 6 Pack X3 Bundle",
    "WOW Price": 5,
    "WOW Size": "",
    "WOW ppu": "$1.98/100g"
  },
  {
    "Brand_Product_Size": "Poppin Microwave Popcorn Lite Butter Flavour 85g X 3 Bundle",
    "WOW Price": 3,
    "WOW Size": "",
    "WOW ppu": "$1.18 / G"
  },
  {
    "Brand_Product_Size": "Evian Spring Still Water 330ml X6 Bundle",
    "WOW Price": 10,
    "WOW Size": "",
    "WOW ppu": "$5.03 / 1l"
  },
  {
    "Brand_Product_Size": "Evian Spring Still Water 330ml X6 Bundle",
    "WOW Price": 10,
    "WOW Size": "",
    "WOW ppu": "$5.03 / 1l"
  },
  {
    "Brand_Product_Size": "Nivea Black & White Deodorant 151g X3 Bundle",
    "WOW Price": 13.5,
    "WOW Size": "",
    "WOW ppu": "$1.80 / 100ML"
  },
  {
    "Brand_Product_Size": "Glad Baking Paper 25m X2 Bundle",
    "WOW Price": 10,
    "WOW Size": "",
    "WOW ppu": "$0.20 / 1M"
  },
  {
    "Brand_Product_Size": "Heinz Fruity Pear Jar 110g X12 Bundle",
    "WOW Price": 10,
    "WOW Size": "",
    "WOW ppu": "$0.76 / 100G"
  },
  {
    "Brand_Product_Size": "Duck Active Foam Marine 38.6g X3 Bundle",
    "WOW Price": 9,
    "WOW Size": "",
    "WOW ppu": "$7.77/100g"
  },
  {
    "Brand_Product_Size": "Bref Blue Water Eucalyptus 50g X 2 Bundle",
    "WOW Price": 7,
    "WOW Size": "",
    "WOW ppu": "$7/100g"
  },
  {
    "Brand_Product_Size": "Annalisa Red Kidney Beans 400g X12 Bundle",
    "WOW Price": 12,
    "WOW Size": "",
    "WOW ppu": "$2.50 / 1KG"
  },
  {
    "Brand_Product_Size": "S&w Whole Egg Mayo 440g X3 Bundle",
    "WOW Price": 12,
    "WOW Size": "",
    "WOW ppu": "$0.91 / 100G"
  },
  {
    "Brand_Product_Size": "India Gate Rice 5kg X4 Bundle",
    "WOW Price": 48,
    "WOW Size": "",
    "WOW ppu": "$0.24/100g"
  },
  {
    "Brand_Product_Size": "Glade Hang It Fresh Cool Fresh 8g X3 Bundle",
    "WOW Price": 6,
    "WOW Size": "",
    "WOW ppu": "$25/100g"
  },
  {
    "Brand_Product_Size": "Bref Deluxe Moonflower 50g X 2 Bundle",
    "WOW Price": 7,
    "WOW Size": "",
    "WOW ppu": "$7/100g"
  },
  {
    "Brand_Product_Size": "Dettol Surface Wipes 120pk X4 Bundle",
    "WOW Price": 30,
    "WOW Size": "",
    "WOW ppu": "$0.06 / 1EA"
  },
  {
    "Brand_Product_Size": "Bref Purple Water Lavender 50g X 2 Bundle",
    "WOW Price": 7,
    "WOW Size": "",
    "WOW ppu": "$7/100g"
  },
  {
    "Brand_Product_Size": "Earth Meatless Mince 350g",
    "WOW Price": 6,
    "WOW Size": "350g",
    "WOW ppu": "$1.71 / 100G"
  },
  {
    "Brand_Product_Size": "Armada Metallic Paper Bowl Assorted 10 pack",
    "WOW Price": 3,
    "WOW Size": "10 pack",
    "WOW ppu": "$0.30 / 1EA"
  },
  {
    "Brand_Product_Size": "Naturopathica Fat Blaster For Men Weight Loss Shake Chocolate 385g",
    "WOW Price": 29,
    "WOW Size": "385g",
    "WOW ppu": "$7.53 / 100G"
  },
  {
    "Brand_Product_Size": "Continental Simmer Soup Chicken Noodle 45g",
    "WOW Price": 0.95,
    "WOW Size": "45g",
    "WOW ppu": "$2.11 / 100G"
  },
  {
    "Brand_Product_Size": "Four'n Twenty Snack Pack 24 pack",
    "WOW Price": 11.5,
    "WOW Size": "24 pack",
    "WOW ppu": "$1.05 / 100G"
  },
  {
    "Brand_Product_Size": "Woolworths Snack Pot Super Berry Nut & Seed Mix 200g",
    "WOW Price": 6,
    "WOW Size": "200g",
    "WOW ppu": "$30.00 / 1KG"
  },
  {
    "Brand_Product_Size": "Lynx Dark Temptation Deodorant Bodyspray 165mL",
    "WOW Price": 3.5,
    "WOW Size": "165mL",
    "WOW ppu": "$2.12 / 100ML"
  },
  {
    "Brand_Product_Size": "Murray River Organics Mylk Chocolate Sultanas & Coffee Beans 110g",
    "WOW Price": 5,
    "WOW Size": "110g",
    "WOW ppu": "$4.55 / 100G"
  },
  {
    "Brand_Product_Size": "The Natural Chip Co. Honey Soy Chicken 220g",
    "WOW Price": 2.5,
    "WOW Size": "220g",
    "WOW ppu": "$1.14 / 100G"
  },
  {
    "Brand_Product_Size": "Woolworths Crinkle Cut Rice Crackers Bbq 100g",
    "WOW Price": 1.4,
    "WOW Size": "100g",
    "WOW ppu": "$1.40 / 100G"
  },
  {
    "Brand_Product_Size": "Twinings Green Tea & Jasmine 10 pack",
    "WOW Price": 2.9,
    "WOW Size": "10 pack",
    "WOW ppu": "$0.29 / 1EA"
  },
  {
    "Brand_Product_Size": "Twinings Green Tea & Jasmine 10 pack",
    "WOW Price": 2.9,
    "WOW Size": "10 pack",
    "WOW ppu": "$0.29 / 1EA"
  },
  {
    "Brand_Product_Size": "Vittoria Espresso Nespresso Compatible Coffee Capsules pack 10",
    "WOW Price": 6,
    "WOW Size": "pack 10",
    "WOW ppu": "$0.60 / 1EA"
  },
  {
    "Brand_Product_Size": "Vittoria Espresso Nespresso Compatible Coffee Capsules pack 10",
    "WOW Price": 6,
    "WOW Size": "pack 10",
    "WOW ppu": "$0.60 / 1EA"
  },
  {
    "Brand_Product_Size": "Forno D'angelo Hazelnut Cannoncini 125g",
    "WOW Price": 3.5,
    "WOW Size": "125g",
    "WOW ppu": "$2.80 / 100G"
  },
  {
    "Brand_Product_Size": "Korbond Invisible Thread 2 pack",
    "WOW Price": 5,
    "WOW Size": "2 pack",
    "WOW ppu": ""
  },
  {
    "Brand_Product_Size": "White Wings Cake In A Cup Cinnamon Donut 220g",
    "WOW Price": 5,
    "WOW Size": "220g",
    "WOW ppu": "$2.27 / 100G"
  },
  {
    "Brand_Product_Size": "Clio Italian Soft Shine 12d Pantyhose Black Tall each",
    "WOW Price": 8,
    "WOW Size": "each",
    "WOW ppu": ""
  },
  {
    "Brand_Product_Size": "Fowlers Baking Aids Vacola Jamsetta 50g",
    "WOW Price": 1.85,
    "WOW Size": "50g",
    "WOW ppu": "$3.70 / 100G"
  },
  {
    "Brand_Product_Size": "Sistema Plasticware Sandwich Box To Go each",
    "WOW Price": 5,
    "WOW Size": "each",
    "WOW ppu": ""
  },
  {
    "Brand_Product_Size": "Sistema Plasticware Sandwich Box To Go each",
    "WOW Price": 5,
    "WOW Size": "each",
    "WOW ppu": ""
  },
  {
    "Brand_Product_Size": "Armada Resealable Large Storage Bag 15 pack",
    "WOW Price": 1.8,
    "WOW Size": "15 pack",
    "WOW ppu": "$0.12 / 1EA"
  },
  {
    "Brand_Product_Size": "Masterfoods Tomato Sauce 500mL",
    "WOW Price": 1.47,
    "WOW Size": "500mL",
    "WOW ppu": "$0.29 / 100ML"
  },
  {
    "Brand_Product_Size": "Woolworths Orange Flavoured Jelly In Pouch 95g",
    "WOW Price": 0.95,
    "WOW Size": "95g",
    "WOW ppu": "$10.00 / 1KG"
  },
  {
    "Brand_Product_Size": "Amy's Kitchen Soup Split Pea 400g",
    "WOW Price": 3.9,
    "WOW Size": "400g",
    "WOW ppu": "$0.98 / 100G"
  },
  {
    "Brand_Product_Size": "Tasti Made Simple Forest Fruits 150g",
    "WOW Price": 5.5,
    "WOW Size": "150g",
    "WOW ppu": "$3.67 / 100G"
  },
  {
    "Brand_Product_Size": "Comvita Olive Leaf Extract High Strength Capsules 60 pack",
    "WOW Price": 22,
    "WOW Size": "60 pack",
    "WOW ppu": "$36.67 / 100EA"
  },
  {
    "Brand_Product_Size": "Carman's Honey Roasted Nut Crunchy Clusters 500g",
    "WOW Price": 5,
    "WOW Size": "500g",
    "WOW ppu": "$1.00 / 100G"
  },
  {
    "Brand_Product_Size": "Edgell Four Bean Mix Value Pack 4x125g",
    "WOW Price": 3,
    "WOW Size": "4x125g",
    "WOW ppu": "$6.00 / 1KG"
  },
  {
    "Brand_Product_Size": "Sirena Tuna In Springwater 185g",
    "WOW Price": 4.3,
    "WOW Size": "185g",
    "WOW ppu": "$23.24 / 1KG"
  },
  {
    "Brand_Product_Size": "Multix Green Recycled Alfoil 30cm X 10m each",
    "WOW Price": 3,
    "WOW Size": "each",
    "WOW ppu": "$0.30 / 1M"
  },
  {
    "Brand_Product_Size": "Mud Cosmetics Perfecting Primer 30mL",
    "WOW Price": 9.5,
    "WOW Size": "30mL",
    "WOW ppu": "$3.17 / 10ML"
  },
  {
    "Brand_Product_Size": "L'oreal Paris Casting Creme Gloss 550 Mahogany each",
    "WOW Price": 16,
    "WOW Size": "each",
    "WOW ppu": ""
  },
  {
    "Brand_Product_Size": "Heinz Canned Soup Chunky Beef Stockpot 535g",
    "WOW Price": 2,
    "WOW Size": "535g",
    "WOW ppu": "$0.37 / 100G"
  },
  {
    "Brand_Product_Size": "Flora Proactiv Margarine Spread Original 500g",
    "WOW Price": 8,
    "WOW Size": "500g",
    "WOW ppu": "$1.60 / 100G"
  },
  {
    "Brand_Product_Size": "Pantene Pro-v Smooth & Sleek Shampoo 375mL",
    "WOW Price": 4,
    "WOW Size": "375mL",
    "WOW ppu": "$1.07 / 100ML"
  },
  {
    "Brand_Product_Size": "Coca-cola Classic Soft Drink Bottle 2L",
    "WOW Price": 2.85,
    "WOW Size": "2L",
    "WOW ppu": "$1.43 / 1L"
  },
  {
    "Brand_Product_Size": "Bickford's Diet Lemon Lime & Bitters Cordial 750mL",
    "WOW Price": 4,
    "WOW Size": "750mL",
    "WOW ppu": "$5.33 / 1L"
  },
  {
    "Brand_Product_Size": "Cobram Estate Garlic & Rosemary Meal Starter 375mL",
    "WOW Price": 10.5,
    "WOW Size": "375mL",
    "WOW ppu": "$2.80 / 100ML"
  },
  {
    "Brand_Product_Size": "Five Tastes Rice Infusions Chinese Fried Rice 160g",
    "WOW Price": 4,
    "WOW Size": "160g",
    "WOW ppu": "$2.50 / 100G"
  },
  {
    "Brand_Product_Size": "John West Salmon Red 210g",
    "WOW Price": 8,
    "WOW Size": "210g",
    "WOW ppu": "$38.10 / 1KG"
  },
  {
    "Brand_Product_Size": "Leggos Pizza Sauce Sachets 4x50g",
    "WOW Price": 2.3,
    "WOW Size": "4x50g",
    "WOW ppu": "$1.15 / 100G"
  },
  {
    "Brand_Product_Size": "Blue Frog Peanut Butter, Cacao & Raspberry Muesli 350g",
    "WOW Price": 14,
    "WOW Size": "350g",
    "WOW ppu": "$4.00 / 100G"
  },
  {
    "Brand_Product_Size": "Wiltshire Stainless Steel Tomato Knife 12cm each",
    "WOW Price": 14,
    "WOW Size": "each",
    "WOW ppu": ""
  },
  {
    "Brand_Product_Size": "Woolworths Himalayan Pink Salt Fine Cut Shaker 125g",
    "WOW Price": 2.69,
    "WOW Size": "125g",
    "WOW ppu": "$0.22 / 10G"
  },
  {
    "Brand_Product_Size": "Always Fresh Olives Stuffed 450g",
    "WOW Price": 3.5,
    "WOW Size": "450g",
    "WOW ppu": "$7.78 / 1KG"
  },
  {
    "Brand_Product_Size": "John West Salmon Tempters Lemon & Cracked Pepper 95g",
    "WOW Price": 2.7,
    "WOW Size": "95g",
    "WOW ppu": "$28.42 / 1KG"
  },
  {
    "Brand_Product_Size": "Designer White Tooth Toner Whitening Gel Refill Pens 3 pack",
    "WOW Price": 25,
    "WOW Size": "3 pack",
    "WOW ppu": "$8.33 / 1EA"
  },
  {
    "Brand_Product_Size": "Woolworths Almonds Blanched 120g",
    "WOW Price": 4,
    "WOW Size": "120g",
    "WOW ppu": "$33.33 / 1KG"
  },
  {
    "Brand_Product_Size": "Dove Women Antiperspirant Aerosol Deodorant Go Fresh 169mL",
    "WOW Price": 5,
    "WOW Size": "169mL",
    "WOW ppu": "$2.96 / 100ML"
  },
  {
    "Brand_Product_Size": "Toni & Guy Purple Toning Mask For Blonde Hair 285mL",
    "WOW Price": 16,
    "WOW Size": "285mL",
    "WOW ppu": "$5.61 / 100ML"
  },
  {
    "Brand_Product_Size": "Playgro Bathtime Splash Book each",
    "WOW Price": 5,
    "WOW Size": "each",
    "WOW ppu": ""
  },
  {
    "Brand_Product_Size": "Annalisa Organically Farmed Peeled Tomatoes 400g",
    "WOW Price": 1.6,
    "WOW Size": "400g",
    "WOW ppu": "$4.00 / 1KG"
  },
  {
    "Brand_Product_Size": "Woolworths Chicken Mayonnaise 85g",
    "WOW Price": 1.29,
    "WOW Size": "85g",
    "WOW ppu": "$15.18 / 1KG"
  },
  {
    "Brand_Product_Size": "Aptamil Allerpro Syneo 1 Baby Formula Allergy From Birth To 6 Months 900g",
    "WOW Price": 36,
    "WOW Size": "900g",
    "WOW ppu": "$4.00 / 100G"
  },
  {
    "Brand_Product_Size": "Bickford's Gut Support 1L",
    "WOW Price": 7,
    "WOW Size": "1L",
    "WOW ppu": "$7.00 / 1L"
  },
  {
    "Brand_Product_Size": "Mccormicks Slow Cookers Beef & Mushroom 40g",
    "WOW Price": 1.5,
    "WOW Size": "40g",
    "WOW ppu": "$3.75 / 100G"
  },
  {
    "Brand_Product_Size": "Yumi's Mayonnaise Dips 200g",
    "WOW Price": 4,
    "WOW Size": "200g",
    "WOW ppu": "$2.00 / 100G"
  },
  {
    "Brand_Product_Size": "Gc Tooth Mousse Mint 40g",
    "WOW Price": 30,
    "WOW Size": "40g",
    "WOW ppu": "$75.00 / 100G"
  },
  {
    "Brand_Product_Size": "Revlon Prime Plus Mattifying+pore Reducing 30mL",
    "WOW Price": 15,
    "WOW Size": "30mL",
    "WOW ppu": "$5.00 / 10ML"
  },
  {
    "Brand_Product_Size": "Dine Creamy Treats Chicken Flavour Cat Treat 4 pack",
    "WOW Price": 2.1,
    "WOW Size": "4 pack",
    "WOW ppu": "$4.38 / 100G"
  },
  {
    "Brand_Product_Size": "Bonds Gee Comfytails Side Seam Free Size 12 2 pack",
    "WOW Price": 24,
    "WOW Size": "2 pack",
    "WOW ppu": ""
  },
  {
    "Brand_Product_Size": "Sunlight Laundry Soap 500g",
    "WOW Price": 4,
    "WOW Size": "500g",
    "WOW ppu": "$8.00 / 1KG"
  },
  {
    "Brand_Product_Size": "Maharajah's Choice Spice Curry Powder 250g",
    "WOW Price": 3,
    "WOW Size": "250g",
    "WOW ppu": "$0.12 / 10G"
  },
  {
    "Brand_Product_Size": "John West Tuna Sweet Corn & Mayonnaise 95g",
    "WOW Price": 1.15,
    "WOW Size": "95g",
    "WOW ppu": "$12.11 / 1KG"
  },
  {
    "Brand_Product_Size": "Palmolive Foaming Liquid Hand Wash Soap Japanese Cherry Blossom 500mL",
    "WOW Price": 3.85,
    "WOW Size": "500mL",
    "WOW ppu": "$0.77 / 100ML"
  },
  {
    "Brand_Product_Size": "Lucky Cashew Meal 200g",
    "WOW Price": 5.5,
    "WOW Size": "200g",
    "WOW ppu": "$27.50 / 1KG"
  },
  {
    "Brand_Product_Size": "Korbond Novelty Party Photo Props 20 pack",
    "WOW Price": 6,
    "WOW Size": "20 pack",
    "WOW ppu": "$0.30 / 1EA"
  },
  {
    "Brand_Product_Size": "Woolworths Four Bean Mix No Added Salt Can 420g",
    "WOW Price": 0.8,
    "WOW Size": "420g",
    "WOW ppu": "$0.19 / 100G"
  },
  {
    "Brand_Product_Size": "San Remo Thin Spaghetti No. 4 500g",
    "WOW Price": 2.6,
    "WOW Size": "500g",
    "WOW ppu": "$0.52 / 100G"
  },
  {
    "Brand_Product_Size": "Little Wishes Divided Plates 3 pack",
    "WOW Price": 2,
    "WOW Size": "3 pack",
    "WOW ppu": "$0.67 / 1EA"
  },
  {
    "Brand_Product_Size": "Provoke Touch Of Silver Intensive Purple Conditioner 200mL",
    "WOW Price": 13,
    "WOW Size": "200mL",
    "WOW ppu": "$6.50 / 100ML"
  },
  {
    "Brand_Product_Size": "Mutti Polpa Chopped Tomato 210g",
    "WOW Price": 1,
    "WOW Size": "210g",
    "WOW ppu": "$4.76 / 1KG"
  },
  {
    "Brand_Product_Size": "Creative Kitchen Marzipan 250g",
    "WOW Price": 5,
    "WOW Size": "250g",
    "WOW ppu": "$2.00 / 100G"
  },
  {
    "Brand_Product_Size": "Laziza Tandoori Masala 100g",
    "WOW Price": 2.2,
    "WOW Size": "100g",
    "WOW ppu": "$2.20 / 100G"
  },
  {
    "Brand_Product_Size": "Queen Natural Peppermint Extract 50mL",
    "WOW Price": 1.1,
    "WOW Size": "50mL",
    "WOW ppu": "$0.22 / 10ML"
  },
  {
    "Brand_Product_Size": "Frey Chocolate Block Milk 100g",
    "WOW Price": 4,
    "WOW Size": "100g",
    "WOW ppu": "$4.00 / 100G"
  },
  {
    "Brand_Product_Size": "Connect Foods Kombucha Infusion Black Tea Bags Lemon & Ginger 15 pack",
    "WOW Price": 7,
    "WOW Size": "15 pack",
    "WOW ppu": "$0.47 / 1EA"
  },
  {
    "Brand_Product_Size": "Connect Foods Kombucha Infusion Black Tea Bags Lemon & Ginger 15 pack",
    "WOW Price": 7,
    "WOW Size": "15 pack",
    "WOW ppu": "$0.47 / 1EA"
  },
  {
    "Brand_Product_Size": "Corelle Winter Frost White Soup/cereal Bowl 532ml each",
    "WOW Price": 6,
    "WOW Size": "each",
    "WOW ppu": ""
  },
  {
    "Brand_Product_Size": "Schick Razor Blades Quattro Titanium 4 Cartridges 4 pack",
    "WOW Price": 10,
    "WOW Size": "4 pack",
    "WOW ppu": "$2.50 / 1EA"
  },
  {
    "Brand_Product_Size": "Bonds Full Brief Comfytails Side Seam Free Size 12 2 pack",
    "WOW Price": 24,
    "WOW Size": "2 pack",
    "WOW ppu": ""
  },
  {
    "Brand_Product_Size": "Kiwi Neutral Shoe Polish 38g",
    "WOW Price": 5,
    "WOW Size": "38g",
    "WOW ppu": "$13.16 / 100G"
  },
  {
    "Brand_Product_Size": "Nestle Plaistowe Milk Cooking Chocolate 200g",
    "WOW Price": 4,
    "WOW Size": "200g",
    "WOW ppu": "$2.00 / 100G"
  },
  {
    "Brand_Product_Size": "Spc Spaghetti Cheesy Cheddar Sauce 420g",
    "WOW Price": 1.4,
    "WOW Size": "420g",
    "WOW ppu": "$0.33 / 100G"
  },
  {
    "Brand_Product_Size": "Bonds Fashion Skinny Legs Medium/ Large each",
    "WOW Price": 20,
    "WOW Size": "each",
    "WOW ppu": ""
  },
  {
    "Brand_Product_Size": "Heat Beads Original Bbq Briquettes 4kg",
    "WOW Price": 9.95,
    "WOW Size": "4kg",
    "WOW ppu": "$0.25 / 100G"
  },
  {
    "Brand_Product_Size": "Exelpet Vet Series Treatment Spot On Flea Small Dog 2 pack",
    "WOW Price": 28,
    "WOW Size": "2 pack",
    "WOW ppu": "$14.00 / 1EA"
  },
  {
    "Brand_Product_Size": "Primo Chorizo From The Deli per kg",
    "WOW Price": 24,
    "WOW Size": "per kg",
    "WOW ppu": "$24.00 / 1KG"
  },
  {
    "Brand_Product_Size": "Cc's Special Burger Sauce Chips 175g",
    "WOW Price": 1.75,
    "WOW Size": "175g",
    "WOW ppu": "$1.00 / 100G"
  },
  {
    "Brand_Product_Size": "Uncle Ben's Microwave Mexican Style Brown Rice 250g",
    "WOW Price": 3.25,
    "WOW Size": "250g",
    "WOW ppu": "$1.30 / 100G"
  },
  {
    "Brand_Product_Size": "Philips Led Gu10 Cool 4 pack",
    "WOW Price": 32,
    "WOW Size": "4 pack",
    "WOW ppu": "$8.00 / 1EA"
  },
  {
    "Brand_Product_Size": "Maui Moisture Heal & Hydrate Shea Butter Conditioner 385mL",
    "WOW Price": 22,
    "WOW Size": "385mL",
    "WOW ppu": "$5.71 / 100ML"
  },
  {
    "Brand_Product_Size": "Masterfoods Garlic Granules 155g",
    "WOW Price": 6,
    "WOW Size": "155g",
    "WOW ppu": "$0.39 / 10G"
  },
  {
    "Brand_Product_Size": "Tommee Tippee Easy Grip Feeding Spoons 5 pack",
    "WOW Price": 8.9,
    "WOW Size": "5 pack",
    "WOW ppu": "$1.78 / 1EA"
  },
  {
    "Brand_Product_Size": "Lemon Fresh 500g",
    "WOW Price": 3,
    "WOW Size": "500g",
    "WOW ppu": "$6.00 / 1KG"
  },
  {
    "Brand_Product_Size": "Rimmel Micro Definition Brow Pencil Soft Brown 0.4g",
    "WOW Price": 8.5,
    "WOW Size": "0.4g",
    "WOW ppu": "$212.50 / 10G"
  },
  {
    "Brand_Product_Size": "Mccain Peas Baby 1kg",
    "WOW Price": 4.4,
    "WOW Size": "1kg",
    "WOW ppu": "$4.40 / 1KG"
  },
  {
    "Brand_Product_Size": "Ardell Lashes Wispies Black each",
    "WOW Price": 5.5,
    "WOW Size": "each",
    "WOW ppu": "$5.50 / 1EA"
  },
  {
    "Brand_Product_Size": "Pureharvest Coco Quench Coconut Milk 1L",
    "WOW Price": 2,
    "WOW Size": "1L",
    "WOW ppu": "$2.00 / 1L"
  },
  {
    "Brand_Product_Size": "Pureharvest Coco Quench Coconut Milk 1L",
    "WOW Price": 2,
    "WOW Size": "1L",
    "WOW ppu": "$2.00 / 1L"
  },
  {
    "Brand_Product_Size": "Kellogg's Variety Assorted Breakfast Cereals 8 pack",
    "WOW Price": 6,
    "WOW Size": "8 pack",
    "WOW ppu": "$2.18 / 100G"
  },
  {
    "Brand_Product_Size": "Ingham's Buffalo Chicken Wing Dings 1kg",
    "WOW Price": 12,
    "WOW Size": "1kg",
    "WOW ppu": "$12.00 / 1KG"
  },
  {
    "Brand_Product_Size": "The Culture Co. Kefir Yogurt Strawberry 150g",
    "WOW Price": 2.3,
    "WOW Size": "150g",
    "WOW ppu": "$1.53 / 100G"
  },
  {
    "Brand_Product_Size": "Just Caught Atlantic Salmon Skinless 1kg",
    "WOW Price": 25,
    "WOW Size": "1kg",
    "WOW ppu": "$25.00 / 1KG"
  },
  {
    "Brand_Product_Size": "Just Caught Atlantic Salmon Skinless 1kg",
    "WOW Price": 25,
    "WOW Size": "1kg",
    "WOW ppu": "$25.00 / 1KG"
  },
  {
    "Brand_Product_Size": "Gourmet Chef Thai Red Curry Sauce 450g",
    "WOW Price": 5,
    "WOW Size": "450g",
    "WOW ppu": "$11.11 / 1KG"
  },
  {
    "Brand_Product_Size": "Suntory Boss Coffee Iced Latte 237mL",
    "WOW Price": 3.65,
    "WOW Size": "237mL",
    "WOW ppu": "$15.40 / 1L"
  },
  {
    "Brand_Product_Size": "Lo Bros Organic Kombucha Lemon Lime & Bitters 4 pack",
    "WOW Price": 12,
    "WOW Size": "4 pack",
    "WOW ppu": "$9.09 / 1L"
  },
  {
    "Brand_Product_Size": "Woolworths Chicken Satay With Jasmine Rice 350g",
    "WOW Price": 4,
    "WOW Size": "350g",
    "WOW ppu": "$1.14 / 100G"
  },
  {
    "Brand_Product_Size": "Glow Lab Vanilla Peppermint Refill Hand Wash 600mL",
    "WOW Price": 11,
    "WOW Size": "600mL",
    "WOW ppu": "$1.83 / 100ML"
  },
  {
    "Brand_Product_Size": "Dairy Farmers Light Milk 1L",
    "WOW Price": 2.95,
    "WOW Size": "1L",
    "WOW ppu": "$2.95 / 1L"
  },
  {
    "Brand_Product_Size": "Nivea Men Active Energy Face Wash Gel Cleanser 100mL",
    "WOW Price": 5.4,
    "WOW Size": "100mL",
    "WOW ppu": "$5.40 / 100ML"
  },
  {
    "Brand_Product_Size": "Latina Fresh Kids Mini Ravioli Cheese & Vegetable 200g",
    "WOW Price": 4.5,
    "WOW Size": "200g",
    "WOW ppu": "$2.25 / 100G"
  },
  {
    "Brand_Product_Size": "Marion's Kitchen San Choy Bow Cooking Kit 342g",
    "WOW Price": 7.45,
    "WOW Size": "342g",
    "WOW ppu": "$2.18 / 100G"
  },
  {
    "Brand_Product_Size": "Woolworths Salted Peanuts 375g",
    "WOW Price": 2.3,
    "WOW Size": "375g",
    "WOW ppu": "$6.13 / 1KG"
  },
  {
    "Brand_Product_Size": "Metamucil Daily Fibre Supplement Smooth Orange 283g",
    "WOW Price": 16,
    "WOW Size": "283g",
    "WOW ppu": "$5.65 / 100G"
  },
  {
    "Brand_Product_Size": "Mccain Pizza Slice Ham & Pineapple 600g",
    "WOW Price": 7.5,
    "WOW Size": "600g",
    "WOW ppu": "$1.25 / 100G"
  },
  {
    "Brand_Product_Size": "Exelpet Vet Series Spot On Flea Treatment For Cats 2 pack",
    "WOW Price": 26,
    "WOW Size": "2 pack",
    "WOW ppu": "$260.00 / 100ML"
  },
  {
    "Brand_Product_Size": "Woolworths 40% Choc Chip Cookies 400g",
    "WOW Price": 3,
    "WOW Size": "400g",
    "WOW ppu": "$0.75 / 100G"
  },
  {
    "Brand_Product_Size": "Vitapet Jerhigh Milky Sticks 400g",
    "WOW Price": 16.5,
    "WOW Size": "400g",
    "WOW ppu": "$4.13 / 100G"
  },
  {
    "Brand_Product_Size": "Kleenex Facial Tissues Extra Care Aloe Vera White 60 pack",
    "WOW Price": 2.3,
    "WOW Size": "60 pack",
    "WOW ppu": "$3.83 / 100SS"
  },
  {
    "Brand_Product_Size": "Kleenex Facial Tissues Extra Care Aloe Vera White 60 pack",
    "WOW Price": 2.3,
    "WOW Size": "60 pack",
    "WOW ppu": "$3.83 / 100SS"
  },
  {
    "Brand_Product_Size": "Woolworths Creams Assorted 500g",
    "WOW Price": 4,
    "WOW Size": "500g",
    "WOW ppu": "$0.80 / 100G"
  },
  {
    "Brand_Product_Size": "Select Lettuce Oakleaf Combo each",
    "WOW Price": 2.5,
    "WOW Size": "each",
    "WOW ppu": "$2.50 / 1EA"
  },
  {
    "Brand_Product_Size": "Mccain Fettuccine Carbonara 375g",
    "WOW Price": 3.5,
    "WOW Size": "375g",
    "WOW ppu": "$0.93 / 100G"
  },
  {
    "Brand_Product_Size": "Dairy Farmers Lemon Cream Yoghurt 150g",
    "WOW Price": 1.5,
    "WOW Size": "150g",
    "WOW ppu": "$1.00 / 100G"
  },
  {
    "Brand_Product_Size": "Woolworths Hokey Pokey Reduced Fat Ice Cream Tub 2L tub",
    "WOW Price": 4.5,
    "WOW Size": "2L tub",
    "WOW ppu": "$0.23 / 100ML"
  },
  {
    "Brand_Product_Size": "Woolworths Corn Chips Supreme 200g",
    "WOW Price": 1.9,
    "WOW Size": "200g",
    "WOW ppu": "$0.95 / 100G"
  },
  {
    "Brand_Product_Size": "Essentials White Vinegar 2L",
    "WOW Price": 1.2,
    "WOW Size": "2L",
    "WOW ppu": "$0.06 / 100ML"
  },
  {
    "Brand_Product_Size": "Coca-cola No Sugar Soft Drink Bottles 300mL x4 pack",
    "WOW Price": 5,
    "WOW Size": "300mL x4 pack",
    "WOW ppu": "$4.17 / 1L"
  },
  {
    "Brand_Product_Size": "Local Legends Biltong Orignal 45g",
    "WOW Price": 4.3,
    "WOW Size": "45g",
    "WOW ppu": "$9.56 / 100G"
  },
  {
    "Brand_Product_Size": "Sistema Klip It Plus Juice Jug 2L",
    "WOW Price": 5.5,
    "WOW Size": "2L",
    "WOW ppu": "$5.50 / 1EA"
  },
  {
    "Brand_Product_Size": "Skyn Condoms Close Feel 10 pack",
    "WOW Price": 10,
    "WOW Size": "10 pack",
    "WOW ppu": "$1.00 / 1EA"
  },
  {
    "Brand_Product_Size": "Korbond Party Candle Metallics Number 9 19g",
    "WOW Price": 1.5,
    "WOW Size": "19g",
    "WOW ppu": "$1.50 / 1EA"
  },
  {
    "Brand_Product_Size": "Hart & Soul All Natural Classic Tarka Yellow Lentil Dahl Curry 300g",
    "WOW Price": 3,
    "WOW Size": "300g",
    "WOW ppu": "$1.00 / 100G"
  },
  {
    "Brand_Product_Size": "Jack N' Jill Natural Toothpaste Milkshake 50g",
    "WOW Price": 6.5,
    "WOW Size": "50g",
    "WOW ppu": "$13.00 / 100G"
  },
  {
    "Brand_Product_Size": "Wrigley's 5 Gum Watermelon Burst Sugar Free 32g",
    "WOW Price": 2,
    "WOW Size": "32g",
    "WOW ppu": "$6.25 / 100G"
  },
  {
    "Brand_Product_Size": "Woolworths Cook Simmer Veggie Mix 400g",
    "WOW Price": 4,
    "WOW Size": "400g",
    "WOW ppu": "$10.00 / 1KG"
  },
  {
    "Brand_Product_Size": "Hart & Soul Spiced Lentil Soup Pouch 400g",
    "WOW Price": 4,
    "WOW Size": "400g",
    "WOW ppu": "$1.00 / 100G"
  },
  {
    "Brand_Product_Size": "V8 Fruit & Veg Healthy Apple 1.25L",
    "WOW Price": 3.5,
    "WOW Size": "1.25L",
    "WOW ppu": "$2.80 / 1L"
  },
  {
    "Brand_Product_Size": "Jack Hammer Utility Scraper 5 Blades each",
    "WOW Price": 6,
    "WOW Size": "each",
    "WOW ppu": ""
  },
  {
    "Brand_Product_Size": "Bell Farms Salted Edamame 400g",
    "WOW Price": 2.5,
    "WOW Size": "400g",
    "WOW ppu": "$6.25 / 1KG"
  },
  {
    "Brand_Product_Size": "Blackmores Vitamin D3 1000iu 60 pack",
    "WOW Price": 10.5,
    "WOW Size": "60 pack",
    "WOW ppu": "$17.50 / 100EA"
  },
  {
    "Brand_Product_Size": "Lindt Nocciolatte Chocolate Bar 40g",
    "WOW Price": 1.5,
    "WOW Size": "40g",
    "WOW ppu": "$3.75 / 100G"
  },
  {
    "Brand_Product_Size": "Philips Oven Globes 25w 2 pack",
    "WOW Price": 7,
    "WOW Size": "2 pack",
    "WOW ppu": "$3.50 / 1EA"
  },
  {
    "Brand_Product_Size": "Gravox Finishing Sauce Mushroom & Garlic 165g",
    "WOW Price": 1.75,
    "WOW Size": "165g",
    "WOW ppu": "$1.06 / 100G"
  },
  {
    "Brand_Product_Size": "Rimmel Scandal Eyes Volume On Demand Mascara Waterproof each",
    "WOW Price": 9.5,
    "WOW Size": "each",
    "WOW ppu": "$7.92 / 10ML"
  },
  {
    "Brand_Product_Size": "Nestle Carnation Light & Creamy Evaporated Milk 340mL",
    "WOW Price": 2.5,
    "WOW Size": "340mL",
    "WOW ppu": "$0.74 / 100ML"
  },
  {
    "Brand_Product_Size": "Nestle Carnation Light & Creamy Evaporated Milk 340mL",
    "WOW Price": 2.5,
    "WOW Size": "340mL",
    "WOW ppu": "$0.74 / 100ML"
  },
  {
    "Brand_Product_Size": "Nestle Carnation Light & Creamy Evaporated Milk 340mL",
    "WOW Price": 2.5,
    "WOW Size": "340mL",
    "WOW ppu": "$0.74 / 100ML"
  },
  {
    "Brand_Product_Size": "Barilla Fusilli Pasta No 98 500g",
    "WOW Price": 2.4,
    "WOW Size": "500g",
    "WOW ppu": "$0.48 / 100G"
  },
  {
    "Brand_Product_Size": "Woolworths Shortcut Australian Bacon 200g",
    "WOW Price": 5.5,
    "WOW Size": "200g",
    "WOW ppu": "$27.50 / 1KG"
  },
  {
    "Brand_Product_Size": "Earth Choice Toilet Cleaner Liquid Aqua 750mL",
    "WOW Price": 3.2,
    "WOW Size": "750mL",
    "WOW ppu": "$0.43 / 100ML"
  },
  {
    "Brand_Product_Size": "Ben & Jerry's Ice Cream The Tonight Dough Starring Jimmy Fallon 458mL tub",
    "WOW Price": 12,
    "WOW Size": "458mL tub",
    "WOW ppu": "$2.62 / 100ML"
  },
  {
    "Brand_Product_Size": "Obap Sweet Potato Noodles 100g",
    "WOW Price": 1.6,
    "WOW Size": "100g",
    "WOW ppu": "$1.60 / 100G"
  },
  {
    "Brand_Product_Size": "Band-aid Advanced Healing Regular Plasters 10 pack",
    "WOW Price": 8,
    "WOW Size": "10 pack",
    "WOW ppu": "$0.80 / 1EA"
  },
  {
    "Brand_Product_Size": "Essentials Frozen Straight Cut Potato Chips 1kg",
    "WOW Price": 2,
    "WOW Size": "1kg",
    "WOW ppu": "$2.00 / 1KG"
  },
  {
    "Brand_Product_Size": "Woolworths Cauliflower & Broccoli Rice 250g",
    "WOW Price": 3.5,
    "WOW Size": "250g",
    "WOW ppu": "$14.00 / 1KG"
  },
  {
    "Brand_Product_Size": "Woolworths Hot Smoked Salmon Natural 150g",
    "WOW Price": 6.8,
    "WOW Size": "150g",
    "WOW ppu": "$45.33 / 1KG"
  },
  {
    "Brand_Product_Size": "Siggi's 4% Yoghurt Raspberry 500g",
    "WOW Price": 4,
    "WOW Size": "500g",
    "WOW ppu": "$0.80 / 100G"
  },
  {
    "Brand_Product_Size": "Little One's Size 2 Ultra Dry Nappies Infant 4-8kg Boys & Girls 56 pack",
    "WOW Price": 10,
    "WOW Size": "56 pack",
    "WOW ppu": "$0.18 / 1EA"
  },
  {
    "Brand_Product_Size": "Decor Microsafe Container Noodle Bowl each",
    "WOW Price": 8,
    "WOW Size": "each",
    "WOW ppu": ""
  },
  {
    "Brand_Product_Size": "Macro Organic Rebel Raspberry Kombucha Drink 330mL",
    "WOW Price": 2,
    "WOW Size": "330mL",
    "WOW ppu": "$6.06 / 1L"
  },
  {
    "Brand_Product_Size": "Nivea Indulgent Honey Shower Gel & Body Wash 1L",
    "WOW Price": 13.7,
    "WOW Size": "1L",
    "WOW ppu": "$1.37 / 100ML"
  },
  {
    "Brand_Product_Size": "Natures Organics Fruits Shampoo Balance Apple Fresh 500mL",
    "WOW Price": 1.9,
    "WOW Size": "500mL",
    "WOW ppu": "$0.38 / 100ML"
  },
  {
    "Brand_Product_Size": "Ruffie Rustic Foods Portobello Mushroom Risotto With White Beans 350g",
    "WOW Price": 7,
    "WOW Size": "350g",
    "WOW ppu": "$2.00 / 100G"
  },
  {
    "Brand_Product_Size": "Rimmel Brow This Way 2in1 Eye Brow Blonde 0.4g",
    "WOW Price": 8,
    "WOW Size": "0.4g",
    "WOW ppu": "$200.00 / 10G"
  },
  {
    "Brand_Product_Size": "Cool Gear Pop Lights Bottle Assorted 473mL",
    "WOW Price": 20,
    "WOW Size": "473mL",
    "WOW ppu": ""
  },
  {
    "Brand_Product_Size": "Woolworths Light Thickened Cream 300mL",
    "WOW Price": 1.9,
    "WOW Size": "300mL",
    "WOW ppu": "$0.63 / 100ML"
  },
  {
    "Brand_Product_Size": "Glow Lab Hydrating Shampoo 300mL",
    "WOW Price": 18,
    "WOW Size": "300mL",
    "WOW ppu": "$6.00 / 100ML"
  },
  {
    "Brand_Product_Size": "Castello Black Mellow Black 150g",
    "WOW Price": 5.5,
    "WOW Size": "150g",
    "WOW ppu": "$36.67 / 1KG"
  },
  {
    "Brand_Product_Size": "Castello Black Mellow Black 150g",
    "WOW Price": 5.5,
    "WOW Size": "150g",
    "WOW ppu": "$36.67 / 1KG"
  },
  {
    "Brand_Product_Size": "Red Bull Red Edition 250mL",
    "WOW Price": 3,
    "WOW Size": "250mL",
    "WOW ppu": "$12.00 / 1L"
  },
  {
    "Brand_Product_Size": "Green's Maple Syrup Pancake Shake 325g",
    "WOW Price": 2.2,
    "WOW Size": "325g",
    "WOW ppu": "$0.68 / 100G"
  },
  {
    "Brand_Product_Size": "Chobani No Fat Plain Yoghurt 907g",
    "WOW Price": 6.5,
    "WOW Size": "907g",
    "WOW ppu": "$0.72 / 100G"
  },
  {
    "Brand_Product_Size": "Mint Non-stick Coating Pizza Tray 29cm each",
    "WOW Price": 4.8,
    "WOW Size": "each",
    "WOW ppu": ""
  },
  {
    "Brand_Product_Size": "Jamie Oliver Small Pop Jar Yellow Lid each",
    "WOW Price": 4.8,
    "WOW Size": "each",
    "WOW ppu": ""
  },
  {
    "Brand_Product_Size": "Strike Disinfectant Lavender 1.25L",
    "WOW Price": 2.49,
    "WOW Size": "1.25L",
    "WOW ppu": "$0.20 / 100ML"
  },
  {
    "Brand_Product_Size": "Bickford's Cloudy Pear Juice 1L",
    "WOW Price": 5.8,
    "WOW Size": "1L",
    "WOW ppu": "$5.80 / 1L"
  },
  {
    "Brand_Product_Size": "Woolworths Potato & Leek Soup 300g",
    "WOW Price": 3,
    "WOW Size": "300g",
    "WOW ppu": "$1.00 / 100G"
  },
  {
    "Brand_Product_Size": "Tidy Cats Litter Deodoriser 560g",
    "WOW Price": 10,
    "WOW Size": "560g",
    "WOW ppu": "$17.86 / 1KG"
  },
  {
    "Brand_Product_Size": "Twinings Green Tea & Mint Tea Bags 10 pack",
    "WOW Price": 2.9,
    "WOW Size": "10 pack",
    "WOW ppu": "$0.29 / 1EA"
  },
  {
    "Brand_Product_Size": "Twinings Green Tea & Mint Tea Bags 10 pack",
    "WOW Price": 2.9,
    "WOW Size": "10 pack",
    "WOW ppu": "$0.29 / 1EA"
  },
  {
    "Brand_Product_Size": "Lo Bros Organic Kombucha Ginger & Lemon 330mL",
    "WOW Price": 2.5,
    "WOW Size": "330mL",
    "WOW ppu": "$7.58 / 1L"
  },
  {
    "Brand_Product_Size": "Riviana Baby Prawns 200g",
    "WOW Price": 3.45,
    "WOW Size": "200g",
    "WOW ppu": "$17.25 / 1KG"
  },
  {
    "Brand_Product_Size": "The Juice Brothers Orange 1.5L",
    "WOW Price": 7,
    "WOW Size": "1.5L",
    "WOW ppu": "$4.67 / 1L"
  },
  {
    "Brand_Product_Size": "Poppin Microwave Popcorn Sweet & Salty 400g",
    "WOW Price": 5.55,
    "WOW Size": "400g",
    "WOW ppu": "$1.39 / 100G"
  },
  {
    "Brand_Product_Size": "Veet Hair Removal Wax Mini Facial Strips 20 pack",
    "WOW Price": 9,
    "WOW Size": "20 pack",
    "WOW ppu": "$0.45 / 1EA"
  },
  {
    "Brand_Product_Size": "Bfit Lemon Lime Hydration 473mL",
    "WOW Price": 3.95,
    "WOW Size": "473mL",
    "WOW ppu": "$8.35 / 1L"
  },
  {
    "Brand_Product_Size": "Appletiser Sparkling Juice Apple 750mL",
    "WOW Price": 4.35,
    "WOW Size": "750mL",
    "WOW ppu": "$5.80 / 1L"
  },
  {
    "Brand_Product_Size": "World's Best Cat Litter Multiplie Cat Clumping Litter 3.63kg",
    "WOW Price": 16,
    "WOW Size": "3.63kg",
    "WOW ppu": "$4.41 / 1KG"
  },
  {
    "Brand_Product_Size": "Ecostore Baby Soap Bar Goat's Milk & Lavender 80g",
    "WOW Price": 1.75,
    "WOW Size": "80g",
    "WOW ppu": "$2.19 / 100G"
  },
  {
    "Brand_Product_Size": "Head & Shoulders Ultra Men Shampoo Hair Retain 400mL",
    "WOW Price": 10.5,
    "WOW Size": "400mL",
    "WOW ppu": "$2.63 / 100ML"
  },
  {
    "Brand_Product_Size": "Unicorn Camembert Lactose Free 125g",
    "WOW Price": 5,
    "WOW Size": "125g",
    "WOW ppu": "$40.00 / 1KG"
  },
  {
    "Brand_Product_Size": "Parker Jotter Ball Point Pen White each",
    "WOW Price": 18,
    "WOW Size": "each",
    "WOW ppu": ""
  },
  {
    "Brand_Product_Size": "Woolworths Garlic Loaf 400g",
    "WOW Price": 2.9,
    "WOW Size": "400g",
    "WOW ppu": "$0.73 / 100G"
  },
  {
    "Brand_Product_Size": "Green's Vanilla Mud Cake Mix 600g",
    "WOW Price": 4,
    "WOW Size": "600g",
    "WOW ppu": "$0.67 / 100G"
  },
  {
    "Brand_Product_Size": "Nilodor Concentrated Deodoriser 7.5mL",
    "WOW Price": 7.5,
    "WOW Size": "7.5mL",
    "WOW ppu": "$10.00 / 10ML"
  },
  {
    "Brand_Product_Size": "Praise Creamy Lime & Herb Dressing 250mL",
    "WOW Price": 2.95,
    "WOW Size": "250mL",
    "WOW ppu": "$1.18 / 100ML"
  },
  {
    "Brand_Product_Size": "L'oreal Preference Permanent 3 Brasilia Darkest Brown each",
    "WOW Price": 11.4,
    "WOW Size": "each",
    "WOW ppu": "$11.40 / 1EA"
  },
  {
    "Brand_Product_Size": "Kitkat Dark With Southern Australian Orange Block 170g",
    "WOW Price": 3,
    "WOW Size": "170g",
    "WOW ppu": "$1.76 / 100G"
  },
  {
    "Brand_Product_Size": "Woolworths Corned Beef Silverside Portion 500g - 1.1kg",
    "WOW Price": 18.7,
    "WOW Size": "500g - 1.1kg",
    "WOW ppu": "$17.00 / 1KG"
  },
  {
    "Brand_Product_Size": "H2coco Pure+ Prebiotic Coconut Water 750mL",
    "WOW Price": 5.15,
    "WOW Size": "750mL",
    "WOW ppu": "$6.87 / 1L"
  },
  {
    "Brand_Product_Size": "Made With Plants Meat Free Butter Chicken With Rice & Peas 400g",
    "WOW Price": 9,
    "WOW Size": "400g",
    "WOW ppu": "$2.25 / 100G"
  },
  {
    "Brand_Product_Size": "Bio Cheese Feta 200g",
    "WOW Price": 6.75,
    "WOW Size": "200g",
    "WOW ppu": "$33.75 / 1KG"
  },
  {
    "Brand_Product_Size": "Essentials Iodised Salt 1kg",
    "WOW Price": 1.09,
    "WOW Size": "1kg",
    "WOW ppu": "$0.01 / 10G"
  },
  {
    "Brand_Product_Size": "Nice & Natural Probiotic Oat Bars Cranberries & Coconut 5 pack",
    "WOW Price": 3,
    "WOW Size": "5 pack",
    "WOW ppu": "$1.71 / 100G"
  },
  {
    "Brand_Product_Size": "Nice & Natural Probiotic Oat Bars Cranberries & Coconut 5 pack",
    "WOW Price": 3,
    "WOW Size": "5 pack",
    "WOW ppu": "$1.71 / 100G"
  },
  {
    "Brand_Product_Size": "Made With Plants Block Cheddar Dairy Free 200g",
    "WOW Price": 4.2,
    "WOW Size": "200g",
    "WOW ppu": "$21.00 / 1KG"
  },
  {
    "Brand_Product_Size": "Wow 360 Drinking Cup 266ml each",
    "WOW Price": 13,
    "WOW Size": "each",
    "WOW ppu": ""
  },
  {
    "Brand_Product_Size": "Friskies Adult Meaty Grills Dry Cat Food 1kg",
    "WOW Price": 4.9,
    "WOW Size": "1kg",
    "WOW ppu": "$0.49 / 100G"
  },
  {
    "Brand_Product_Size": "Maharajah's Choice Chilli Powder Spice 250g",
    "WOW Price": 2.5,
    "WOW Size": "250g",
    "WOW ppu": "$0.10 / 10G"
  },
  {
    "Brand_Product_Size": "Lowan Yeast Dried Instant 280g",
    "WOW Price": 4.2,
    "WOW Size": "280g",
    "WOW ppu": "$1.50 / 100G"
  },
  {
    "Brand_Product_Size": "Gourmet Chef Chilli Mussel Sauce 450g",
    "WOW Price": 5,
    "WOW Size": "450g",
    "WOW ppu": "$11.11 / 1KG"
  },
  {
    "Brand_Product_Size": "Artline 200 Pen Fine 0.4 Assorted 4 pack",
    "WOW Price": 5,
    "WOW Size": "4 pack",
    "WOW ppu": ""
  },
  {
    "Brand_Product_Size": "Primo Kids Sliced Pineapple Ham 100g",
    "WOW Price": 3.25,
    "WOW Size": "100g",
    "WOW ppu": "$32.50 / 1KG"
  },
  {
    "Brand_Product_Size": "Palmolive Naturals Body Wash Milk & Honey Shower Gel 500mL",
    "WOW Price": 3.8,
    "WOW Size": "500mL",
    "WOW ppu": "$0.76 / 100ML"
  },
  {
    "Brand_Product_Size": "Eylure Lashes Natural Starter No 118 each",
    "WOW Price": 7,
    "WOW Size": "each",
    "WOW ppu": "$7.00 / 1EA"
  },
  {
    "Brand_Product_Size": "Woolworths Tangy Bbq Rice Crackers 100g",
    "WOW Price": 0.9,
    "WOW Size": "100g",
    "WOW ppu": "$0.90 / 100G"
  },
  {
    "Brand_Product_Size": "Ingham's Free Range Chicken Tenderloins Wholemeal And Quinoa 350g",
    "WOW Price": 6,
    "WOW Size": "350g",
    "WOW ppu": "$17.14 / 1KG"
  },
  {
    "Brand_Product_Size": "Oh So Comfy Soft Fit Headband each",
    "WOW Price": 5,
    "WOW Size": "each",
    "WOW ppu": ""
  },
  {
    "Brand_Product_Size": "Ajax Spray N' Wipe Kitchen Multi- Purpose Cleaner Baking Soda 500mL",
    "WOW Price": 3,
    "WOW Size": "500mL",
    "WOW ppu": "$0.60 / 100ML"
  },
  {
    "Brand_Product_Size": "Waterfords Mineral Water Apple Berry 1L",
    "WOW Price": 1.95,
    "WOW Size": "1L",
    "WOW ppu": "$1.95 / 1L"
  },
  {
    "Brand_Product_Size": "Nestle Bars Original 10 pack",
    "WOW Price": 5,
    "WOW Size": "10 pack",
    "WOW ppu": "$2.38 / 100G"
  },
  {
    "Brand_Product_Size": "Nestle Bars Original 10 pack",
    "WOW Price": 5,
    "WOW Size": "10 pack",
    "WOW ppu": "$2.38 / 100G"
  },
  {
    "Brand_Product_Size": "Jamie Oliver Fish Fingers 10 pack",
    "WOW Price": 5.2,
    "WOW Size": "10 pack",
    "WOW ppu": "$17.33 / 1KG"
  },
  {
    "Brand_Product_Size": "Biopak Biocane Side Plates 10 pack",
    "WOW Price": 1.5,
    "WOW Size": "10 pack",
    "WOW ppu": "$0.15 / 1EA"
  },
  {
    "Brand_Product_Size": "Sanitarium So Good Long Life Unsweetened Almond Milk 1L",
    "WOW Price": 2.7,
    "WOW Size": "1L",
    "WOW ppu": "$2.70 / 1L"
  },
  {
    "Brand_Product_Size": "Sanitarium So Good Long Life Unsweetened Almond Milk 1L",
    "WOW Price": 2.7,
    "WOW Size": "1L",
    "WOW ppu": "$2.70 / 1L"
  },
  {
    "Brand_Product_Size": "Ogx Coconut Oil Air Dry Cream 177mL",
    "WOW Price": 21,
    "WOW Size": "177mL",
    "WOW ppu": "$11.86 / 100ML"
  },
  {
    "Brand_Product_Size": "Who Magazine each",
    "WOW Price": 5.5,
    "WOW Size": "each",
    "WOW ppu": ""
  },
  {
    "Brand_Product_Size": "Woolworths Shortcut Bacon 1kg",
    "WOW Price": 10.5,
    "WOW Size": "1kg",
    "WOW ppu": "$10.50 / 1KG"
  },
  {
    "Brand_Product_Size": "Impulse Body Spray Love Story 75mL",
    "WOW Price": 4,
    "WOW Size": "75mL",
    "WOW ppu": "$5.33 / 100ML"
  },
  {
    "Brand_Product_Size": "Sistema Plasticware Salad To Go each",
    "WOW Price": 10,
    "WOW Size": "each",
    "WOW ppu": ""
  },
  {
    "Brand_Product_Size": "Sistema Plasticware Salad To Go each",
    "WOW Price": 10,
    "WOW Size": "each",
    "WOW ppu": ""
  },
  {
    "Brand_Product_Size": "Ingham's Free Range Chicken Breast Ciabatta Nuggets 400g",
    "WOW Price": 6,
    "WOW Size": "400g",
    "WOW ppu": "$15.00 / 1KG"
  },
  {
    "Brand_Product_Size": "Woolworths Beef Lasagne 2kg",
    "WOW Price": 12.5,
    "WOW Size": "2kg",
    "WOW ppu": "$6.25 / 1KG"
  },
  {
    "Brand_Product_Size": "Woolworths Beef Lasagne 2kg",
    "WOW Price": 12.5,
    "WOW Size": "2kg",
    "WOW ppu": "$6.25 / 1KG"
  },
  {
    "Brand_Product_Size": "Korbond Party Candle Metallics Number 19g",
    "WOW Price": 1.5,
    "WOW Size": "19g",
    "WOW ppu": "$1.50 / 1EA"
  },
  {
    "Brand_Product_Size": "Della Rosa Family Bbq Bacon & Cheese Pizza 470g",
    "WOW Price": 3.5,
    "WOW Size": "470g",
    "WOW ppu": ""
  },
  {
    "Brand_Product_Size": "Veggie Delights Herb & Garlic Sausages 300g",
    "WOW Price": 6,
    "WOW Size": "300g",
    "WOW ppu": "$2.00 / 100G"
  },
  {
    "Brand_Product_Size": "Essentials Wine Glasses Plastic 20 pack",
    "WOW Price": 6,
    "WOW Size": "20 pack",
    "WOW ppu": "$0.30 / 1EA"
  },
  {
    "Brand_Product_Size": "Woolworths Vanilla Candle each",
    "WOW Price": 2.9,
    "WOW Size": "each",
    "WOW ppu": "$2.90 / 1EA"
  },
  {
    "Brand_Product_Size": "Potato Sweet Purple each",
    "WOW Price": 3.11,
    "WOW Size": "each",
    "WOW ppu": "$3.11 / 1EA"
  },
  {
    "Brand_Product_Size": "Aussie Bodies Hplc Cookies & Cream 100g",
    "WOW Price": 4,
    "WOW Size": "100g",
    "WOW ppu": "$4.00 / 100G"
  },
  {
    "Brand_Product_Size": "Macro Organic Jasmine Rice 750g",
    "WOW Price": 4.8,
    "WOW Size": "750g",
    "WOW ppu": "$0.64 / 100G"
  },
  {
    "Brand_Product_Size": "Essentials Vanilla Ice Cream 4L",
    "WOW Price": 4.9,
    "WOW Size": "4L",
    "WOW ppu": "$0.12 / 100ML"
  },
  {
    "Brand_Product_Size": "Golden Circle Cordial Strawberry Lemonade 2L",
    "WOW Price": 3,
    "WOW Size": "2L",
    "WOW ppu": "$1.50 / 1L"
  },
  {
    "Brand_Product_Size": "Annalisa Tomato Puree 690g",
    "WOW Price": 1.3,
    "WOW Size": "690g",
    "WOW ppu": "$0.19 / 100G"
  },
  {
    "Brand_Product_Size": "L'oreal Face Care Men Expert Vita Lift 5 50mL",
    "WOW Price": 12.6,
    "WOW Size": "50mL",
    "WOW ppu": "$25.20 / 100ML"
  },
  {
    "Brand_Product_Size": "Schwarzkopf Live Colour Deep Black 75mL",
    "WOW Price": 14,
    "WOW Size": "75mL",
    "WOW ppu": "$18.67 / 100ML"
  },
  {
    "Brand_Product_Size": "Il Molino Instant Polenta Corn Meal 500g",
    "WOW Price": 3.2,
    "WOW Size": "500g",
    "WOW ppu": "$6.40 / 1KG"
  },
  {
    "Brand_Product_Size": "Buderim Dark Chocolate Coated Ginger 150g",
    "WOW Price": 4.65,
    "WOW Size": "150g",
    "WOW ppu": "$31.00 / 1KG"
  },
  {
    "Brand_Product_Size": "Sandhurst Artichoke Hearts In Brine 280g",
    "WOW Price": 4,
    "WOW Size": "280g",
    "WOW ppu": "$14.29 / 1KG"
  },
  {
    "Brand_Product_Size": "Devondale Extra Soft Butter Blend 500g",
    "WOW Price": 5.7,
    "WOW Size": "500g",
    "WOW ppu": "$1.14 / 100G"
  },
  {
    "Brand_Product_Size": "Devondale Extra Soft Butter Blend 500g",
    "WOW Price": 5.7,
    "WOW Size": "500g",
    "WOW ppu": "$1.14 / 100G"
  },
  {
    "Brand_Product_Size": "Devondale Extra Soft Butter Blend 500g",
    "WOW Price": 5.7,
    "WOW Size": "500g",
    "WOW ppu": "$1.14 / 100G"
  },
  {
    "Brand_Product_Size": "Bega Peanut Butter Smooth 200g",
    "WOW Price": 3.2,
    "WOW Size": "200g",
    "WOW ppu": "$1.60 / 100G"
  },
  {
    "Brand_Product_Size": "Britannia Punjabi Cookies 620g",
    "WOW Price": 5.8,
    "WOW Size": "620g",
    "WOW ppu": "$0.94 / 100G"
  },
  {
    "Brand_Product_Size": "Dole Tropical Gold Pineapple Pieces In Juice 400g",
    "WOW Price": 3,
    "WOW Size": "400g",
    "WOW ppu": "$7.50 / 1KG"
  },
  {
    "Brand_Product_Size": "Praise Whole Egg Mayonnaise Mayonnaise 445g",
    "WOW Price": 5,
    "WOW Size": "445g",
    "WOW ppu": "$1.12 / 100G"
  },
  {
    "Brand_Product_Size": "Praise Whole Egg Mayonnaise Mayonnaise 445g",
    "WOW Price": 5,
    "WOW Size": "445g",
    "WOW ppu": "$1.12 / 100G"
  },
  {
    "Brand_Product_Size": "L'oreal Revitalift Lifting Sheet Mask each",
    "WOW Price": 4.8,
    "WOW Size": "each",
    "WOW ppu": "$16.00 / 100G"
  },
  {
    "Brand_Product_Size": "Huy Fong Sriracha Hot Chilli Sauce 740mL",
    "WOW Price": 7.5,
    "WOW Size": "740mL",
    "WOW ppu": "$1.01 / 100ML"
  },
  {
    "Brand_Product_Size": "Praise Whole Egg Mayonnaise Light 380g",
    "WOW Price": 5,
    "WOW Size": "380g",
    "WOW ppu": "$1.32 / 100G"
  },
  {
    "Brand_Product_Size": "Woolworths Italian Tomatoes With Onion Garlic & Basil 400g",
    "WOW Price": 1.1,
    "WOW Size": "400g",
    "WOW ppu": "$2.75 / 1KG"
  },
  {
    "Brand_Product_Size": "Golden Circle Sunshine Punch Fruit Drink 6x250mL",
    "WOW Price": 4.5,
    "WOW Size": "6x250mL",
    "WOW ppu": "$3.00 / 1L"
  },
  {
    "Brand_Product_Size": "Clairol Nice N Easy Frost & Tip Max Blonde Highlight each",
    "WOW Price": 18.5,
    "WOW Size": "each",
    "WOW ppu": "$18.50 / 1EA"
  },
  {
    "Brand_Product_Size": "Optimum Ocean Fish Adult Dry Cat Food 800g",
    "WOW Price": 7,
    "WOW Size": "800g",
    "WOW ppu": "$0.88 / 100G"
  },
  {
    "Brand_Product_Size": "Schweppes Indian Tonic Water 4 x300mL",
    "WOW Price": 5.9,
    "WOW Size": "4 x300mL",
    "WOW ppu": "$4.92 / 1L"
  },
  {
    "Brand_Product_Size": "Well Naturally No Sugar Added Chocolate Salted Caramel 90g",
    "WOW Price": 3.5,
    "WOW Size": "90g",
    "WOW ppu": ""
  },
  {
    "Brand_Product_Size": "Bref Blue Active Toilet Cleaner Eucalyptus 50g",
    "WOW Price": 6,
    "WOW Size": "50g",
    "WOW ppu": "$12.00 / 100G"
  },
  {
    "Brand_Product_Size": "Lindt Lindor Chocolate Block Milk 100g bLock",
    "WOW Price": 2.7,
    "WOW Size": "100g bLock",
    "WOW ppu": "$2.70 / 100G"
  },
  {
    "Brand_Product_Size": "Jamie Oliver Silicone Oven Glove Grey each",
    "WOW Price": 8,
    "WOW Size": "each",
    "WOW ppu": ""
  },
  {
    "Brand_Product_Size": "Organic Choice Luxe Laundry Liquid 1L",
    "WOW Price": 4.97,
    "WOW Size": "1L",
    "WOW ppu": "$4.97 / 1L"
  },
  {
    "Brand_Product_Size": "Doritos Corn Chips Cheese Supreme Flaming Hot 150g",
    "WOW Price": 2.75,
    "WOW Size": "150g",
    "WOW ppu": "$1.83 / 100G"
  },
  {
    "Brand_Product_Size": "Pantene Pro-v Colour Therapy Conditioner 900mL",
    "WOW Price": 8.5,
    "WOW Size": "900mL",
    "WOW ppu": "$0.94 / 100ML"
  },
  {
    "Brand_Product_Size": "Mckenzie's Brown Rice Flour 330g",
    "WOW Price": 3.6,
    "WOW Size": "330g",
    "WOW ppu": "$1.09 / 100G"
  },
  {
    "Brand_Product_Size": "Korbond Party Loot Bags Happy Birthday 10 pack",
    "WOW Price": 2,
    "WOW Size": "10 pack",
    "WOW ppu": "$0.20 / 1EA"
  },
  {
    "Brand_Product_Size": "Pilpel Taramosalata Dip 180g",
    "WOW Price": 6,
    "WOW Size": "180g",
    "WOW ppu": "$3.33 / 100G"
  },
  {
    "Brand_Product_Size": "Pilpel Taramosalata Dip 180g",
    "WOW Price": 6,
    "WOW Size": "180g",
    "WOW ppu": "$3.33 / 100G"
  },
  {
    "Brand_Product_Size": "Nivea Repair & Protect Moisturising Lip Balm With Spf15 4.8g",
    "WOW Price": 4,
    "WOW Size": "4.8g",
    "WOW ppu": "$83.33 / 100G"
  },
  {
    "Brand_Product_Size": "La Casa Del Formaggio Bambini Bocconcini 220g",
    "WOW Price": 5.5,
    "WOW Size": "220g",
    "WOW ppu": "$25.00 / 1KG"
  },
  {
    "Brand_Product_Size": "La Casa Del Formaggio Bambini Bocconcini 220g",
    "WOW Price": 5.5,
    "WOW Size": "220g",
    "WOW ppu": "$25.00 / 1KG"
  },
  {
    "Brand_Product_Size": "Oak Jam Ball Donut 600mL",
    "WOW Price": 2,
    "WOW Size": "600mL",
    "WOW ppu": "$3.33 / 1L"
  },
  {
    "Brand_Product_Size": "Sudafed Pe Sinus + Anti-inflammatory Pain Relief Double Action 20 pack",
    "WOW Price": 15.5,
    "WOW Size": "20 pack",
    "WOW ppu": "$0.78 / 1EA"
  },
  {
    "Brand_Product_Size": "Woolworths Whole Grain Penne Bolognese With Roasted Vegetables 350g",
    "WOW Price": 7.5,
    "WOW Size": "350g",
    "WOW ppu": "$2.14 / 100G"
  },
  {
    "Brand_Product_Size": "L'or Espresso Decaf Ristretto Intensity 9 Coffee Capsules 10 pack",
    "WOW Price": 6,
    "WOW Size": "10 pack",
    "WOW ppu": "$0.60 / 1EA"
  },
  {
    "Brand_Product_Size": "L'or Espresso Decaf Ristretto Intensity 9 Coffee Capsules 10 pack",
    "WOW Price": 6,
    "WOW Size": "10 pack",
    "WOW ppu": "$0.60 / 1EA"
  },
  {
    "Brand_Product_Size": "Colgate Advanced Whitening Tartar Control Toothpaste 120g",
    "WOW Price": 4.8,
    "WOW Size": "120g",
    "WOW ppu": "$4.00 / 100G"
  },
  {
    "Brand_Product_Size": "Chevron 6 Outlet Powerboard 1m 10amps each",
    "WOW Price": 5,
    "WOW Size": "each",
    "WOW ppu": ""
  },
  {
    "Brand_Product_Size": "Coca-cola No Sugar Caffeine Free Bottle 2L",
    "WOW Price": 2.85,
    "WOW Size": "2L",
    "WOW ppu": "$1.43 / 1L"
  },
  {
    "Brand_Product_Size": "Birds Eye Stir Fry Oriental 850g",
    "WOW Price": 4,
    "WOW Size": "850g",
    "WOW ppu": "$4.71 / 1KG"
  },
  {
    "Brand_Product_Size": "Woolworths Snakes 650g",
    "WOW Price": 3,
    "WOW Size": "650g",
    "WOW ppu": "$0.46 / 100G"
  },
  {
    "Brand_Product_Size": "Maybelline Dream Satin Bb Cream - Light/medium each",
    "WOW Price": 8.5,
    "WOW Size": "each",
    "WOW ppu": "$2.83 / 10ML"
  },
  {
    "Brand_Product_Size": "Brut Deodorant Roll On Original 50mL",
    "WOW Price": 4,
    "WOW Size": "50mL",
    "WOW ppu": "$8.00 / 100ML"
  },
  {
    "Brand_Product_Size": "Macro Organic Unhulled Tahini Spread 375g",
    "WOW Price": 6.49,
    "WOW Size": "375g",
    "WOW ppu": "$1.73 / 100G"
  },
  {
    "Brand_Product_Size": "Beechworth Bee Cause Bush Honey 400g",
    "WOW Price": 8.5,
    "WOW Size": "400g",
    "WOW ppu": "$2.13 / 100G"
  },
  {
    "Brand_Product_Size": "Beechworth Bee Cause Bush Honey 400g",
    "WOW Price": 8.5,
    "WOW Size": "400g",
    "WOW ppu": "$2.13 / 100G"
  },
  {
    "Brand_Product_Size": "Skin Republic Foot Peel each",
    "WOW Price": 16,
    "WOW Size": "each",
    "WOW ppu": ""
  },
  {
    "Brand_Product_Size": "The Free Ranger Free Range Whole Chicken 1.3kg - 1.9kg",
    "WOW Price": 15.2,
    "WOW Size": "1.3kg - 1.9kg",
    "WOW ppu": "$8.00 / 1KG"
  },
  {
    "Brand_Product_Size": "Mint Glazed Antipasto Dish Grey each",
    "WOW Price": 2,
    "WOW Size": "each",
    "WOW ppu": ""
  },
  {
    "Brand_Product_Size": "Stayfree All Nights Extra Long With Wings Pads 10 pack",
    "WOW Price": 4.5,
    "WOW Size": "10 pack",
    "WOW ppu": "$0.45 / 1EA"
  },
  {
    "Brand_Product_Size": "Cuddly Concentrate Extra Care Fabric Conditioner Petal Soft 850mL",
    "WOW Price": 10,
    "WOW Size": "850mL",
    "WOW ppu": "$1.18 / 100ML"
  },
  {
    "Brand_Product_Size": "Vanish Napisan Sensitive Powder Inwash & Soaker 1kg",
    "WOW Price": 9.2,
    "WOW Size": "1kg",
    "WOW ppu": "$9.20 / 1KG"
  },
  {
    "Brand_Product_Size": "Natures Goodness Adult Dog Food Lamb Rosemary & Vegetables 400g",
    "WOW Price": 1.89,
    "WOW Size": "400g",
    "WOW ppu": "$0.47 / 100G"
  },
  {
    "Brand_Product_Size": "Philips Cfl Tornado Warm White 15w Es Base each",
    "WOW Price": 6.5,
    "WOW Size": "each",
    "WOW ppu": "$6.50 / 1EA"
  },
  {
    "Brand_Product_Size": "Kleenex To Go Facial Tissues Aloe Vera Pocket Pack 6 pack",
    "WOW Price": 3.2,
    "WOW Size": "6 pack",
    "WOW ppu": "$5.93 / 100SS"
  },
  {
    "Brand_Product_Size": "Kleenex To Go Facial Tissues Aloe Vera Pocket Pack 6 pack",
    "WOW Price": 3.2,
    "WOW Size": "6 pack",
    "WOW ppu": "$5.93 / 100SS"
  },
  {
    "Brand_Product_Size": "Oscar Orsen Bobby Pins 4.5cm Blonde 200 pack",
    "WOW Price": 8.5,
    "WOW Size": "200 pack",
    "WOW ppu": ""
  },
  {
    "Brand_Product_Size": "Ansell Handy Clean Gloves Disposable 100 pack",
    "WOW Price": 18,
    "WOW Size": "100 pack",
    "WOW ppu": "$0.18 / 1EA"
  },
  {
    "Brand_Product_Size": "Keep It Cleaner Tortilla Veggie Chips Green Pea 125g",
    "WOW Price": 4,
    "WOW Size": "125g",
    "WOW ppu": "$3.20 / 100G"
  },
  {
    "Brand_Product_Size": "Schick Hydro Silk Trimstyle Kit each",
    "WOW Price": 20,
    "WOW Size": "each",
    "WOW ppu": ""
  },
  {
    "Brand_Product_Size": "Brutal Truth Shower Gel Rustic & Woody 500mL",
    "WOW Price": 13,
    "WOW Size": "500mL",
    "WOW ppu": "$2.60 / 100ML"
  },
  {
    "Brand_Product_Size": "Fletchers Gherkins Sweet Spiced 560g",
    "WOW Price": 4,
    "WOW Size": "560g",
    "WOW ppu": "$7.14 / 1KG"
  },
  {
    "Brand_Product_Size": "Nestle Bakers' Choice White Choc Melts 290g",
    "WOW Price": 3.85,
    "WOW Size": "290g",
    "WOW ppu": "$1.33 / 100G"
  },
  {
    "Brand_Product_Size": "Mother's Recipe Mango Pickle Mild 500g",
    "WOW Price": 4,
    "WOW Size": "500g",
    "WOW ppu": "$0.80 / 100G"
  },
  {
    "Brand_Product_Size": "Birds Eye Pommes Noisettes 350g",
    "WOW Price": 3.95,
    "WOW Size": "350g",
    "WOW ppu": "$11.29 / 1KG"
  },
  {
    "Brand_Product_Size": "Bonds Baby Stretchy Legging Boy Size 000 To 2 each",
    "WOW Price": 7.2,
    "WOW Size": "each",
    "WOW ppu": "$7.20 / 1EA"
  },
  {
    "Brand_Product_Size": "Cobram Estate Lemongrass & Ginger Meal Starters 375mL",
    "WOW Price": 10.5,
    "WOW Size": "375mL",
    "WOW ppu": "$2.80 / 100ML"
  },
  {
    "Brand_Product_Size": "Dollar Sweets Candy Eyeball Decor 25g",
    "WOW Price": 3,
    "WOW Size": "25g",
    "WOW ppu": "$12.00 / 100G"
  },
  {
    "Brand_Product_Size": "Lynx For Men Body Wash Ice Chill 400mL",
    "WOW Price": 4,
    "WOW Size": "400mL",
    "WOW ppu": "$1.00 / 100ML"
  },
  {
    "Brand_Product_Size": "Colgate 360 Degrees Whole Mouth Clean Compact Head Toothbrush Soft each",
    "WOW Price": 2.5,
    "WOW Size": "each",
    "WOW ppu": "$2.50 / 1EA"
  },
  {
    "Brand_Product_Size": "Leggos Tomato Paste Pizza Grlc Onion Herb Squeeze 400g",
    "WOW Price": 3.85,
    "WOW Size": "400g",
    "WOW ppu": "$0.96 / 100G"
  },
  {
    "Brand_Product_Size": "Macro Chocolate Orange Nuts 30g",
    "WOW Price": 1,
    "WOW Size": "30g",
    "WOW ppu": "$3.33 / 100G"
  },
  {
    "Brand_Product_Size": "Purina One Kitten Chicken Dry Cat Food 1.5kg",
    "WOW Price": 15,
    "WOW Size": "1.5kg",
    "WOW ppu": "$1.00 / 100G"
  },
  {
    "Brand_Product_Size": "Sunrice Quick Cups Microwave Fragrant Jasmine Rice 250g",
    "WOW Price": 2,
    "WOW Size": "250g",
    "WOW ppu": "$0.80 / 100G"
  },
  {
    "Brand_Product_Size": "Macro Pumpkin Kernels 250g",
    "WOW Price": 4,
    "WOW Size": "250g",
    "WOW ppu": "$16.00 / 1KG"
  },
  {
    "Brand_Product_Size": "Twisted Gluten Free Frozen Yoghurt Mini Multpack 4x120mL",
    "WOW Price": 7,
    "WOW Size": "4x120mL",
    "WOW ppu": "$1.46 / 100ML"
  },
  {
    "Brand_Product_Size": "Bull's-eye Original Bbq Sauce 300mL",
    "WOW Price": 4,
    "WOW Size": "300mL",
    "WOW ppu": "$1.33 / 100ML"
  },
  {
    "Brand_Product_Size": "Bertocchi Gold Short Rindless Bacon 400g",
    "WOW Price": 9,
    "WOW Size": "400g",
    "WOW ppu": "$22.50 / 1KG"
  },
  {
    "Brand_Product_Size": "Woolworths Panang Tofu With Rice Meal 350g",
    "WOW Price": 5,
    "WOW Size": "350g",
    "WOW ppu": "$1.43 / 100G"
  },
  {
    "Brand_Product_Size": "Cellucor C4 Ripped Sport Fruit Punch 255g",
    "WOW Price": 44,
    "WOW Size": "255g",
    "WOW ppu": "$17.25 / 100G"
  },
  {
    "Brand_Product_Size": "Hubba Bubba Groovy Grape Bubble Gum Tape 56g",
    "WOW Price": 2.4,
    "WOW Size": "56g",
    "WOW ppu": "$4.29 / 100G"
  },
  {
    "Brand_Product_Size": "Eno Salts Fruit Lemon 200g",
    "WOW Price": 10,
    "WOW Size": "200g",
    "WOW ppu": "$5.00 / 100G"
  },
  {
    "Brand_Product_Size": "Nestle Uncle Tobys Muesli Bars Yoghurt & Honeycomb 185g",
    "WOW Price": 4.3,
    "WOW Size": "185g",
    "WOW ppu": "$2.32 / 100G"
  },
  {
    "Brand_Product_Size": "Nestle Uncle Tobys Muesli Bars Yoghurt & Honeycomb 185g",
    "WOW Price": 4.3,
    "WOW Size": "185g",
    "WOW ppu": "$2.32 / 100G"
  },
  {
    "Brand_Product_Size": "Woolworths Thin Corn Cake With Brown Rice 150g",
    "WOW Price": 1.65,
    "WOW Size": "150g",
    "WOW ppu": "$1.10 / 100G"
  },
  {
    "Brand_Product_Size": "Smitten Cat Food Mince Beef 400g",
    "WOW Price": 0.85,
    "WOW Size": "400g",
    "WOW ppu": "$0.21 / 100G"
  },
  {
    "Brand_Product_Size": "L'oreal Excellence Creme Hair Colour 4.3 Dark Golden Brown each",
    "WOW Price": 16,
    "WOW Size": "each",
    "WOW ppu": ""
  },
  {
    "Brand_Product_Size": "Yumi's Traditional Garlic Dip 1kg",
    "WOW Price": 7,
    "WOW Size": "1kg",
    "WOW ppu": "$0.70 / 100G"
  },
  {
    "Brand_Product_Size": "Opti-free Contact Solution Pure Moist 90mL",
    "WOW Price": 8,
    "WOW Size": "90mL",
    "WOW ppu": "$8.89 / 100ML"
  },
  {
    "Brand_Product_Size": "Bonds Boys Trunk Size 4 To 6 & 6 To 8 3 pack",
    "WOW Price": 10.5,
    "WOW Size": "3 pack",
    "WOW ppu": ""
  },
  {
    "Brand_Product_Size": "Annalisa Organically Farmed Red Kidney Beans 400g",
    "WOW Price": 1.6,
    "WOW Size": "400g",
    "WOW ppu": "$0.40 / 100G"
  },
  {
    "Brand_Product_Size": "Sally Hansen Nail Polish Strobe Light each",
    "WOW Price": 3.5,
    "WOW Size": "each",
    "WOW ppu": "$2.38 / 10ML"
  },
  {
    "Brand_Product_Size": "Jack The Barber Sandalwood Beard Balm 50g",
    "WOW Price": 7.5,
    "WOW Size": "50g",
    "WOW ppu": "$15.00 / 100G"
  },
  {
    "Brand_Product_Size": "Aeroplane Chocolate Mousse Mix 65g",
    "WOW Price": 2.25,
    "WOW Size": "65g",
    "WOW ppu": "$3.46 / 100G"
  },
  {
    "Brand_Product_Size": "Pauls Yoghurt Pouch Vanilla Kids Yoghurt Blue 70g",
    "WOW Price": 1.4,
    "WOW Size": "70g",
    "WOW ppu": "$2.00 / 100G"
  },
  {
    "Brand_Product_Size": "Pauls Custard Vanilla 140g",
    "WOW Price": 2,
    "WOW Size": "140g",
    "WOW ppu": "$1.43 / 100G"
  },
  {
    "Brand_Product_Size": "My Dog Chicken Supreme With Cheese & Toppings Wet Dog Food Tray 100g",
    "WOW Price": 1,
    "WOW Size": "100g",
    "WOW ppu": "$1.00 / 100G"
  },
  {
    "Brand_Product_Size": "Sabco Xtra Sweep Indoor Broom each",
    "WOW Price": 14,
    "WOW Size": "each",
    "WOW ppu": "$14.00 / 1EA"
  },
  {
    "Brand_Product_Size": "Woolworths Greek Style Yoghurt 1kg",
    "WOW Price": 3.9,
    "WOW Size": "1kg",
    "WOW ppu": "$0.39 / 100G"
  },
  {
    "Brand_Product_Size": "Bounce Keto Salted Caramel Low Carb Bar 5 pack",
    "WOW Price": 10,
    "WOW Size": "5 pack",
    "WOW ppu": "$5.71 / 100G"
  },
  {
    "Brand_Product_Size": "Energizer Usb-c Cable Black 1.2 Metre each",
    "WOW Price": 20,
    "WOW Size": "each",
    "WOW ppu": ""
  },
  {
    "Brand_Product_Size": "Inspire Soap Dispenser each",
    "WOW Price": 7,
    "WOW Size": "each",
    "WOW ppu": ""
  },
  {
    "Brand_Product_Size": "Toni & Guy Strength Plex Bond Repair Shampoo 250mL",
    "WOW Price": 8,
    "WOW Size": "250mL",
    "WOW ppu": "$3.20 / 100ML"
  },
  {
    "Brand_Product_Size": "Claratyne Hayfever Allergy Relief Antihistamine Tablets 10 pack",
    "WOW Price": 12,
    "WOW Size": "10 pack",
    "WOW ppu": "$1.20 / 1EA"
  },
  {
    "Brand_Product_Size": "Ajax Eco Antibacterial Disinfectant Cleaning Wipes Vanilla 110 pack",
    "WOW Price": 5,
    "WOW Size": "110 pack",
    "WOW ppu": "$0.05 / 1EA"
  },
  {
    "Brand_Product_Size": "Willow Swing N Stay Rubbish Bin 25L",
    "WOW Price": 21,
    "WOW Size": "25L",
    "WOW ppu": ""
  },
  {
    "Brand_Product_Size": "Garnier Fructis Full & Luscious Shampoo 850mL",
    "WOW Price": 7.5,
    "WOW Size": "850mL",
    "WOW ppu": "$0.88 / 100ML"
  },
  {
    "Brand_Product_Size": "Biostime Sn-2 Bio Plus Premium Organic Follow-on Formula Stage 2 800g",
    "WOW Price": 37,
    "WOW Size": "800g",
    "WOW ppu": "$4.63 / 100G"
  },
  {
    "Brand_Product_Size": "Nivea Black & White Roll On Antiperspirant Deodorant 50mL",
    "WOW Price": 3.5,
    "WOW Size": "50mL",
    "WOW ppu": "$7.00 / 100ML"
  },
  {
    "Brand_Product_Size": "Brut Aftershave Boxed 100mL",
    "WOW Price": 10.5,
    "WOW Size": "100mL",
    "WOW ppu": "$10.50 / 100ML"
  },
  {
    "Brand_Product_Size": "Aroma Juice 99.9% Aloe Vera 1L",
    "WOW Price": 12.4,
    "WOW Size": "1L",
    "WOW ppu": "$12.40 / 1L"
  },
  {
    "Brand_Product_Size": "Bonvit Roasted Dandelion Tea Bags 32 pack",
    "WOW Price": 8,
    "WOW Size": "32 pack",
    "WOW ppu": "$0.25 / 1EA"
  },
  {
    "Brand_Product_Size": "Bonvit Roasted Dandelion Tea Bags 32 pack",
    "WOW Price": 8,
    "WOW Size": "32 pack",
    "WOW ppu": "$0.25 / 1EA"
  },
  {
    "Brand_Product_Size": "Mint Stainless Steel Flat Spatula each",
    "WOW Price": 6,
    "WOW Size": "each",
    "WOW ppu": ""
  },
  {
    "Brand_Product_Size": "Pepe's Frozen Duck Dressed No18 1.8kg",
    "WOW Price": 18.99,
    "WOW Size": "1.8kg",
    "WOW ppu": "$10.55 / 1KG"
  },
  {
    "Brand_Product_Size": "Red Rock Deli Deluxe Crisps Parmesan & Black Truffle Oil 135g",
    "WOW Price": 4.65,
    "WOW Size": "135g",
    "WOW ppu": "$3.44 / 100G"
  },
  {
    "Brand_Product_Size": "Mission Pizza Bases Round 2 pack 200g",
    "WOW Price": 2.1,
    "WOW Size": "2 pack 200g",
    "WOW ppu": "$1.05 / 100G"
  },
  {
    "Brand_Product_Size": "Sunkist Orange Cans 375mL x10 pack",
    "WOW Price": 12.4,
    "WOW Size": "375mL x10 pack",
    "WOW ppu": "$3.31 / 1L"
  },
  {
    "Brand_Product_Size": "Don Ham Leg Honey Roasted Shaved 250g",
    "WOW Price": 6.4,
    "WOW Size": "250g",
    "WOW ppu": "$25.60 / 1KG"
  },
  {
    "Brand_Product_Size": "Don Ham Leg Honey Roasted Shaved 250g",
    "WOW Price": 6.4,
    "WOW Size": "250g",
    "WOW ppu": "$25.60 / 1KG"
  },
  {
    "Brand_Product_Size": "Scotch Mounting Tape Indoor each",
    "WOW Price": 7,
    "WOW Size": "each",
    "WOW ppu": "$7.00 / 1EA"
  },
  {
    "Brand_Product_Size": "Woolworths Tomato Truss 500g punnet",
    "WOW Price": 3.5,
    "WOW Size": "500g punnet",
    "WOW ppu": "$7.00 / 1KG"
  },
  {
    "Brand_Product_Size": "Colgate 360 Degrees Optic White Power Toothbrush Medium each",
    "WOW Price": 8,
    "WOW Size": "each",
    "WOW ppu": "$8.00 / 1EA"
  },
  {
    "Brand_Product_Size": "White Wings Cheesecake Layer Mix 200g",
    "WOW Price": 3.2,
    "WOW Size": "200g",
    "WOW ppu": "$1.60 / 100G"
  },
  {
    "Brand_Product_Size": "Propert Kitchen Appliance Scale Jug each",
    "WOW Price": 15,
    "WOW Size": "each",
    "WOW ppu": ""
  },
  {
    "Brand_Product_Size": "Macro Organic Beetroot Punnet 500g",
    "WOW Price": 5.5,
    "WOW Size": "500g",
    "WOW ppu": "$11.00 / 1KG"
  },
  {
    "Brand_Product_Size": "Bonne Maman Raspberry Jam 370g",
    "WOW Price": 5.2,
    "WOW Size": "370g",
    "WOW ppu": "$1.41 / 100G"
  },
  {
    "Brand_Product_Size": "Maybelline The Blushed Nudes Eyeshadow Nudes each",
    "WOW Price": 13.5,
    "WOW Size": "each",
    "WOW ppu": "$14.06 / 10G"
  },
  {
    "Brand_Product_Size": "Ultimates Indulge Lamb Mince / Beef Mince With Gravy 12x100g",
    "WOW Price": 11,
    "WOW Size": "12x100g",
    "WOW ppu": "$0.92 / 100G"
  },
  {
    "Brand_Product_Size": "Woolworths Australian Canola Oil 4L",
    "WOW Price": 8.8,
    "WOW Size": "4L",
    "WOW ppu": "$0.22 / 100ML"
  },
  {
    "Brand_Product_Size": "Ingham's Turkey Breast Strips 400g",
    "WOW Price": 7,
    "WOW Size": "400g",
    "WOW ppu": "$17.50 / 1KG"
  },
  {
    "Brand_Product_Size": "Carman's Honey, Vanilla & Cinnamon Gourmet Porridge Sachets 320g",
    "WOW Price": 6,
    "WOW Size": "320g",
    "WOW ppu": "$1.88 / 100G"
  },
  {
    "Brand_Product_Size": "Nerf Launching Duck Dog Toy each",
    "WOW Price": 9.8,
    "WOW Size": "each",
    "WOW ppu": "$9.80 / 1EA"
  },
  {
    "Brand_Product_Size": "Huggies Ultra Dry Nappies Toddler 10-15kg Boy 36 pack buLk",
    "WOW Price": 16,
    "WOW Size": "36 pack buLk",
    "WOW ppu": "$0.44 / 1EA"
  },
  {
    "Brand_Product_Size": "Pork Belly 600g - 1.3kg",
    "WOW Price": 20.8,
    "WOW Size": "600g - 1.3kg",
    "WOW ppu": "$16.00 / 1KG"
  },
  {
    "Brand_Product_Size": "Ingham's Oven Roasted Turkey Breast Sliced From The Deli per kg",
    "WOW Price": 26,
    "WOW Size": "per kg",
    "WOW ppu": "$26.00 / 1KG"
  },
  {
    "Brand_Product_Size": "Freedom Foods Cereal Muesli Gluten And Wheat Free 500g",
    "WOW Price": 5.5,
    "WOW Size": "500g",
    "WOW ppu": "$1.10 / 100G"
  },
  {
    "Brand_Product_Size": "Kleenex Facial Tissue Cube 85 pack",
    "WOW Price": 2.3,
    "WOW Size": "85 pack",
    "WOW ppu": "$2.71 / 100SS"
  },
  {
    "Brand_Product_Size": "Kleenex Facial Tissue Cube 85 pack",
    "WOW Price": 2.3,
    "WOW Size": "85 pack",
    "WOW ppu": "$2.71 / 100SS"
  },
  {
    "Brand_Product_Size": "Ostelin Vitamin D3 Capsules 130 pack",
    "WOW Price": 26,
    "WOW Size": "130 pack",
    "WOW ppu": "$20.00 / 100EA"
  },
  {
    "Brand_Product_Size": "Ichiban Noodle Spicy Sichuan Beef 140g",
    "WOW Price": 3.5,
    "WOW Size": "140g",
    "WOW ppu": "$2.50 / 100G"
  },
  {
    "Brand_Product_Size": "Cenovis Echinacea 5000 Capsules 60 pack",
    "WOW Price": 15,
    "WOW Size": "60 pack",
    "WOW ppu": "$25.00 / 100EA"
  },
  {
    "Brand_Product_Size": "Jack Hammer Paint Brush Twin 25mm/50mm each",
    "WOW Price": 8,
    "WOW Size": "each",
    "WOW ppu": ""
  },
  {
    "Brand_Product_Size": "Woolworths Essentials Notebook 96 Page 5 pack",
    "WOW Price": 2,
    "WOW Size": "5 pack",
    "WOW ppu": ""
  },
  {
    "Brand_Product_Size": "Essentials White Sugar 3kg",
    "WOW Price": 2.7,
    "WOW Size": "3kg",
    "WOW ppu": "$0.09 / 100G"
  },
  {
    "Brand_Product_Size": "Connoisseur Ice Cream Mint Choc Cookie 4 pack",
    "WOW Price": 6,
    "WOW Size": "4 pack",
    "WOW ppu": "$1.32 / 100ML"
  },
  {
    "Brand_Product_Size": "Sara Lee Ice Cream Salted Caramel With Hazelnuts 1L tub",
    "WOW Price": 6.5,
    "WOW Size": "1L tub",
    "WOW ppu": "$0.65 / 100ML"
  },
  {
    "Brand_Product_Size": "Woolworths Lattice Apple Pie 1kg",
    "WOW Price": 12,
    "WOW Size": "1kg",
    "WOW ppu": "$1.20 / 100G"
  },
  {
    "Brand_Product_Size": "Gillette Sensor3 Sensitive 4 pack",
    "WOW Price": 6.5,
    "WOW Size": "4 pack",
    "WOW ppu": "$1.63 / 1EA"
  },
  {
    "Brand_Product_Size": "Zanetti Parmigiano Reggiano 200g",
    "WOW Price": 13,
    "WOW Size": "200g",
    "WOW ppu": "$65.00 / 1KG"
  },
  {
    "Brand_Product_Size": "Zanetti Parmigiano Reggiano 200g",
    "WOW Price": 13,
    "WOW Size": "200g",
    "WOW ppu": "$65.00 / 1KG"
  },
  {
    "Brand_Product_Size": "Birds Eye Golden Crunch Hash Browns 800g",
    "WOW Price": 3.3,
    "WOW Size": "800g",
    "WOW ppu": "$4.13 / 1KG"
  },
  {
    "Brand_Product_Size": "Essentials Garlic Bread 450g",
    "WOW Price": 1.9,
    "WOW Size": "450g",
    "WOW ppu": "$0.42 / 100G"
  },
  {
    "Brand_Product_Size": "Essentials Assorted Plastic Cutlery Set 18 pack",
    "WOW Price": 1,
    "WOW Size": "18 pack",
    "WOW ppu": "$1.00 / 1EA"
  },
  {
    "Brand_Product_Size": "Just Caught Multiseed Crumbed Fish Fillets 880g",
    "WOW Price": 10,
    "WOW Size": "880g",
    "WOW ppu": "$11.36 / 1KG"
  },
  {
    "Brand_Product_Size": "Woolworths Wholegrain Wrap 8pk 360g",
    "WOW Price": 2,
    "WOW Size": "360g",
    "WOW ppu": "$0.56 / 100G"
  },
  {
    "Brand_Product_Size": "Schick Hydro Razor 5 Kit each",
    "WOW Price": 6.5,
    "WOW Size": "each",
    "WOW ppu": "$6.50 / 1EA"
  },
  {
    "Brand_Product_Size": "Hercules Sustain 50% Plant Based Storage Bags 15 pack",
    "WOW Price": 3.3,
    "WOW Size": "15 pack",
    "WOW ppu": "$0.22 / 1EA"
  },
  {
    "Brand_Product_Size": "Oki Coating Original Chicken 120g",
    "WOW Price": 1.7,
    "WOW Size": "120g",
    "WOW ppu": "$1.42 / 100G"
  },
  {
    "Brand_Product_Size": "Minor Figures Barista Oat Uht Light Milk 1L",
    "WOW Price": 4.8,
    "WOW Size": "1L",
    "WOW ppu": "$4.80 / 1L"
  },
  {
    "Brand_Product_Size": "Minor Figures Barista Oat Uht Light Milk 1L",
    "WOW Price": 4.8,
    "WOW Size": "1L",
    "WOW ppu": "$4.80 / 1L"
  },
  {
    "Brand_Product_Size": "Philips Led 470lm Warm Es 2 pack",
    "WOW Price": 6.5,
    "WOW Size": "2 pack",
    "WOW ppu": "$3.25 / 1EA"
  },
  {
    "Brand_Product_Size": "Mint Vegetable Spiral Cutter each",
    "WOW Price": 2,
    "WOW Size": "each",
    "WOW ppu": ""
  },
  {
    "Brand_Product_Size": "Woolworths Frozen Meal Chicken Korma & Rice 375g",
    "WOW Price": 3,
    "WOW Size": "375g",
    "WOW ppu": "$0.80 / 100G"
  },
  {
    "Brand_Product_Size": "Prana On Plant Protein Treat Choc Fudge Flavour 38g",
    "WOW Price": 3.8,
    "WOW Size": "38g",
    "WOW ppu": "$10.00 / 100G"
  },
  {
    "Brand_Product_Size": "Mr Kipling Cake Angel Slices Snack Pack 6 pack",
    "WOW Price": 4,
    "WOW Size": "6 pack",
    "WOW ppu": "$0.67 / 1EA"
  },
  {
    "Brand_Product_Size": "Edgell Creamed Corn Value Pack 4x125g",
    "WOW Price": 3,
    "WOW Size": "4x125g",
    "WOW ppu": "$6.00 / 1KG"
  },
  {
    "Brand_Product_Size": "Cellucor C4 Ripped Sport Arctic Snow Cone 246g",
    "WOW Price": 44,
    "WOW Size": "246g",
    "WOW ppu": "$1.47 / 1EA"
  },
  {
    "Brand_Product_Size": "South Cape Danish Style Fetta 200g",
    "WOW Price": 4,
    "WOW Size": "200g",
    "WOW ppu": "$20.00 / 1KG"
  },
  {
    "Brand_Product_Size": "South Cape Danish Style Fetta 200g",
    "WOW Price": 4,
    "WOW Size": "200g",
    "WOW ppu": "$20.00 / 1KG"
  },
  {
    "Brand_Product_Size": "Underworks Womens All Day Cushion Foot Socks Black Size 5-8 2 pack",
    "WOW Price": 15,
    "WOW Size": "2 pack",
    "WOW ppu": "$7.50 / 1EA"
  },
  {
    "Brand_Product_Size": "Green's Orange Poppyseed Cake Mix 580g",
    "WOW Price": 4,
    "WOW Size": "580g",
    "WOW ppu": "$0.69 / 100G"
  },
  {
    "Brand_Product_Size": "Oral-b 3d White Luxe Whitening Treatments Advanced Seal each",
    "WOW Price": 34.99,
    "WOW Size": "each",
    "WOW ppu": "$2.50 / 1EA"
  },
  {
    "Brand_Product_Size": "Continental Naturally Tasty Recipe Base Beef Stew 63g",
    "WOW Price": 2.4,
    "WOW Size": "63g",
    "WOW ppu": "$3.81 / 100G"
  },
  {
    "Brand_Product_Size": "So Delicious Coconut Tropical Punch 150g",
    "WOW Price": 1.75,
    "WOW Size": "150g",
    "WOW ppu": "$1.17 / 100G"
  },
  {
    "Brand_Product_Size": "Lao Gan Ma Chilli Sauce Chicken 210g",
    "WOW Price": 4.25,
    "WOW Size": "210g",
    "WOW ppu": "$2.02 / 100G"
  },
  {
    "Brand_Product_Size": "Woolworths Curried Sausages 800g",
    "WOW Price": 10,
    "WOW Size": "800g",
    "WOW ppu": "$1.25 / 100G"
  },
  {
    "Brand_Product_Size": "L'oreal Excellence Creme Hair Colour 6 Light Brown each",
    "WOW Price": 16,
    "WOW Size": "each",
    "WOW ppu": ""
  },
  {
    "Brand_Product_Size": "Impressed Cold Pressed Jack Rose Juice 325mL",
    "WOW Price": 3.6,
    "WOW Size": "325mL",
    "WOW ppu": "$11.08 / 1L"
  },
  {
    "Brand_Product_Size": "Herbal Essences Repair Argan Oil Shampoo 400mL",
    "WOW Price": 6,
    "WOW Size": "400mL",
    "WOW ppu": "$1.50 / 100ML"
  },
  {
    "Brand_Product_Size": "Four Seasons Naked Sensations Condoms 50 pack",
    "WOW Price": 22.5,
    "WOW Size": "50 pack",
    "WOW ppu": "$0.45 / 1EA"
  },
  {
    "Brand_Product_Size": "Biore Combo Deep Cleansing Pore Strips 14 pack",
    "WOW Price": 6.6,
    "WOW Size": "14 pack",
    "WOW ppu": "$0.47 / 1EA"
  },
  {
    "Brand_Product_Size": "Vaalia Low Fat Luscious Berries Yoghurt 900g",
    "WOW Price": 5.8,
    "WOW Size": "900g",
    "WOW ppu": "$0.64 / 100G"
  },
  {
    "Brand_Product_Size": "Armor All Vanilla Air Freshener each",
    "WOW Price": 6,
    "WOW Size": "each",
    "WOW ppu": ""
  },
  {
    "Brand_Product_Size": "Don Strasburg Roll 500g",
    "WOW Price": 6.9,
    "WOW Size": "500g",
    "WOW ppu": "$13.80 / 1KG"
  },
  {
    "Brand_Product_Size": "Chris' Dips Egyptian Beetroot 200g",
    "WOW Price": 3.5,
    "WOW Size": "200g",
    "WOW ppu": "$1.75 / 100G"
  },
  {
    "Brand_Product_Size": "Lynx Anarchy For Her Deodorant Spray 165mL",
    "WOW Price": 3.5,
    "WOW Size": "165mL",
    "WOW ppu": "$2.12 / 100ML"
  },
  {
    "Brand_Product_Size": "Bnei Darom Ingredients Black Olives Pitted 560g",
    "WOW Price": 5,
    "WOW Size": "560g",
    "WOW ppu": "$0.89 / 100G"
  },
  {
    "Brand_Product_Size": "Rufus & Coco Tuff Fluff Snuggle Dog Toy each",
    "WOW Price": 18,
    "WOW Size": "each",
    "WOW ppu": "$18.00 / 1EA"
  },
  {
    "Brand_Product_Size": "Mount Franklin Lightly Sparkling Water Bottle 450mL x4 pack",
    "WOW Price": 6.6,
    "WOW Size": "450mL x4 pack",
    "WOW ppu": "$3.67 / 1L"
  },
  {
    "Brand_Product_Size": "Tabasco Habanero Sauce 60mL",
    "WOW Price": 5.5,
    "WOW Size": "60mL",
    "WOW ppu": "$9.17 / 100ML"
  },
  {
    "Brand_Product_Size": "Gourmet Garden Oregano Lightly Dried 5g",
    "WOW Price": 3.5,
    "WOW Size": "5g",
    "WOW ppu": "$7.00 / 10G"
  },
  {
    "Brand_Product_Size": "Gourmet Garden Oregano Lightly Dried 5g",
    "WOW Price": 3.5,
    "WOW Size": "5g",
    "WOW ppu": "$7.00 / 10G"
  },
  {
    "Brand_Product_Size": "Hoyt's Mustard Powder 50g",
    "WOW Price": 1.8,
    "WOW Size": "50g",
    "WOW ppu": "$0.36 / 10G"
  },
  {
    "Brand_Product_Size": "Noshu 99% Sugar Free Low Carb Pancake Mix 240g",
    "WOW Price": 6,
    "WOW Size": "240g",
    "WOW ppu": "$2.50 / 100G"
  },
  {
    "Brand_Product_Size": "Master Lock Combination Lock Brass 40mm each",
    "WOW Price": 20,
    "WOW Size": "each",
    "WOW ppu": "$20.00 / 1EA"
  },
  {
    "Brand_Product_Size": "Jack The Barber Clay 95g",
    "WOW Price": 7.5,
    "WOW Size": "95g",
    "WOW ppu": "$7.89 / 100G"
  },
  {
    "Brand_Product_Size": "Quitnits Head Lice Solution 125mL",
    "WOW Price": 23.5,
    "WOW Size": "125mL",
    "WOW ppu": "$18.80 / 100ML"
  },
  {
    "Brand_Product_Size": "Sistema Splits Quad 1.7L",
    "WOW Price": 8,
    "WOW Size": "1.7L",
    "WOW ppu": "$8.00 / 1EA"
  },
  {
    "Brand_Product_Size": "Redwin Anti Dandruff Shampoo Tea Tree Treatment 250mL",
    "WOW Price": 4.85,
    "WOW Size": "250mL",
    "WOW ppu": "$1.94 / 100ML"
  },
  {
    "Brand_Product_Size": "Maybelline Nudes Of New York Eyeshadow Palette each",
    "WOW Price": 17.5,
    "WOW Size": "each",
    "WOW ppu": "$9.72 / 10G"
  },
  {
    "Brand_Product_Size": "Mount Franklin Lightly Sparkling Raspberry 375mL x10 pack",
    "WOW Price": 7.9,
    "WOW Size": "375mL x10 pack",
    "WOW ppu": "$2.11 / 1L"
  },
  {
    "Brand_Product_Size": "Safcol Tuna Springwater 74g",
    "WOW Price": 2,
    "WOW Size": "74g",
    "WOW ppu": "$27.03 / 1KG"
  },
  {
    "Brand_Product_Size": "Sandhurst Baby Capers In Wine Vinegar 110g",
    "WOW Price": 2.6,
    "WOW Size": "110g",
    "WOW ppu": "$23.64 / 1KG"
  },
  {
    "Brand_Product_Size": "Bertolli With Butter Margarine And A Pinch Of Sea Salt 400g",
    "WOW Price": 4.5,
    "WOW Size": "400g",
    "WOW ppu": "$1.13 / 100G"
  },
  {
    "Brand_Product_Size": "White King Stain Remover For Colours Trigger 500mL",
    "WOW Price": 3.6,
    "WOW Size": "500mL",
    "WOW ppu": "$7.20 / 1L"
  },
  {
    "Brand_Product_Size": "Woolworths Orange Mango Drink 2L",
    "WOW Price": 1.9,
    "WOW Size": "2L",
    "WOW ppu": "$0.95 / 1L"
  },
  {
    "Brand_Product_Size": "Good To Go Tasty Cheese & Mild Twiggy Sticks 40g",
    "WOW Price": 3,
    "WOW Size": "40g",
    "WOW ppu": "$75.00 / 1KG"
  },
  {
    "Brand_Product_Size": "Rain Or Shine Poncho Adult Grey each",
    "WOW Price": 4.95,
    "WOW Size": "each",
    "WOW ppu": ""
  },
  {
    "Brand_Product_Size": "Toni & Guy Nourish Reconstruction Mask 200mL",
    "WOW Price": 16,
    "WOW Size": "200mL",
    "WOW ppu": "$8.00 / 100ML"
  },
  {
    "Brand_Product_Size": "Swisse Ultivite Women's Tablets F1 60 pack",
    "WOW Price": 15,
    "WOW Size": "60 pack",
    "WOW ppu": "$25.00 / 100EA"
  },
  {
    "Brand_Product_Size": "Yumi's Traditional Garlic Dip 200g",
    "WOW Price": 4,
    "WOW Size": "200g",
    "WOW ppu": "$2.00 / 100G"
  },
  {
    "Brand_Product_Size": "Riverina Fresh Skim Milk 2L",
    "WOW Price": 3.2,
    "WOW Size": "2L",
    "WOW ppu": "$1.60 / 1L"
  },
  {
    "Brand_Product_Size": "Revlon Ultimate All-in-one Mascara Waterproof Blackest Black 8.5mL",
    "WOW Price": 12,
    "WOW Size": "8.5mL",
    "WOW ppu": "$14.12 / 10ML"
  },
  {
    "Brand_Product_Size": "Keens Curry Powder 120g",
    "WOW Price": 4.7,
    "WOW Size": "120g",
    "WOW ppu": "$0.39 / 10G"
  },
  {
    "Brand_Product_Size": "Pandaroo Japanese Ginger Sushi 200g",
    "WOW Price": 3.25,
    "WOW Size": "200g",
    "WOW ppu": "$1.63 / 100G"
  },
  {
    "Brand_Product_Size": "Daily Juice Apple Watermelon Raspberry 2L",
    "WOW Price": 5,
    "WOW Size": "2L",
    "WOW ppu": "$2.50 / 1L"
  },
  {
    "Brand_Product_Size": "Nissin Ramen Hokkaido Miso 5 pack",
    "WOW Price": 6.75,
    "WOW Size": "5 pack",
    "WOW ppu": "$1.27 / 100G"
  },
  {
    "Brand_Product_Size": "Armada Pattern Serviettes 20 pack",
    "WOW Price": 2.5,
    "WOW Size": "20 pack",
    "WOW ppu": ""
  },
  {
    "Brand_Product_Size": "Fancy Feast Adult Petit Cuisine Turkey Liver Chicken Wet Cat Food 50g x6 pack",
    "WOW Price": 5,
    "WOW Size": "50g x6 pack",
    "WOW ppu": "$1.67 / 100G"
  },
  {
    "Brand_Product_Size": "Masterfoods Recipe Base Tuscan Meatballs 175g",
    "WOW Price": 2.2,
    "WOW Size": "175g",
    "WOW ppu": "$1.26 / 100G"
  },
  {
    "Brand_Product_Size": "Tresemme Colour Shineplex Mask 300mL",
    "WOW Price": 5,
    "WOW Size": "300mL",
    "WOW ppu": "$1.67 / 100ML"
  },
  {
    "Brand_Product_Size": "Smash Wetsuit Pencil Case Medium each",
    "WOW Price": 5,
    "WOW Size": "each",
    "WOW ppu": ""
  },
  {
    "Brand_Product_Size": "Mint Non-stick Coating Jumbo Frypan 32cm each",
    "WOW Price": 15,
    "WOW Size": "each",
    "WOW ppu": ""
  },
  {
    "Brand_Product_Size": "Seasol Powerfeed All Purpose Plant Fertiliser 600mL",
    "WOW Price": 8.2,
    "WOW Size": "600mL",
    "WOW ppu": "$1.37 / 100ML"
  },
  {
    "Brand_Product_Size": "Woolworths Fresh Round Loaf Maasdam Cheese per kg",
    "WOW Price": 22,
    "WOW Size": "per kg",
    "WOW ppu": "$22.00 / 1KG"
  },
  {
    "Brand_Product_Size": "Woolworths Fresh Round Loaf Maasdam Cheese per kg",
    "WOW Price": 22,
    "WOW Size": "per kg",
    "WOW ppu": "$22.00 / 1KG"
  },
  {
    "Brand_Product_Size": "Uncle Ben's Microwave Mexican Style Rice 250g",
    "WOW Price": 3.25,
    "WOW Size": "250g",
    "WOW ppu": "$1.30 / 100G"
  },
  {
    "Brand_Product_Size": "Frey Dark Chocolate Block 69% 100g",
    "WOW Price": 4,
    "WOW Size": "100g",
    "WOW ppu": "$4.00 / 100G"
  },
  {
    "Brand_Product_Size": "Kellogg's Nutri-grain Protein Breakfast Cereal 500g",
    "WOW Price": 3.37,
    "WOW Size": "500g",
    "WOW ppu": "$0.67 / 100G"
  },
  {
    "Brand_Product_Size": "Woolworths Peanut Cookies 175g",
    "WOW Price": 1.75,
    "WOW Size": "175g",
    "WOW ppu": "$1.00 / 100G"
  },
  {
    "Brand_Product_Size": "White Wings Gluten Free Self Raising Flour 500g",
    "WOW Price": 5,
    "WOW Size": "500g",
    "WOW ppu": "$1.00 / 100G"
  },
  {
    "Brand_Product_Size": "Bic Kids Triangular Colouring Pencils 12 pack",
    "WOW Price": 4.25,
    "WOW Size": "12 pack",
    "WOW ppu": ""
  },
  {
    "Brand_Product_Size": "Cadbury Baking Dark Chocolate 70% Cacao 180g",
    "WOW Price": 3,
    "WOW Size": "180g",
    "WOW ppu": "$1.67 / 100G"
  },
  {
    "Brand_Product_Size": "Kikkoman Soy Sauce Soy 600mL",
    "WOW Price": 6.4,
    "WOW Size": "600mL",
    "WOW ppu": "$1.07 / 100ML"
  },
  {
    "Brand_Product_Size": "Woolworths Drought Relief Lite Milk 2L",
    "WOW Price": 2.39,
    "WOW Size": "2L",
    "WOW ppu": "$1.20 / 1L"
  },
  {
    "Brand_Product_Size": "Twinings Asha Blissful Green 18 pack",
    "WOW Price": 6,
    "WOW Size": "18 pack",
    "WOW ppu": "$0.33 / 1EA"
  },
  {
    "Brand_Product_Size": "Twinings Asha Blissful Green 18 pack",
    "WOW Price": 6,
    "WOW Size": "18 pack",
    "WOW ppu": "$0.33 / 1EA"
  },
  {
    "Brand_Product_Size": "Energizer Metal Led Flashlight 2 Aa each",
    "WOW Price": 14.99,
    "WOW Size": "each",
    "WOW ppu": ""
  },
  {
    "Brand_Product_Size": "Optimum Adult Dog Food With Chicken, Veges & Rice 3kg",
    "WOW Price": 13,
    "WOW Size": "3kg",
    "WOW ppu": "$0.43 / 100G"
  },
  {
    "Brand_Product_Size": "Nature's Way Odourless Fish Oil 1500mg 200 pack",
    "WOW Price": 20,
    "WOW Size": "200 pack",
    "WOW ppu": "$10.00 / 100EA"
  },
  {
    "Brand_Product_Size": "Four'n Twenty Sausage Roll Party 500g",
    "WOW Price": 6,
    "WOW Size": "500g",
    "WOW ppu": "$1.20 / 100G"
  },
  {
    "Brand_Product_Size": "Inspire Plush Throw Assorted each",
    "WOW Price": 15,
    "WOW Size": "each",
    "WOW ppu": ""
  },
  {
    "Brand_Product_Size": "Darrell Lea Traditional Milk Chocolate Block 170g",
    "WOW Price": 5,
    "WOW Size": "170g",
    "WOW ppu": "$2.94 / 100G"
  },
  {
    "Brand_Product_Size": "Nicorette Quit Smoking Extra Strength Fresh Fruit Chewing Gum 4mg 75 pack",
    "WOW Price": 29,
    "WOW Size": "75 pack",
    "WOW ppu": "$0.39 / 1EA"
  },
  {
    "Brand_Product_Size": "Spc Prunes In Juice 425g",
    "WOW Price": 2.7,
    "WOW Size": "425g",
    "WOW ppu": "$6.35 / 1KG"
  },
  {
    "Brand_Product_Size": "Bic Flex 3 Hybrid Shaver 5 pack",
    "WOW Price": 8,
    "WOW Size": "5 pack",
    "WOW ppu": "$1.60 / 1EA"
  },
  {
    "Brand_Product_Size": "The First Years Take & Toss Cutlery Feeding Spoons Infant 12 pack",
    "WOW Price": 3.5,
    "WOW Size": "12 pack",
    "WOW ppu": "$0.29 / 1EA"
  },
  {
    "Brand_Product_Size": "Maretti Bruschette Roasted Garlic 150g",
    "WOW Price": 2.5,
    "WOW Size": "150g",
    "WOW ppu": "$1.67 / 100G"
  },
  {
    "Brand_Product_Size": "Earth Meat Free Sausages 300g",
    "WOW Price": 7,
    "WOW Size": "300g",
    "WOW ppu": "$2.33 / 100G"
  },
  {
    "Brand_Product_Size": "Maese Miguel Manchego Cheese per kg",
    "WOW Price": 60,
    "WOW Size": "per kg",
    "WOW ppu": "$60.00 / 1KG"
  },
  {
    "Brand_Product_Size": "Maese Miguel Manchego Cheese per kg",
    "WOW Price": 60,
    "WOW Size": "per kg",
    "WOW ppu": "$60.00 / 1KG"
  },
  {
    "Brand_Product_Size": "Sam's Pantry Quick Oat Sachets Mixed Berry 10 pack",
    "WOW Price": 4,
    "WOW Size": "10 pack",
    "WOW ppu": "$1.14 / 100G"
  },
  {
    "Brand_Product_Size": "The Natural Chip Co. Sour Cream & Chives 220g",
    "WOW Price": 2.5,
    "WOW Size": "220g",
    "WOW ppu": "$1.14 / 100G"
  },
  {
    "Brand_Product_Size": "Rimmel Volume On Demand Mascara Black each",
    "WOW Price": 9.5,
    "WOW Size": "each",
    "WOW ppu": "$7.92 / 10ML"
  },
  {
    "Brand_Product_Size": "Total Care Palatable Allwormer For Cats & Kittens 2 pack",
    "WOW Price": 13,
    "WOW Size": "2 pack",
    "WOW ppu": "$6.50 / 1EA"
  },
  {
    "Brand_Product_Size": "Tetley Cold Infusions Mint Lemon & Cucumber 14 pack",
    "WOW Price": 3,
    "WOW Size": "14 pack",
    "WOW ppu": "$0.21 / 1EA"
  },
  {
    "Brand_Product_Size": "Ceres Organics Gherkins 670g",
    "WOW Price": 6.5,
    "WOW Size": "670g",
    "WOW ppu": "$0.97 / 100G"
  },
  {
    "Brand_Product_Size": "Noshu 98% Sugar Free White Choc & Raspberry Blondie Slices 180g",
    "WOW Price": 6.5,
    "WOW Size": "180g",
    "WOW ppu": "$3.61 / 100G"
  },
  {
    "Brand_Product_Size": "Cadbury Old Gold Dark Chocolate Roast Almond 180g",
    "WOW Price": 4.5,
    "WOW Size": "180g",
    "WOW ppu": "$2.50 / 100G"
  },
  {
    "Brand_Product_Size": "Macro Honey Soy Tofu 200g",
    "WOW Price": 4,
    "WOW Size": "200g",
    "WOW ppu": "$20.00 / 1KG"
  },
  {
    "Brand_Product_Size": "Garnier Fructis Nutri-repair 3 Conditioner 315mL",
    "WOW Price": 7,
    "WOW Size": "315mL",
    "WOW ppu": "$2.22 / 100ML"
  },
  {
    "Brand_Product_Size": "S&w Vegan Mayonnaise 460g",
    "WOW Price": 5.5,
    "WOW Size": "460g",
    "WOW ppu": "$1.20 / 100G"
  },
  {
    "Brand_Product_Size": "Purina One Adult Ocean Fish In Gravy Wet Cat Food 70g",
    "WOW Price": 1.8,
    "WOW Size": "70g",
    "WOW ppu": "$2.57 / 100G"
  },
  {
    "Brand_Product_Size": "Bega Tasty Cheese Slices 500g",
    "WOW Price": 9,
    "WOW Size": "500g",
    "WOW ppu": "$18.00 / 1KG"
  },
  {
    "Brand_Product_Size": "Bega Tasty Cheese Slices 500g",
    "WOW Price": 9,
    "WOW Size": "500g",
    "WOW ppu": "$18.00 / 1KG"
  },
  {
    "Brand_Product_Size": "Vitapet Fish Food Goldfish Flake Plus 90g",
    "WOW Price": 7.6,
    "WOW Size": "90g",
    "WOW ppu": "$8.44 / 100G"
  },
  {
    "Brand_Product_Size": "Capilano Honey Jar 500g",
    "WOW Price": 8.6,
    "WOW Size": "500g",
    "WOW ppu": "$1.72 / 100G"
  },
  {
    "Brand_Product_Size": "Capilano Honey Jar 500g",
    "WOW Price": 8.6,
    "WOW Size": "500g",
    "WOW ppu": "$1.72 / 100G"
  },
  {
    "Brand_Product_Size": "Lindt Fruit Sensation Raspberry Cranberry 150g",
    "WOW Price": 6,
    "WOW Size": "150g",
    "WOW ppu": "$4.00 / 100G"
  },
  {
    "Brand_Product_Size": "Ayam Black Sesame Oil 210mL",
    "WOW Price": 5.5,
    "WOW Size": "210mL",
    "WOW ppu": "$2.62 / 100ML"
  },
  {
    "Brand_Product_Size": "Woolworths Nut Oven Roasted Premium Mix 400g",
    "WOW Price": 8,
    "WOW Size": "400g",
    "WOW ppu": "$20.00 / 1KG"
  },
  {
    "Brand_Product_Size": "Heinz Soup Of The Day Pouch Sweet Potato Chickpea 430g",
    "WOW Price": 3,
    "WOW Size": "430g",
    "WOW ppu": "$0.70 / 100G"
  },
  {
    "Brand_Product_Size": "Aerogard Insect Repellent Tropical 150g",
    "WOW Price": 8.5,
    "WOW Size": "150g",
    "WOW ppu": "$5.67 / 100G"
  },
  {
    "Brand_Product_Size": "Decor Tellfresh Storer Oblong Tall 800mL",
    "WOW Price": 5,
    "WOW Size": "800mL",
    "WOW ppu": ""
  },
  {
    "Brand_Product_Size": "Obela Smooth Classic Hommus To Go Singles 60g x3 pack",
    "WOW Price": 2.5,
    "WOW Size": "60g x3 pack",
    "WOW ppu": "$1.39 / 100G"
  },
  {
    "Brand_Product_Size": "Obela Smooth Classic Hommus To Go Singles 60g x3 pack",
    "WOW Price": 2.5,
    "WOW Size": "60g x3 pack",
    "WOW ppu": "$1.39 / 100G"
  },
  {
    "Brand_Product_Size": "Green Gardener Garden Hose Connector 12mm 1 pack",
    "WOW Price": 3,
    "WOW Size": "1 pack",
    "WOW ppu": ""
  },
  {
    "Brand_Product_Size": "Peckish Thins Rice Crackers Original 100g",
    "WOW Price": 2.2,
    "WOW Size": "100g",
    "WOW ppu": "$2.20 / 100G"
  },
  {
    "Brand_Product_Size": "Calbee Harvest Snaps Chickpea Crisps Sweet Potato & Miso 75g",
    "WOW Price": 3,
    "WOW Size": "75g",
    "WOW ppu": "$40.00 / 1KG"
  },
  {
    "Brand_Product_Size": "Bickford's Lemon Cordial 750mL",
    "WOW Price": 4,
    "WOW Size": "750mL",
    "WOW ppu": "$5.33 / 1L"
  },
  {
    "Brand_Product_Size": "Heinz 8 Months+ Strawberry & Vanilla Custard 120g",
    "WOW Price": 1.5,
    "WOW Size": "120g",
    "WOW ppu": "$1.25 / 100G"
  },
  {
    "Brand_Product_Size": "Lurpak Butter Block Slightly Salted 400g",
    "WOW Price": 6.5,
    "WOW Size": "400g",
    "WOW ppu": "$1.63 / 100G"
  },
  {
    "Brand_Product_Size": "Clairol Nice N Easy 4.5rb Natural Reddish Brown each",
    "WOW Price": 9,
    "WOW Size": "each",
    "WOW ppu": ""
  },
  {
    "Brand_Product_Size": "180 Degrees Maple, Cranberry & Apricot Oat Crackers 135g",
    "WOW Price": 5,
    "WOW Size": "135g",
    "WOW ppu": "$3.70 / 100G"
  },
  {
    "Brand_Product_Size": "Revlon Colorstay Skin Nude Foundation 30mL",
    "WOW Price": 17.5,
    "WOW Size": "30mL",
    "WOW ppu": "$5.83 / 10ML"
  },
  {
    "Brand_Product_Size": "Philadelphia Garden Herb & Onion Twist Spreadable 130g",
    "WOW Price": 4,
    "WOW Size": "130g",
    "WOW ppu": "$30.77 / 1KG"
  },
  {
    "Brand_Product_Size": "Darrell Lea Batch 37 Liquorice 260g",
    "WOW Price": 3.5,
    "WOW Size": "260g",
    "WOW ppu": "$1.35 / 100G"
  },
  {
    "Brand_Product_Size": "Lavazza Deciso Coffee Capsules 10 pack",
    "WOW Price": 6,
    "WOW Size": "10 pack",
    "WOW ppu": "$0.60 / 1EA"
  },
  {
    "Brand_Product_Size": "Lavazza Deciso Coffee Capsules 10 pack",
    "WOW Price": 6,
    "WOW Size": "10 pack",
    "WOW ppu": "$0.60 / 1EA"
  },
  {
    "Brand_Product_Size": "Woolworths Cooking Chocolate Dark 200g",
    "WOW Price": 2.5,
    "WOW Size": "200g",
    "WOW ppu": "$1.25 / 100G"
  },
  {
    "Brand_Product_Size": "Bega Cream Cheese Spread Light 515g",
    "WOW Price": 6.5,
    "WOW Size": "515g",
    "WOW ppu": "$12.62 / 1KG"
  },
  {
    "Brand_Product_Size": "Golden Circle Apricot Nectar 1L",
    "WOW Price": 3,
    "WOW Size": "1L",
    "WOW ppu": "$3.00 / 1L"
  },
  {
    "Brand_Product_Size": "Cadbury Mini Rolls Chocolate 5 pack",
    "WOW Price": 1.87,
    "WOW Size": "5 pack",
    "WOW ppu": "$0.37 / 1EA"
  },
  {
    "Brand_Product_Size": "Sistema Storage With Tray 7.9l each",
    "WOW Price": 10,
    "WOW Size": "each",
    "WOW ppu": ""
  },
  {
    "Brand_Product_Size": "Green's Red Velvet Cupcake Mix 410g",
    "WOW Price": 4,
    "WOW Size": "410g",
    "WOW ppu": "$0.98 / 100G"
  },
  {
    "Brand_Product_Size": "Balnea Travel Bottles 3 pack",
    "WOW Price": 3.5,
    "WOW Size": "3 pack",
    "WOW ppu": "$3.50 / 1EA"
  },
  {
    "Brand_Product_Size": "Donna Hay Premium Dutch Processed Cocoa 200g",
    "WOW Price": 8,
    "WOW Size": "200g",
    "WOW ppu": "$4.00 / 100G"
  },
  {
    "Brand_Product_Size": "Tabasco Green Pepper Mild Sauce 60mL",
    "WOW Price": 5,
    "WOW Size": "60mL",
    "WOW ppu": "$8.33 / 100ML"
  },
  {
    "Brand_Product_Size": "St Tropez Gradual Tan Body Lotion Medium/dark 200mL",
    "WOW Price": 34,
    "WOW Size": "200mL",
    "WOW ppu": "$17.00 / 100ML"
  },
  {
    "Brand_Product_Size": "Mirabella Genio Wifi Dimmable 9w Led Gls Bayonet Cap each",
    "WOW Price": 25,
    "WOW Size": "each",
    "WOW ppu": ""
  },
  {
    "Brand_Product_Size": "Yoplait Berry Punnet Mixed Yoghurts 6 pack",
    "WOW Price": 5,
    "WOW Size": "6 pack",
    "WOW ppu": "$0.52 / 100G"
  },
  {
    "Brand_Product_Size": "Mylanta Antacids 24 pack",
    "WOW Price": 5.3,
    "WOW Size": "24 pack",
    "WOW ppu": "$0.22 / 1EA"
  },
  {
    "Brand_Product_Size": "Heinz Baked Beans Tomato Sauce 3x300g",
    "WOW Price": 3,
    "WOW Size": "3x300g",
    "WOW ppu": "$0.33 / 100G"
  },
  {
    "Brand_Product_Size": "Tutto Pasta Gluten Free & Vegan Vegetarian Lasagna 300g",
    "WOW Price": 8,
    "WOW Size": "300g",
    "WOW ppu": "$2.67 / 100G"
  },
  {
    "Brand_Product_Size": "Tasti Smooshed Wholefood Balls Cacao Brownie 207g",
    "WOW Price": 6.5,
    "WOW Size": "207g",
    "WOW ppu": "$3.14 / 100G"
  },
  {
    "Brand_Product_Size": "Heinz Baked Beans Salt Reduced Tomato Sauce 220g",
    "WOW Price": 1.65,
    "WOW Size": "220g",
    "WOW ppu": "$0.75 / 100G"
  },
  {
    "Brand_Product_Size": "Bluebird Curlies 150g",
    "WOW Price": 3.85,
    "WOW Size": "150g",
    "WOW ppu": "$2.57 / 100G"
  },
  {
    "Brand_Product_Size": "Calidad Canon Printer Ink Cli-651 4 Colour each",
    "WOW Price": 49,
    "WOW Size": "each",
    "WOW ppu": ""
  },
  {
    "Brand_Product_Size": "Jamie Oliver Utensil Pizza Cutter Stainless Steel each",
    "WOW Price": 7.5,
    "WOW Size": "each",
    "WOW ppu": ""
  },
  {
    "Brand_Product_Size": "Napro Palette Intensive Creme Colour 5.13 Medium Ash Brown each",
    "WOW Price": 7.95,
    "WOW Size": "each",
    "WOW ppu": "$6.91 / 100ML"
  },
  {
    "Brand_Product_Size": "Plantry Plant Based Food Butter Curry 350g",
    "WOW Price": 8,
    "WOW Size": "350g",
    "WOW ppu": "$2.29 / 100G"
  },
  {
    "Brand_Product_Size": "Deep Cove Sardines In Tomato Sauce 125g",
    "WOW Price": 0.85,
    "WOW Size": "125g",
    "WOW ppu": "$6.80 / 1KG"
  },
  {
    "Brand_Product_Size": "Westmont Pickles Mixed Pickle 500g",
    "WOW Price": 5.5,
    "WOW Size": "500g",
    "WOW ppu": "$1.10 / 100G"
  },
  {
    "Brand_Product_Size": "Woobamboo Kids Bamboo Toothbrush 2 pack",
    "WOW Price": 6,
    "WOW Size": "2 pack",
    "WOW ppu": ""
  },
  {
    "Brand_Product_Size": "Oscar Orsen Gel Nail Polish Remover 125mL",
    "WOW Price": 7,
    "WOW Size": "125mL",
    "WOW ppu": "$0.56 / 10ML"
  },
  {
    "Brand_Product_Size": "Ease A Cold Tablets Cough Cold & Flu 24 pack",
    "WOW Price": 18.3,
    "WOW Size": "24 pack",
    "WOW ppu": "$0.76 / 1EA"
  },
  {
    "Brand_Product_Size": "Armada Jumbo Paper Straws Assorted 20 pack",
    "WOW Price": 3.5,
    "WOW Size": "20 pack",
    "WOW ppu": ""
  },
  {
    "Brand_Product_Size": "Neutrogena Makeup Remover Facial Wipes 25 pack",
    "WOW Price": 8.2,
    "WOW Size": "25 pack",
    "WOW ppu": "$0.33 / 1EA"
  },
  {
    "Brand_Product_Size": "Bonds White Singlet Size 22 each",
    "WOW Price": 15,
    "WOW Size": "each",
    "WOW ppu": ""
  },
  {
    "Brand_Product_Size": "Spc Two Fruits Diced Natural Juice 825g",
    "WOW Price": 2.8,
    "WOW Size": "825g",
    "WOW ppu": "$3.39 / 1KG"
  },
  {
    "Brand_Product_Size": "Green's Temptations Blueberry & Buttermilk Pancake Shake 325g",
    "WOW Price": 4,
    "WOW Size": "325g",
    "WOW ppu": "$1.23 / 100G"
  },
  {
    "Brand_Product_Size": "Essentials Skin Repair Body Cream 500mL",
    "WOW Price": 3.69,
    "WOW Size": "500mL",
    "WOW ppu": "$0.74 / 100ML"
  },
  {
    "Brand_Product_Size": "Earth Fishless Fingers 300g",
    "WOW Price": 7,
    "WOW Size": "300g",
    "WOW ppu": "$2.33 / 100G"
  },
  {
    "Brand_Product_Size": "Inspire Peva Shower Curtain each",
    "WOW Price": 10,
    "WOW Size": "each",
    "WOW ppu": ""
  },
  {
    "Brand_Product_Size": "Agadir Argan Oil Shampoo Moisturising 366mL",
    "WOW Price": 23.95,
    "WOW Size": "366mL",
    "WOW ppu": "$6.54 / 100ML"
  },
  {
    "Brand_Product_Size": "Amoy Gold Label Light Soy Sauce 500mL",
    "WOW Price": 3.8,
    "WOW Size": "500mL",
    "WOW ppu": "$0.76 / 100ML"
  },
  {
    "Brand_Product_Size": "Bar None Hydrating Shampoo Bar 100g",
    "WOW Price": 16,
    "WOW Size": "100g",
    "WOW ppu": "$16.00 / 100G"
  },
  {
    "Brand_Product_Size": "Dermaveen Extra Hydration Intensive Moisturising Cream 450g",
    "WOW Price": 15.2,
    "WOW Size": "450g",
    "WOW ppu": "$3.38 / 100G"
  },
  {
    "Brand_Product_Size": "Sharpie Cd Marker Fine 4 Colour 4 pack",
    "WOW Price": 10,
    "WOW Size": "4 pack",
    "WOW ppu": ""
  },
  {
    "Brand_Product_Size": "Normandie Pate Chicken With Cognac 150g",
    "WOW Price": 4.5,
    "WOW Size": "150g",
    "WOW ppu": "$30.00 / 1KG"
  },
  {
    "Brand_Product_Size": "Jamie Oliver Wooden Spoon Set 2 piece",
    "WOW Price": 4.8,
    "WOW Size": "2 piece",
    "WOW ppu": ""
  },
  {
    "Brand_Product_Size": "Waxworks Citronella Tea Lights Bush Blend 8 pack",
    "WOW Price": 7,
    "WOW Size": "8 pack",
    "WOW ppu": "$0.88 / 1EA"
  },
  {
    "Brand_Product_Size": "Trident Hot & Spicy Flavour Thai With Noodles Soup 50g",
    "WOW Price": 1.1,
    "WOW Size": "50g",
    "WOW ppu": "$2.20 / 100G"
  },
  {
    "Brand_Product_Size": "Thermos Travel Tumbler Value Pack 420ml 2 pack",
    "WOW Price": 25,
    "WOW Size": "2 pack",
    "WOW ppu": "$25.00 / 1EA"
  },
  {
    "Brand_Product_Size": "Prima No Added Sugar Drink Tropical 6 x200mL",
    "WOW Price": 3.25,
    "WOW Size": "6 x200mL",
    "WOW ppu": "$2.71 / 1L"
  },
  {
    "Brand_Product_Size": "Mccain Superfries Steak Cut 900g",
    "WOW Price": 3.3,
    "WOW Size": "900g",
    "WOW ppu": "$3.67 / 1KG"
  },
  {
    "Brand_Product_Size": "Woolworths Summer Fruit Muesli 750g",
    "WOW Price": 3.1,
    "WOW Size": "750g",
    "WOW ppu": "$0.41 / 100G"
  },
  {
    "Brand_Product_Size": "Biopak Biocane Oval Serving Plates 10 pack",
    "WOW Price": 4,
    "WOW Size": "10 pack",
    "WOW ppu": "$0.40 / 1EA"
  },
  {
    "Brand_Product_Size": "Armor All Extreme Tyre Shine 350g",
    "WOW Price": 13.5,
    "WOW Size": "350g",
    "WOW ppu": ""
  },
  {
    "Brand_Product_Size": "Glow Lab Hydrating Conditioner 600mL",
    "WOW Price": 30,
    "WOW Size": "600mL",
    "WOW ppu": "$5.00 / 100ML"
  },
  {
    "Brand_Product_Size": "Sensodyne Sensitive Teeth Pain Repair & Protect Whitening Toothpaste 100g",
    "WOW Price": 6.6,
    "WOW Size": "100g",
    "WOW ppu": "$6.60 / 100G"
  },
  {
    "Brand_Product_Size": "Woolworths Probiotic Drink 10x63mL",
    "WOW Price": 5.5,
    "WOW Size": "10x63mL",
    "WOW ppu": "$0.87 / 100ML"
  },
  {
    "Brand_Product_Size": "Essentials Ice Cube Tray Assorted each",
    "WOW Price": 2,
    "WOW Size": "each",
    "WOW ppu": ""
  },
  {
    "Brand_Product_Size": "Dynamo Professional Odour Elminating Laundry Liquid 900mL",
    "WOW Price": 12,
    "WOW Size": "900mL",
    "WOW ppu": "$13.33 / 1L"
  },
  {
    "Brand_Product_Size": "Bega Simply Nuts Smooth Natural Peanut Butter 650g",
    "WOW Price": 9,
    "WOW Size": "650g",
    "WOW ppu": "$1.38 / 100G"
  },
  {
    "Brand_Product_Size": "John West Oysters Smoked In Oil 85g",
    "WOW Price": 2.75,
    "WOW Size": "85g",
    "WOW ppu": "$32.35 / 1KG"
  },
  {
    "Brand_Product_Size": "Sacla Cherry Tomato & Roasted Garlic Pasta Sauce 420g",
    "WOW Price": 4.4,
    "WOW Size": "420g",
    "WOW ppu": "$1.05 / 100G"
  },
  {
    "Brand_Product_Size": "Bickford's Prune Juice 1L",
    "WOW Price": 6,
    "WOW Size": "1L",
    "WOW ppu": "$6.00 / 1L"
  },
  {
    "Brand_Product_Size": "Yumi's Kalamata Olive Dip 200g",
    "WOW Price": 4,
    "WOW Size": "200g",
    "WOW ppu": "$2.00 / 100G"
  },
  {
    "Brand_Product_Size": "Kellogg's Nutri-grain Protein Breakfast Cereal 290g",
    "WOW Price": 4.95,
    "WOW Size": "290g",
    "WOW ppu": "$1.71 / 100G"
  },
  {
    "Brand_Product_Size": "Stevia Sweet Liquid With Agave 125mL",
    "WOW Price": 6,
    "WOW Size": "125mL",
    "WOW ppu": "$4.80 / 100ML"
  },
  {
    "Brand_Product_Size": "Go Natural Bars Nut Delight 40g",
    "WOW Price": 1.5,
    "WOW Size": "40g",
    "WOW ppu": "$3.75 / 100G"
  },
  {
    "Brand_Product_Size": "Rexona Women Antiperspirant Aerosol Deodorant Cotton Dry 250mL",
    "WOW Price": 5,
    "WOW Size": "250mL",
    "WOW ppu": "$2.00 / 100ML"
  },
  {
    "Brand_Product_Size": "Goulburn Valley Peach Sliced In Juice 700g",
    "WOW Price": 3.7,
    "WOW Size": "700g",
    "WOW ppu": "$5.29 / 1KG"
  },
  {
    "Brand_Product_Size": "John West Sardines Sea Salt & Rosemary 110g",
    "WOW Price": 2.8,
    "WOW Size": "110g",
    "WOW ppu": "$25.45 / 1KG"
  },
  {
    "Brand_Product_Size": "Rexona Women Advanced Protection Invisible Dry Pure 220mL",
    "WOW Price": 7.5,
    "WOW Size": "220mL",
    "WOW ppu": "$3.41 / 100ML"
  },
  {
    "Brand_Product_Size": "Well Naturally No Sugar Added Milk Choc Bar 45g",
    "WOW Price": 2.85,
    "WOW Size": "45g",
    "WOW ppu": "$6.33 / 100G"
  },
  {
    "Brand_Product_Size": "Chevron Super Heavy Duty Lantern 6v each",
    "WOW Price": 5,
    "WOW Size": "each",
    "WOW ppu": ""
  },
  {
    "Brand_Product_Size": "Baxter's Dog Food Senior Cass Beef, Pasta & Vege 700g",
    "WOW Price": 1.3,
    "WOW Size": "700g",
    "WOW ppu": "$0.19 / 100G"
  },
  {
    "Brand_Product_Size": "Nature's Way Vitagummies Womens Multivit Orange Lemon Blueberry 100 pack",
    "WOW Price": 10,
    "WOW Size": "100 pack",
    "WOW ppu": "$10.00 / 100EA"
  },
  {
    "Brand_Product_Size": "Jamie Oliver Pasta Sauce Tomato & Basil 400g",
    "WOW Price": 4.3,
    "WOW Size": "400g",
    "WOW ppu": "$1.08 / 100G"
  },
  {
    "Brand_Product_Size": "Oscar Orsen Bambino Soft Kids Hair Ponytailer 30 pack",
    "WOW Price": 4.5,
    "WOW Size": "30 pack",
    "WOW ppu": ""
  },
  {
    "Brand_Product_Size": "Cancer Council Active Sunscreen Pump Bottle Spf 50 Plus 200mL",
    "WOW Price": 16.5,
    "WOW Size": "200mL",
    "WOW ppu": "$8.25 / 100ML"
  },
  {
    "Brand_Product_Size": "Oscar Orsen Hair Clip Extra Hold Shell each",
    "WOW Price": 5,
    "WOW Size": "each",
    "WOW ppu": ""
  },
  {
    "Brand_Product_Size": "Yeo's Winter Melon Tea 6x250mL",
    "WOW Price": 3.7,
    "WOW Size": "6x250mL",
    "WOW ppu": "$0.25 / 100ML"
  },
  {
    "Brand_Product_Size": "Heinz Soup Of The Day Pouch 7 Veg Garden Herb 430g",
    "WOW Price": 3,
    "WOW Size": "430g",
    "WOW ppu": "$0.70 / 100G"
  },
  {
    "Brand_Product_Size": "U By Kotex Sport Liners 30 pack",
    "WOW Price": 2.8,
    "WOW Size": "30 pack",
    "WOW ppu": "$0.09 / 1EA"
  },
  {
    "Brand_Product_Size": "Ayam Hawker Pad Thai 205g",
    "WOW Price": 3.5,
    "WOW Size": "205g",
    "WOW ppu": "$1.71 / 100G"
  },
  {
    "Brand_Product_Size": "Katoomba Mung Beans 1kg",
    "WOW Price": 4.75,
    "WOW Size": "1kg",
    "WOW ppu": "$0.48 / 100G"
  },
  {
    "Brand_Product_Size": "Selsun Gold Anti-dandruff Medically Proven Treatment 200mL",
    "WOW Price": 11,
    "WOW Size": "200mL",
    "WOW ppu": "$5.50 / 100ML"
  },
  {
    "Brand_Product_Size": "Macro Organic Classic Fruit & Nut Muesli Bars 6 pack",
    "WOW Price": 6,
    "WOW Size": "6 pack",
    "WOW ppu": "$3.33 / 100G"
  },
  {
    "Brand_Product_Size": "Macro Organic Classic Fruit & Nut Muesli Bars 6 pack",
    "WOW Price": 6,
    "WOW Size": "6 pack",
    "WOW ppu": "$3.33 / 100G"
  },
  {
    "Brand_Product_Size": "Gatorade Blue Bolt 1L",
    "WOW Price": 2.5,
    "WOW Size": "1L",
    "WOW ppu": "$2.50 / 1L"
  },
  {
    "Brand_Product_Size": "Patties Mini Party Quiche Lorraine 12 pack",
    "WOW Price": 8,
    "WOW Size": "12 pack",
    "WOW ppu": "$1.90 / 100G"
  },
  {
    "Brand_Product_Size": "Maybelline Superstay 24 2-step Liquid Lipstick - Perpetual Plum 1.8mL",
    "WOW Price": 12,
    "WOW Size": "1.8mL",
    "WOW ppu": ""
  },
  {
    "Brand_Product_Size": "Sa Gourmet Food Co Garden Pea & Smokey Bacon Soup 430g",
    "WOW Price": 2.7,
    "WOW Size": "430g",
    "WOW ppu": "$0.63 / 100G"
  },
  {
    "Brand_Product_Size": "Oc Naturals Kids Bubble Bath Tutti Fruity 400mL",
    "WOW Price": 3.69,
    "WOW Size": "400mL",
    "WOW ppu": "$0.92 / 100ML"
  },
  {
    "Brand_Product_Size": "Baxter's Dental Sticks Small Breed 7 pack",
    "WOW Price": 3,
    "WOW Size": "7 pack",
    "WOW ppu": "$0.43 / 1EA"
  },
  {
    "Brand_Product_Size": "Duck Active Foam Marine 38.6g",
    "WOW Price": 5,
    "WOW Size": "38.6g",
    "WOW ppu": "$12.95 / 100G"
  },
  {
    "Brand_Product_Size": "Twinings Tea Bags Lemon & Ginger 80 pack",
    "WOW Price": 11.2,
    "WOW Size": "80 pack",
    "WOW ppu": "$0.14 / 1EA"
  },
  {
    "Brand_Product_Size": "Twinings Tea Bags Lemon & Ginger 80 pack",
    "WOW Price": 11.2,
    "WOW Size": "80 pack",
    "WOW ppu": "$0.14 / 1EA"
  },
  {
    "Brand_Product_Size": "Maharajah's Choice Fennel Seed Spice 250g",
    "WOW Price": 2.5,
    "WOW Size": "250g",
    "WOW ppu": "$0.10 / 10G"
  },
  {
    "Brand_Product_Size": "Lindt Hot Chocolate Flakes Milk 210g",
    "WOW Price": 7.5,
    "WOW Size": "210g",
    "WOW ppu": "$3.57 / 100G"
  },
  {
    "Brand_Product_Size": "Biozet Attack & Eliminator Laundry Powder 5.4kg",
    "WOW Price": 35,
    "WOW Size": "5.4kg",
    "WOW ppu": "$6.48 / 1KG"
  },
  {
    "Brand_Product_Size": "Pauls Vanilla Custard 2kg",
    "WOW Price": 7,
    "WOW Size": "2kg",
    "WOW ppu": "$0.35 / 100G"
  },
  {
    "Brand_Product_Size": "Total Care Flea & Lice Control Plus For Cats & Kittens each",
    "WOW Price": 18,
    "WOW Size": "each",
    "WOW ppu": "$18.00 / 1EA"
  },
  {
    "Brand_Product_Size": "Woolworths Orange Drink 2L",
    "WOW Price": 1.9,
    "WOW Size": "2L",
    "WOW ppu": "$0.95 / 1L"
  },
  {
    "Brand_Product_Size": "Bonds Comfy Tops Slimming Sheer Tights Black Lge each",
    "WOW Price": 8,
    "WOW Size": "each",
    "WOW ppu": ""
  },
  {
    "Brand_Product_Size": "Vittoria Mountain Grown Ground Coffee 200g",
    "WOW Price": 4.8,
    "WOW Size": "200g",
    "WOW ppu": "$2.40 / 100G"
  },
  {
    "Brand_Product_Size": "Vittoria Mountain Grown Ground Coffee 200g",
    "WOW Price": 4.8,
    "WOW Size": "200g",
    "WOW ppu": "$2.40 / 100G"
  },
  {
    "Brand_Product_Size": "Impressed Essentials Tropical Juice 1L",
    "WOW Price": 3.5,
    "WOW Size": "1L",
    "WOW ppu": "$3.50 / 1L"
  },
  {
    "Brand_Product_Size": "F. Whitlock & Sons Caramelised Onion Relish 275g",
    "WOW Price": 4.5,
    "WOW Size": "275g",
    "WOW ppu": "$1.64 / 100G"
  },
  {
    "Brand_Product_Size": "Essentials Clean Pre Wash Fabric Stain Remover Lemon Scented 500mL",
    "WOW Price": 1.3,
    "WOW Size": "500mL",
    "WOW ppu": "$0.26 / 100ML"
  },
  {
    "Brand_Product_Size": "Napro Palette 6-0 Natural Light Brown each",
    "WOW Price": 7.95,
    "WOW Size": "each",
    "WOW ppu": ""
  },
  {
    "Brand_Product_Size": "Csr Original Treacle 850g",
    "WOW Price": 5.45,
    "WOW Size": "850g",
    "WOW ppu": "$0.64 / 100G"
  },
  {
    "Brand_Product_Size": "Korbond Whiz Pop Bang Propellers 8 pack",
    "WOW Price": 4,
    "WOW Size": "8 pack",
    "WOW ppu": "$0.50 / 1EA"
  },
  {
    "Brand_Product_Size": "L'oreal Preference Permanent 7 Vienna Dark Blonde each",
    "WOW Price": 11.4,
    "WOW Size": "each",
    "WOW ppu": ""
  },
  {
    "Brand_Product_Size": "Dove Men + Care Invisible Fresh Antiperspirant 254mL",
    "WOW Price": 3.5,
    "WOW Size": "254mL",
    "WOW ppu": "$1.38 / 100ML"
  },
  {
    "Brand_Product_Size": "Pringles Bbq Stacked Potato Chips 53g",
    "WOW Price": 1.9,
    "WOW Size": "53g",
    "WOW ppu": "$3.58 / 100G"
  },
  {
    "Brand_Product_Size": "Mccain Oh My Veg Feta & Balsamic Kale & Sweet Potato 200g",
    "WOW Price": 4,
    "WOW Size": "200g",
    "WOW ppu": "$20.00 / 1KG"
  },
  {
    "Brand_Product_Size": "Sistema Klip It Plus Value Pack 4 pack",
    "WOW Price": 9,
    "WOW Size": "4 pack",
    "WOW ppu": "$9.00 / 1EA"
  },
  {
    "Brand_Product_Size": "Fancy Feast Medleys White Meat Chicken Delicate Sauce 85g",
    "WOW Price": 1.75,
    "WOW Size": "85g",
    "WOW ppu": "$2.06 / 100G"
  },
  {
    "Brand_Product_Size": "Mc Yee Hokkein Noodle 1kg",
    "WOW Price": 2.6,
    "WOW Size": "1kg",
    "WOW ppu": "$2.60 / 1KG"
  },
  {
    "Brand_Product_Size": "Hasbro Transformers Generations each",
    "WOW Price": 10,
    "WOW Size": "each",
    "WOW ppu": ""
  },
  {
    "Brand_Product_Size": "Rafferty's Garden Food 4 Months+ Spinach, Apple, Broccoli & Pea 120g",
    "WOW Price": 1.65,
    "WOW Size": "120g",
    "WOW ppu": "$1.38 / 100G"
  },
  {
    "Brand_Product_Size": "Philips Cfl Tornado Cool Daylight 12w Es Base each",
    "WOW Price": 6.5,
    "WOW Size": "each",
    "WOW ppu": "$6.50 / 1EA"
  },
  {
    "Brand_Product_Size": "Little Wishes Soother Clip 2 pack",
    "WOW Price": 3,
    "WOW Size": "2 pack",
    "WOW ppu": "$1.50 / 1EA"
  },
  {
    "Brand_Product_Size": "Sup Shots Zzz... Sleep 8 pack x 50mL",
    "WOW Price": 15,
    "WOW Size": "8 pack x 50mL",
    "WOW ppu": "$3.75 / 100ML"
  },
  {
    "Brand_Product_Size": "Selleys No More Gaps 320g",
    "WOW Price": 10,
    "WOW Size": "320g",
    "WOW ppu": "$3.13 / 100G"
  },
  {
    "Brand_Product_Size": "Bonds Ladies Invisible Socks Size 8 To 11 3 pack",
    "WOW Price": 12,
    "WOW Size": "3 pack",
    "WOW ppu": ""
  },
  {
    "Brand_Product_Size": "Woolworths Tuna Mayo & Corn With Crackers 112g",
    "WOW Price": 2.1,
    "WOW Size": "112g",
    "WOW ppu": "$18.75 / 1KG"
  },
  {
    "Brand_Product_Size": "Proud & Punch Mini Pops Variety Pack 8 pack",
    "WOW Price": 6,
    "WOW Size": "8 pack",
    "WOW ppu": "$1.50 / 100ML"
  },
  {
    "Brand_Product_Size": "The Free Ranger Free Range Chicken Breast Fillets 500g - 650g",
    "WOW Price": 10.73,
    "WOW Size": "500g - 650g",
    "WOW ppu": "$16.50 / 1KG"
  },
  {
    "Brand_Product_Size": "Yoosh Aloe Vera Drink 500mL",
    "WOW Price": 2.6,
    "WOW Size": "500mL",
    "WOW ppu": "$5.20 / 1L"
  },
  {
    "Brand_Product_Size": "Lee Kum Kee Sauce Soy Salt Reduced 150mL",
    "WOW Price": 2.9,
    "WOW Size": "150mL",
    "WOW ppu": "$1.93 / 100ML"
  },
  {
    "Brand_Product_Size": "Buderim Ginger Crystallised 250g",
    "WOW Price": 5.25,
    "WOW Size": "250g",
    "WOW ppu": "$21.00 / 1KG"
  },
  {
    "Brand_Product_Size": "Della Rosa Bbq Meatlovers Family Pizza 500g",
    "WOW Price": 5,
    "WOW Size": "500g",
    "WOW ppu": "$1.00 / 100G"
  },
  {
    "Brand_Product_Size": "Oral-b Electric Toothbrush Precision Clean Head 2 pack",
    "WOW Price": 13.75,
    "WOW Size": "2 pack",
    "WOW ppu": "$6.88 / 1EA"
  },
  {
    "Brand_Product_Size": "Tassal Tasmanian Atlantic Salmon Skin On 260g",
    "WOW Price": 10,
    "WOW Size": "260g",
    "WOW ppu": "$38.46 / 1KG"
  },
  {
    "Brand_Product_Size": "Cover Girl Advanced Radiance Pressed Powder 120 Natural Beige 11g",
    "WOW Price": 10,
    "WOW Size": "11g",
    "WOW ppu": "$9.09 / 10G"
  },
  {
    "Brand_Product_Size": "Air Wick Manual Spray Air Freshener Lavender 237g",
    "WOW Price": 2.8,
    "WOW Size": "237g",
    "WOW ppu": "$0.12 / 10G"
  },
  {
    "Brand_Product_Size": "Sprite No Sugar Bottle 2L",
    "WOW Price": 2.35,
    "WOW Size": "2L",
    "WOW ppu": "$1.18 / 1L"
  },
  {
    "Brand_Product_Size": "Nuby Tritan Printed Flip It Cup 532ml each",
    "WOW Price": 13,
    "WOW Size": "each",
    "WOW ppu": "$13.00 / 1EA"
  },
  {
    "Brand_Product_Size": "Napro Palette 5-99 Rosewood Violet each",
    "WOW Price": 7.95,
    "WOW Size": "each",
    "WOW ppu": ""
  },
  {
    "Brand_Product_Size": "Macro Organic Red Capsicum 2 pack",
    "WOW Price": 7.9,
    "WOW Size": "2 pack",
    "WOW ppu": ""
  },
  {
    "Brand_Product_Size": "Macro Sunflower Kernels 500g",
    "WOW Price": 3.5,
    "WOW Size": "500g",
    "WOW ppu": "$7.00 / 1KG"
  },
  {
    "Brand_Product_Size": "Farmers Market Adult Wet Dog Food Home Style Shreds With Lamb 750g",
    "WOW Price": 9.95,
    "WOW Size": "750g",
    "WOW ppu": "$1.33 / 100G"
  },
  {
    "Brand_Product_Size": "Made With Plants Sweet Chilli Tofu 200g",
    "WOW Price": 4,
    "WOW Size": "200g",
    "WOW ppu": "$20.00 / 1KG"
  },
  {
    "Brand_Product_Size": "Woolworths Ricotta & Spinach Cannelloni 700g",
    "WOW Price": 10,
    "WOW Size": "700g",
    "WOW ppu": "$1.43 / 100G"
  },
  {
    "Brand_Product_Size": "Aveeno Active Naturals Daily Moisturising Lotion 354mL",
    "WOW Price": 13,
    "WOW Size": "354mL",
    "WOW ppu": "$3.67 / 100ML"
  },
  {
    "Brand_Product_Size": "Whiskas 1+ Years Wet Cat Food Beef Mince 400g can",
    "WOW Price": 1.75,
    "WOW Size": "400g can",
    "WOW ppu": "$0.44 / 100G"
  },
  {
    "Brand_Product_Size": "Sanitarium Up&go Protein Energize Choc 250mL x3 pack",
    "WOW Price": 4.95,
    "WOW Size": "250mL x3 pack",
    "WOW ppu": "$6.60 / 1L"
  },
  {
    "Brand_Product_Size": "Sanitarium Up&go Protein Energize Choc 250mL x3 pack",
    "WOW Price": 4.95,
    "WOW Size": "250mL x3 pack",
    "WOW ppu": "$6.60 / 1L"
  },
  {
    "Brand_Product_Size": "Ribena Syrup Light Blackcurrant 1L",
    "WOW Price": 6,
    "WOW Size": "1L",
    "WOW ppu": "$6.00 / 1L"
  },
  {
    "Brand_Product_Size": "Essentials Reusable 2.5l Containers 2 pack",
    "WOW Price": 5.25,
    "WOW Size": "2 pack",
    "WOW ppu": ""
  },
  {
    "Brand_Product_Size": "Woolworths Turmeric Ground Ground 30g",
    "WOW Price": 1.6,
    "WOW Size": "30g",
    "WOW ppu": "$0.53 / 10G"
  },
  {
    "Brand_Product_Size": "Bref Duo Cubes 2 In 1 Formula 2x50g",
    "WOW Price": 5,
    "WOW Size": "2x50g",
    "WOW ppu": "$5.00 / 100G"
  },
  {
    "Brand_Product_Size": "Wallaby Bites Dark Chocolate Fruit Nut 150g",
    "WOW Price": 5,
    "WOW Size": "150g",
    "WOW ppu": "$3.33 / 100G"
  },
  {
    "Brand_Product_Size": "Biopak Double Walled Cup With Lid 390ml 16 pack",
    "WOW Price": 10,
    "WOW Size": "16 pack",
    "WOW ppu": "$0.63 / 1EA"
  },
  {
    "Brand_Product_Size": "Woolworths Mixed Leaf Iceberg Lettuce Blend 300g",
    "WOW Price": 3,
    "WOW Size": "300g",
    "WOW ppu": "$10.00 / 1KG"
  },
  {
    "Brand_Product_Size": "Woolworths Mixed Leaf Iceberg Lettuce Blend 300g",
    "WOW Price": 3,
    "WOW Size": "300g",
    "WOW ppu": "$10.00 / 1KG"
  },
  {
    "Brand_Product_Size": "Woolworths Mixed Leaf Iceberg Lettuce Blend 300g",
    "WOW Price": 3,
    "WOW Size": "300g",
    "WOW ppu": "$10.00 / 1KG"
  },
  {
    "Brand_Product_Size": "Patak's Ready To Eat Pappadums Mini Plain Original 75g",
    "WOW Price": 4.1,
    "WOW Size": "75g",
    "WOW ppu": "$5.47 / 100G"
  },
  {
    "Brand_Product_Size": "Danone Activia Dairyfree Plant Based Oat & Coconut Blueberry Acai 500g",
    "WOW Price": 6,
    "WOW Size": "500g",
    "WOW ppu": "$1.20 / 100G"
  },
  {
    "Brand_Product_Size": "Home Chef Spinach & Feta Quiche 200g",
    "WOW Price": 4,
    "WOW Size": "200g",
    "WOW ppu": "$2.00 / 100G"
  },
  {
    "Brand_Product_Size": "Picante Fresh Avocado With Capsicum, Chives & Lime 170g",
    "WOW Price": 4.5,
    "WOW Size": "170g",
    "WOW ppu": "$2.65 / 100G"
  },
  {
    "Brand_Product_Size": "Thankyou. Milk Hand Wash Botanical Lemon Myrtle & Goat's Milk 500mL",
    "WOW Price": 7.5,
    "WOW Size": "500mL",
    "WOW ppu": "$1.50 / 100ML"
  },
  {
    "Brand_Product_Size": "Vo5 Styling Gel Tub Mega Hold 250g",
    "WOW Price": 4,
    "WOW Size": "250g",
    "WOW ppu": "$1.60 / 100G"
  },
  {
    "Brand_Product_Size": "Bonne Maman Apricot Jam 370g",
    "WOW Price": 5.2,
    "WOW Size": "370g",
    "WOW ppu": "$1.41 / 100G"
  },
  {
    "Brand_Product_Size": "Rimmel Mascara Wonder'full Extreme Black each",
    "WOW Price": 9.5,
    "WOW Size": "each",
    "WOW ppu": "$8.64 / 10ML"
  },
  {
    "Brand_Product_Size": "Jack Hammer Cable Ties Multiple Sizes each",
    "WOW Price": 4.5,
    "WOW Size": "each",
    "WOW ppu": ""
  },
  {
    "Brand_Product_Size": "Vitapet Jerhigh Treat Chicken Tenders 200g",
    "WOW Price": 11.95,
    "WOW Size": "200g",
    "WOW ppu": "$5.98 / 100G"
  },
  {
    "Brand_Product_Size": "Decor Hydrate Tritan Bottle 1l each",
    "WOW Price": 5,
    "WOW Size": "each",
    "WOW ppu": ""
  },
  {
    "Brand_Product_Size": "Decor Hydrate Tritan Bottle 1l each",
    "WOW Price": 5,
    "WOW Size": "each",
    "WOW ppu": ""
  },
  {
    "Brand_Product_Size": "Woolworths Ice Blocks 20 pack",
    "WOW Price": 3,
    "WOW Size": "20 pack",
    "WOW ppu": "$0.21 / 100ML"
  },
  {
    "Brand_Product_Size": "Bulla Premium Sour Cream 200mL",
    "WOW Price": 2.7,
    "WOW Size": "200mL",
    "WOW ppu": "$1.35 / 100ML"
  },
  {
    "Brand_Product_Size": "Woolworths Tuna Mornay 350g",
    "WOW Price": 7.5,
    "WOW Size": "350g",
    "WOW ppu": "$2.14 / 100G"
  },
  {
    "Brand_Product_Size": "Ecostore Baby Bubble Bath 500mL",
    "WOW Price": 8.7,
    "WOW Size": "500mL",
    "WOW ppu": "$1.74 / 100ML"
  },
  {
    "Brand_Product_Size": "V Energy Drink Raspberry Lemonade 4 pack",
    "WOW Price": 6.6,
    "WOW Size": "4 pack",
    "WOW ppu": "$6.00 / 1L"
  },
  {
    "Brand_Product_Size": "Remedy Kombucha Wild Berry 750mL",
    "WOW Price": 5,
    "WOW Size": "750mL",
    "WOW ppu": "$6.67 / 1L"
  },
  {
    "Brand_Product_Size": "Batiste Eden Bloom Dry Shampoo 350mL",
    "WOW Price": 14,
    "WOW Size": "350mL",
    "WOW ppu": "$4.00 / 100ML"
  },
  {
    "Brand_Product_Size": "Schweppes Signature Series Bright Tonic With Javanese Cinchona Bark 4 x300mL",
    "WOW Price": 6.65,
    "WOW Size": "4 x300mL",
    "WOW ppu": "$5.54 / 1L"
  },
  {
    "Brand_Product_Size": "Woolworths Celery Sticks 300g punnet",
    "WOW Price": 4.5,
    "WOW Size": "300g punnet",
    "WOW ppu": "$15.00 / 1KG"
  },
  {
    "Brand_Product_Size": "Sara Lee Ice Cream Indulgence Rocky Road Overload 1L tub",
    "WOW Price": 6.5,
    "WOW Size": "1L tub",
    "WOW ppu": "$0.65 / 100ML"
  },
  {
    "Brand_Product_Size": "Farmers Union Greek Style Yogurt Pouch Real Vanilla Bean 130g",
    "WOW Price": 1.5,
    "WOW Size": "130g",
    "WOW ppu": "$1.15 / 100G"
  },
  {
    "Brand_Product_Size": "Mud Lipstick 012 Coral Crush 2.1g",
    "WOW Price": 4.5,
    "WOW Size": "2.1g",
    "WOW ppu": "$21.43 / 10G"
  },
  {
    "Brand_Product_Size": "Mccain Mansize Chicken Bacon Pasta Bake 480g",
    "WOW Price": 8,
    "WOW Size": "480g",
    "WOW ppu": "$1.67 / 100G"
  },
  {
    "Brand_Product_Size": "Castello Double Cream Truffle 150g",
    "WOW Price": 7.5,
    "WOW Size": "150g",
    "WOW ppu": "$50.00 / 1KG"
  },
  {
    "Brand_Product_Size": "Castello Double Cream Truffle 150g",
    "WOW Price": 7.5,
    "WOW Size": "150g",
    "WOW ppu": "$50.00 / 1KG"
  },
  {
    "Brand_Product_Size": "Smooze Simply Coconut 8x65mL",
    "WOW Price": 6.5,
    "WOW Size": "8x65mL",
    "WOW ppu": "$1.25 / 100ML"
  },
  {
    "Brand_Product_Size": "Allen's Killer Python Jelly Lolly Bag 192g",
    "WOW Price": 3,
    "WOW Size": "192g",
    "WOW ppu": "$1.56 / 100G"
  },
  {
    "Brand_Product_Size": "Home Chef Quiche Lorraine 200g",
    "WOW Price": 4,
    "WOW Size": "200g",
    "WOW ppu": "$2.00 / 100G"
  },
  {
    "Brand_Product_Size": "D'orsogna Mini Champagne Leg Ham 850g",
    "WOW Price": 14,
    "WOW Size": "850g",
    "WOW ppu": "$16.47 / 1KG"
  },
  {
    "Brand_Product_Size": "Pantene 3 Minute Miracle Daily Moisture Renewal Conditioner 400mL",
    "WOW Price": 6.75,
    "WOW Size": "400mL",
    "WOW ppu": "$1.69 / 100ML"
  },
  {
    "Brand_Product_Size": "Original Juice Lemonade 1.5L",
    "WOW Price": 4.5,
    "WOW Size": "1.5L",
    "WOW ppu": "$3.00 / 1L"
  },
  {
    "Brand_Product_Size": "La Famiglia Pane Di Casa Garlic Bread 2 pack",
    "WOW Price": 3.5,
    "WOW Size": "2 pack",
    "WOW ppu": "$1.84 / 100G"
  },
  {
    "Brand_Product_Size": "Bonds Comfy Tops Very Opaque Leggings Sml-med each",
    "WOW Price": 14,
    "WOW Size": "each",
    "WOW ppu": ""
  },
  {
    "Brand_Product_Size": "Telfast Hayfever Allergy Relief 120mg Antihistamine Tablets 10 pack",
    "WOW Price": 9.6,
    "WOW Size": "10 pack",
    "WOW ppu": "$0.96 / 1EA"
  },
  {
    "Brand_Product_Size": "Sour Patch Kids Lollies 520g",
    "WOW Price": 5,
    "WOW Size": "520g",
    "WOW ppu": "$0.96 / 100G"
  },
  {
    "Brand_Product_Size": "Ogx Renewing Moroccan Argan Oil Conditioner 88.7mL",
    "WOW Price": 4.5,
    "WOW Size": "88.7mL",
    "WOW ppu": "$5.06 / 100ML"
  },
  {
    "Brand_Product_Size": "Cornwell's White Vinegar White 2L",
    "WOW Price": 4.1,
    "WOW Size": "2L",
    "WOW ppu": "$0.21 / 100ML"
  },
  {
    "Brand_Product_Size": "White Wings Cupcake Mix Red Velvet 365g",
    "WOW Price": 3,
    "WOW Size": "365g",
    "WOW ppu": "$0.82 / 100G"
  },
  {
    "Brand_Product_Size": "Chris' Guacamole 200g",
    "WOW Price": 3.5,
    "WOW Size": "200g",
    "WOW ppu": "$1.75 / 100G"
  },
  {
    "Brand_Product_Size": "Bondi Sands Self Tanning Foam Ultra Dark 200mL",
    "WOW Price": 25,
    "WOW Size": "200mL",
    "WOW ppu": "$12.50 / 100ML"
  },
  {
    "Brand_Product_Size": "Hart & Soul All Natural Green Curry Recipe Base 80g",
    "WOW Price": 1.25,
    "WOW Size": "80g",
    "WOW ppu": "$1.56 / 100G"
  },
  {
    "Brand_Product_Size": "Essentials Fabric Softener Lavender 250mL",
    "WOW Price": 0.85,
    "WOW Size": "250mL",
    "WOW ppu": "$3.40 / 1L"
  },
  {
    "Brand_Product_Size": "Hoyt's Thyme 15g",
    "WOW Price": 1.3,
    "WOW Size": "15g",
    "WOW ppu": "$0.87 / 10G"
  },
  {
    "Brand_Product_Size": "Schwarzkopf Colour Specialist 5.1 Cool Light Brown each",
    "WOW Price": 9.5,
    "WOW Size": "each",
    "WOW ppu": "$9.50 / 1EA"
  },
  {
    "Brand_Product_Size": "Pyrex 2.6l Rectangular Storage each",
    "WOW Price": 20,
    "WOW Size": "each",
    "WOW ppu": ""
  },
  {
    "Brand_Product_Size": "Kettle Chunky Flamed Steak 150g",
    "WOW Price": 3.25,
    "WOW Size": "150g",
    "WOW ppu": "$2.17 / 100G"
  },
  {
    "Brand_Product_Size": "Maybelline Superstay Full Coverage Under Eye Liquid Concealer - Sand 6mL",
    "WOW Price": 11,
    "WOW Size": "6mL",
    "WOW ppu": "$18.33 / 10ML"
  },
  {
    "Brand_Product_Size": "Chang's Hoisin Sauce 280mL",
    "WOW Price": 4,
    "WOW Size": "280mL",
    "WOW ppu": "$1.43 / 100ML"
  },
  {
    "Brand_Product_Size": "Sole Mare Anchovy Fillets In Olive Oil 70g",
    "WOW Price": 3.8,
    "WOW Size": "70g",
    "WOW ppu": "$54.29 / 1KG"
  },
  {
    "Brand_Product_Size": "Arnott's Shapes Originals Barbecue 8 pack",
    "WOW Price": 3,
    "WOW Size": "8 pack",
    "WOW ppu": "$1.50 / 100G"
  },
  {
    "Brand_Product_Size": "Arnott's Shapes Originals Barbecue 8 pack",
    "WOW Price": 3,
    "WOW Size": "8 pack",
    "WOW ppu": "$1.50 / 100G"
  },
  {
    "Brand_Product_Size": "Doritos Corn Chips Cheese Supreme Party Size 380g",
    "WOW Price": 7,
    "WOW Size": "380g",
    "WOW ppu": "$1.84 / 100G"
  },
  {
    "Brand_Product_Size": "Uncle Ben's Microwave Basmati Coconut Rice Pouch 250g",
    "WOW Price": 3.25,
    "WOW Size": "250g",
    "WOW ppu": "$1.30 / 100G"
  },
  {
    "Brand_Product_Size": "Maybelline Burgundy Bar Eyeshadow Palette 9.6g",
    "WOW Price": 13.5,
    "WOW Size": "9.6g",
    "WOW ppu": "$14.06 / 10G"
  },
  {
    "Brand_Product_Size": "Nudie Nothing But Oranges Pulp Free Juice 1L",
    "WOW Price": 5.5,
    "WOW Size": "1L",
    "WOW ppu": "$5.50 / 1L"
  },
  {
    "Brand_Product_Size": "Garnier Fructis Normal Strength & Shine Shampoo 315mL",
    "WOW Price": 7,
    "WOW Size": "315mL",
    "WOW ppu": "$2.22 / 100ML"
  },
  {
    "Brand_Product_Size": "L'oreal Paris True Match Concealer 2n Vanilla 6.8mL",
    "WOW Price": 10,
    "WOW Size": "6.8mL",
    "WOW ppu": "$14.71 / 10ML"
  },
  {
    "Brand_Product_Size": "Rimmel Match Perfection Foundation 200 Soft Beige 30mL",
    "WOW Price": 9.5,
    "WOW Size": "30mL",
    "WOW ppu": "$3.17 / 10ML"
  },
  {
    "Brand_Product_Size": "S&w Mayonnaise Whole Egg 440g",
    "WOW Price": 6,
    "WOW Size": "440g",
    "WOW ppu": "$1.36 / 100G"
  },
  {
    "Brand_Product_Size": "Woolworths Mens Big Brolly Black each",
    "WOW Price": 17.95,
    "WOW Size": "each",
    "WOW ppu": ""
  },
  {
    "Brand_Product_Size": "Dymo Clear Letratag Tape each",
    "WOW Price": 15,
    "WOW Size": "each",
    "WOW ppu": ""
  },
  {
    "Brand_Product_Size": "Nerada Tea Bags 50 pack 100g",
    "WOW Price": 2.5,
    "WOW Size": "50 pack 100g",
    "WOW ppu": "$0.05 / 1EA"
  },
  {
    "Brand_Product_Size": "Nerada Tea Bags 50 pack 100g",
    "WOW Price": 2.5,
    "WOW Size": "50 pack 100g",
    "WOW ppu": "$0.05 / 1EA"
  },
  {
    "Brand_Product_Size": "Oral-b Pro 100 Floss Action Electric Toothbrush each",
    "WOW Price": 70,
    "WOW Size": "each",
    "WOW ppu": "$70.00 / 1EA"
  },
  {
    "Brand_Product_Size": "Sanitarium Up&go Liquid Breakfast Strawberry 3 pack",
    "WOW Price": 4.95,
    "WOW Size": "3 pack",
    "WOW ppu": "$6.60 / 1L"
  },
  {
    "Brand_Product_Size": "Sanitarium Up&go Liquid Breakfast Strawberry 3 pack",
    "WOW Price": 4.95,
    "WOW Size": "3 pack",
    "WOW ppu": "$6.60 / 1L"
  },
  {
    "Brand_Product_Size": "Valcom Paste Pad Thai 240g",
    "WOW Price": 3.2,
    "WOW Size": "240g",
    "WOW ppu": "$1.33 / 100G"
  },
  {
    "Brand_Product_Size": "Maggie Beer Plum Paste Plum 100g",
    "WOW Price": 6,
    "WOW Size": "100g",
    "WOW ppu": "$60.00 / 1KG"
  },
  {
    "Brand_Product_Size": "Maggie Beer Plum Paste Plum 100g",
    "WOW Price": 6,
    "WOW Size": "100g",
    "WOW ppu": "$60.00 / 1KG"
  },
  {
    "Brand_Product_Size": "Mcobeauty Ultimate Brow Kit each",
    "WOW Price": 7.5,
    "WOW Size": "each",
    "WOW ppu": "$7.50 / 1EA"
  },
  {
    "Brand_Product_Size": "Gatorade Sport Electrolyte Powder Lemon Lime 560g",
    "WOW Price": 10,
    "WOW Size": "560g",
    "WOW ppu": "$1.79 / 100G"
  },
  {
    "Brand_Product_Size": "M&m's Chocolate Ice Cream Cones Multipack 4 pack",
    "WOW Price": 8,
    "WOW Size": "4 pack",
    "WOW ppu": "$1.54 / 100ML"
  },
  {
    "Brand_Product_Size": "Air Wick Botanica Non-aerosol Spray Pomegranate Italian Bergamot 236mL",
    "WOW Price": 7.5,
    "WOW Size": "236mL",
    "WOW ppu": "$3.18 / 100ML"
  },
  {
    "Brand_Product_Size": "Vittoria Colombia Nespresso Compatible Coffee Capsules pack 10",
    "WOW Price": 7,
    "WOW Size": "pack 10",
    "WOW ppu": "$0.70 / 1EA"
  },
  {
    "Brand_Product_Size": "Vittoria Colombia Nespresso Compatible Coffee Capsules pack 10",
    "WOW Price": 7,
    "WOW Size": "pack 10",
    "WOW ppu": "$0.70 / 1EA"
  },
  {
    "Brand_Product_Size": "Mars Pods Smores Chocolate Medium Bag 160g",
    "WOW Price": 2.25,
    "WOW Size": "160g",
    "WOW ppu": "$1.41 / 100G"
  },
  {
    "Brand_Product_Size": "Scholl Eulactol Heel Balm Gold 200mL",
    "WOW Price": 19.6,
    "WOW Size": "200mL",
    "WOW ppu": "$9.80 / 100G"
  },
  {
    "Brand_Product_Size": "Woolworths Herring Fillets In Mango Pepper Sauce 200g",
    "WOW Price": 2,
    "WOW Size": "200g",
    "WOW ppu": "$10.00 / 1KG"
  },
  {
    "Brand_Product_Size": "Bulla Splits Raspberry 10 pack",
    "WOW Price": 7,
    "WOW Size": "10 pack",
    "WOW ppu": "$0.93 / 100ML"
  },
  {
    "Brand_Product_Size": "Woolworths Soda Water 1.25L",
    "WOW Price": 1,
    "WOW Size": "1.25L",
    "WOW ppu": "$0.80 / 1L"
  },
  {
    "Brand_Product_Size": "Air Wick Botanica Diffuser Caribbean Vetiver & Sandalwood 80mL",
    "WOW Price": 16.5,
    "WOW Size": "80mL",
    "WOW ppu": "$2.06 / 10ML"
  },
  {
    "Brand_Product_Size": "Woolworths Basil Leaves 10g",
    "WOW Price": 1.5,
    "WOW Size": "10g",
    "WOW ppu": "$1.50 / 10G"
  },
  {
    "Brand_Product_Size": "Grenade Carb Killa High Protein Bar Peanut Nutter 60g",
    "WOW Price": 4,
    "WOW Size": "60g",
    "WOW ppu": "$6.67 / 100G"
  },
  {
    "Brand_Product_Size": "John West Tuna Olive Oil Blend 95g",
    "WOW Price": 1.15,
    "WOW Size": "95g",
    "WOW ppu": "$12.11 / 1KG"
  },
  {
    "Brand_Product_Size": "Ease A Cold Tablets Day & Night 30 pack",
    "WOW Price": 14.5,
    "WOW Size": "30 pack",
    "WOW ppu": "$0.48 / 1EA"
  },
  {
    "Brand_Product_Size": "Natures Goodness Adult Dog Food Beef Stew With Carrot & Potato 400g",
    "WOW Price": 1.89,
    "WOW Size": "400g",
    "WOW ppu": "$0.47 / 100G"
  },
  {
    "Brand_Product_Size": "Clairol Natural Instincts 2 Midnight Black each",
    "WOW Price": 16,
    "WOW Size": "each",
    "WOW ppu": "$16.00 / 1EA"
  },
  {
    "Brand_Product_Size": "Neutrogena Youthful Boost Smoothing Hydrogel Mask 30g",
    "WOW Price": 6,
    "WOW Size": "30g",
    "WOW ppu": "$20.00 / 100G"
  },
  {
    "Brand_Product_Size": "Murray River Organics Australian Almond Meal 200g",
    "WOW Price": 10,
    "WOW Size": "200g",
    "WOW ppu": "$50.00 / 1KG"
  },
  {
    "Brand_Product_Size": "Uhu Magic Blue Stick 40g each",
    "WOW Price": 1.85,
    "WOW Size": "40g each",
    "WOW ppu": ""
  },
  {
    "Brand_Product_Size": "Masterfoods Whole Cumin Seed 28g",
    "WOW Price": 3.25,
    "WOW Size": "28g",
    "WOW ppu": "$1.16 / 10G"
  },
  {
    "Brand_Product_Size": "Pips Apple Raspberry Flavoured Cordial 1L",
    "WOW Price": 2,
    "WOW Size": "1L",
    "WOW ppu": "$2.00 / 1L"
  },
  {
    "Brand_Product_Size": "Pantene Pro-v Sheer Volume Shampoo 375mL",
    "WOW Price": 4,
    "WOW Size": "375mL",
    "WOW ppu": "$1.07 / 100ML"
  },
  {
    "Brand_Product_Size": "Woolworths Free From Gluten Waffle Cones 12 pack",
    "WOW Price": 4.5,
    "WOW Size": "12 pack",
    "WOW ppu": "$3.41 / 100G"
  },
  {
    "Brand_Product_Size": "Amoy Sauce Oyster 555g",
    "WOW Price": 4.2,
    "WOW Size": "555g",
    "WOW ppu": "$0.76 / 100G"
  },
  {
    "Brand_Product_Size": "Woolworths Beef Jerky Bbq 50g",
    "WOW Price": 3.3,
    "WOW Size": "50g",
    "WOW ppu": "$6.60 / 100G"
  },
  {
    "Brand_Product_Size": "John West Tuna Protein Wholegrains With Couscous 220g",
    "WOW Price": 3,
    "WOW Size": "220g",
    "WOW ppu": "$13.64 / 1KG"
  },
  {
    "Brand_Product_Size": "Nivea Express Hydration Body Lotion Moisturiser 250mL",
    "WOW Price": 3.92,
    "WOW Size": "250mL",
    "WOW ppu": "$1.57 / 100ML"
  },
  {
    "Brand_Product_Size": "Obela Moroccan Sweet Potato & Pistachios 220g",
    "WOW Price": 4,
    "WOW Size": "220g",
    "WOW ppu": "$1.82 / 100G"
  },
  {
    "Brand_Product_Size": "Pantene Never Stray No Crunch Hairspray 160g",
    "WOW Price": 10.9,
    "WOW Size": "160g",
    "WOW ppu": "$6.81 / 100G"
  },
  {
    "Brand_Product_Size": "Willow Farm Dip French Onion 200g",
    "WOW Price": 2,
    "WOW Size": "200g",
    "WOW ppu": "$1.00 / 100G"
  },
  {
    "Brand_Product_Size": "Woolworths Almond Meal 400g",
    "WOW Price": 7.5,
    "WOW Size": "400g",
    "WOW ppu": "$18.75 / 1KG"
  },
  {
    "Brand_Product_Size": "Madura Earl Grey Tea Bags 50 pack 100g",
    "WOW Price": 4.85,
    "WOW Size": "50 pack 100g",
    "WOW ppu": "$0.10 / 1EA"
  },
  {
    "Brand_Product_Size": "Madura Earl Grey Tea Bags 50 pack 100g",
    "WOW Price": 4.85,
    "WOW Size": "50 pack 100g",
    "WOW ppu": "$0.10 / 1EA"
  },
  {
    "Brand_Product_Size": "Fairy Platinum Plus Dishwasher Tablets Lemon 45 pack",
    "WOW Price": 24.5,
    "WOW Size": "45 pack",
    "WOW ppu": "$0.54 / 1EA"
  },
  {
    "Brand_Product_Size": "Macro Organic Lamb Butterfly Leg 600g - 1.3kg",
    "WOW Price": 41.6,
    "WOW Size": "600g - 1.3kg",
    "WOW ppu": "$32.00 / 1KG"
  },
  {
    "Brand_Product_Size": "Air Wick Manual Spray Air Freshener Frangipani Mango 237g",
    "WOW Price": 2.8,
    "WOW Size": "237g",
    "WOW ppu": "$0.12 / 10G"
  },
  {
    "Brand_Product_Size": "Maharajah's Choice Crushed Chilli Spice 250g",
    "WOW Price": 2.5,
    "WOW Size": "250g",
    "WOW ppu": "$0.10 / 10G"
  },
  {
    "Brand_Product_Size": "Maggi Teriyaki & Sesame Chicken Stir Fry 150g",
    "WOW Price": 3,
    "WOW Size": "150g",
    "WOW ppu": "$2.00 / 100G"
  },
  {
    "Brand_Product_Size": "Gravox Finishing Sauce Parsley White 165g",
    "WOW Price": 1.75,
    "WOW Size": "165g",
    "WOW ppu": "$1.06 / 100G"
  },
  {
    "Brand_Product_Size": "Trill Pet Lorikeet Mix 500g",
    "WOW Price": 10,
    "WOW Size": "500g",
    "WOW ppu": "$2.00 / 100G"
  },
  {
    "Brand_Product_Size": "Kikkoman Gf Sushi Teriyaki Sauce 200mL",
    "WOW Price": 4.6,
    "WOW Size": "200mL",
    "WOW ppu": "$2.30 / 100ML"
  },
  {
    "Brand_Product_Size": "Vitasoy Protein Plus Unsweetened Soy Milk 1L",
    "WOW Price": 3,
    "WOW Size": "1L",
    "WOW ppu": "$3.00 / 1L"
  },
  {
    "Brand_Product_Size": "Vitasoy Protein Plus Unsweetened Soy Milk 1L",
    "WOW Price": 3,
    "WOW Size": "1L",
    "WOW ppu": "$3.00 / 1L"
  },
  {
    "Brand_Product_Size": "Rexona Women Antiperspirant Roll On Deodorant Classic 50mL",
    "WOW Price": 4,
    "WOW Size": "50mL",
    "WOW ppu": "$8.00 / 100ML"
  },
  {
    "Brand_Product_Size": "Herbal Essences Sulfate Free Potent Aloe & Bamboo Conditioner 350mL",
    "WOW Price": 10,
    "WOW Size": "350mL",
    "WOW ppu": "$2.86 / 100ML"
  },
  {
    "Brand_Product_Size": "Sun Health Bars Macadamia & Honey 35g",
    "WOW Price": 1.75,
    "WOW Size": "35g",
    "WOW ppu": "$5.00 / 100G"
  },
  {
    "Brand_Product_Size": "Spam Ham Classic 340g",
    "WOW Price": 4,
    "WOW Size": "340g",
    "WOW ppu": "$11.76 / 1KG"
  },
  {
    "Brand_Product_Size": "Surf Laundry Powder Floral Spice Orchid Vanilla 2kg",
    "WOW Price": 6,
    "WOW Size": "2kg",
    "WOW ppu": "$3.00 / 1KG"
  },
  {
    "Brand_Product_Size": "La Molisana Pastifico Extra Di Lusso Spaghetti 500g",
    "WOW Price": 2.8,
    "WOW Size": "500g",
    "WOW ppu": "$0.56 / 100G"
  },
  {
    "Brand_Product_Size": "Kellogg's Sultana Bran Gluten Free Breakfast Cereal 350g",
    "WOW Price": 6.3,
    "WOW Size": "350g",
    "WOW ppu": "$1.80 / 100G"
  },
  {
    "Brand_Product_Size": "Espressotoria Coffee Capsules Vittoria Decaf 12 pack",
    "WOW Price": 5.88,
    "WOW Size": "12 pack",
    "WOW ppu": "$0.49 / 1EA"
  },
  {
    "Brand_Product_Size": "Espressotoria Coffee Capsules Vittoria Decaf 12 pack",
    "WOW Price": 5.88,
    "WOW Size": "12 pack",
    "WOW ppu": "$0.49 / 1EA"
  },
  {
    "Brand_Product_Size": "Maseur Footcare Advanced Memory Foam Insole 1 pair",
    "WOW Price": 19.5,
    "WOW Size": "1 pair",
    "WOW ppu": ""
  },
  {
    "Brand_Product_Size": "Rimmel Extra Super Lash Mascara Black 8mL",
    "WOW Price": 6.5,
    "WOW Size": "8mL",
    "WOW ppu": "$8.13 / 10ML"
  },
  {
    "Brand_Product_Size": "Heinz No Added Sugar Pear & Blackberry Custard 120g",
    "WOW Price": 1.5,
    "WOW Size": "120g",
    "WOW ppu": "$1.25 / 100G"
  },
  {
    "Brand_Product_Size": "Mcobeauty Double Ended Eyebrow Razor each",
    "WOW Price": 6,
    "WOW Size": "each",
    "WOW ppu": "$6.00 / 1EA"
  },
  {
    "Brand_Product_Size": "Woolworths Garlic Salt 72g",
    "WOW Price": 1.45,
    "WOW Size": "72g",
    "WOW ppu": "$0.20 / 10G"
  },
  {
    "Brand_Product_Size": "Pepsi Max Mango Cans 375mL x10 pack",
    "WOW Price": 12.4,
    "WOW Size": "375mL x10 pack",
    "WOW ppu": "$3.31 / 1L"
  },
  {
    "Brand_Product_Size": "Freshwater Farm Australia Hemp Seed Oil Hydrating Castile Hand Wash 500mL",
    "WOW Price": 10,
    "WOW Size": "500mL",
    "WOW ppu": "$2.00 / 100ML"
  },
  {
    "Brand_Product_Size": "Nivea Men Pure Impact Shower Gel & Body Wash 500mL",
    "WOW Price": 6,
    "WOW Size": "500mL",
    "WOW ppu": "$1.20 / 100ML"
  },
  {
    "Brand_Product_Size": "Tommee Tippee Transition Cup 180ml each",
    "WOW Price": 10,
    "WOW Size": "each",
    "WOW ppu": "$10.00 / 1EA"
  },
  {
    "Brand_Product_Size": "Continental Cook-in-bag Recipe Base Roasted Garlic & Herbs 40g",
    "WOW Price": 2.3,
    "WOW Size": "40g",
    "WOW ppu": "$5.75 / 100G"
  },
  {
    "Brand_Product_Size": "Woolworths Pitted Dates 500g",
    "WOW Price": 1.85,
    "WOW Size": "500g",
    "WOW ppu": "$3.70 / 1KG"
  },
  {
    "Brand_Product_Size": "Continental Soup Sensations Cheesy Broccoli & Potato 56g",
    "WOW Price": 2.5,
    "WOW Size": "56g",
    "WOW ppu": "$4.46 / 100G"
  },
  {
    "Brand_Product_Size": "Lurpak Softest Slightly Salted Spread 250g",
    "WOW Price": 5,
    "WOW Size": "250g",
    "WOW ppu": "$2.00 / 100G"
  },
  {
    "Brand_Product_Size": "Woolworths Prep Set Go Slice Tri Colour Capsicum 500g",
    "WOW Price": 2.4,
    "WOW Size": "500g",
    "WOW ppu": "$4.80 / 1KG"
  },
  {
    "Brand_Product_Size": "Olay Hydrating Vitamin C & Caviar Lime each",
    "WOW Price": 13.3,
    "WOW Size": "each",
    "WOW ppu": "$10.64 / 100ML"
  },
  {
    "Brand_Product_Size": "Glad Kitchen Tidy Bag Wavetop X-large 20 pack",
    "WOW Price": 3.8,
    "WOW Size": "20 pack",
    "WOW ppu": "$0.19 / 1EA"
  },
  {
    "Brand_Product_Size": "Blackmores Odourless Fish Oil 1000mg 400 pack",
    "WOW Price": 40,
    "WOW Size": "400 pack",
    "WOW ppu": "$10.00 / 100EA"
  },
  {
    "Brand_Product_Size": "Tandaco Stuffing Mix 200g",
    "WOW Price": 2.45,
    "WOW Size": "200g",
    "WOW ppu": "$0.12 / 10G"
  },
  {
    "Brand_Product_Size": "Mint Rectangular Stoneware Medium Baking Dish each",
    "WOW Price": 9.6,
    "WOW Size": "each",
    "WOW ppu": ""
  },
  {
    "Brand_Product_Size": "Chris' Red Capsicum & Cashew Dip & Spread 200g",
    "WOW Price": 3.5,
    "WOW Size": "200g",
    "WOW ppu": "$1.75 / 100G"
  },
  {
    "Brand_Product_Size": "The Spice Tailor Indonesian Rendang Curry Kit 275g",
    "WOW Price": 6,
    "WOW Size": "275g",
    "WOW ppu": "$2.18 / 100G"
  },
  {
    "Brand_Product_Size": "Huon Tasmanian Smoked Salmon Deli Bites Natural",
    "WOW Price": 6,
    "WOW Size": "",
    "WOW ppu": "$24.00 / 1KG"
  },
  {
    "Brand_Product_Size": "Olay Eyes Ultimate Eye Cream 15mL",
    "WOW Price": 34.3,
    "WOW Size": "15mL",
    "WOW ppu": "$228.67 / 100ML"
  },
  {
    "Brand_Product_Size": "Cadbury Favourites 373g",
    "WOW Price": 7,
    "WOW Size": "373g",
    "WOW ppu": "$1.88 / 100G"
  },
  {
    "Brand_Product_Size": "Wokka Shelf Fresh Thin Hokkien Noodles 440g",
    "WOW Price": 2.7,
    "WOW Size": "440g",
    "WOW ppu": "$0.61 / 100G"
  },
  {
    "Brand_Product_Size": "Sss Foods Hommus Coriander Cummin & Mild Chilli 225g",
    "WOW Price": 2.8,
    "WOW Size": "225g",
    "WOW ppu": "$1.24 / 100G"
  },
  {
    "Brand_Product_Size": "Nivea Men Face Wash Sensitive Skin With Chamomile & Vitamin E 100mL",
    "WOW Price": 4.8,
    "WOW Size": "100mL",
    "WOW ppu": "$4.80 / 100ML"
  },
  {
    "Brand_Product_Size": "Maybelline Superstay 24 2-step Liquid Lipstick - Continuous Coral 1.8mL",
    "WOW Price": 12,
    "WOW Size": "1.8mL",
    "WOW ppu": ""
  },
  {
    "Brand_Product_Size": "Sally Hansen Polish Remover Strengthening Remover Strengthening 150mL",
    "WOW Price": 6,
    "WOW Size": "150mL",
    "WOW ppu": "$0.40 / 10ML"
  },
  {
    "Brand_Product_Size": "Rafferty's Garden Ifood Talian Lasagne Italian Lasagne 170g",
    "WOW Price": 2.45,
    "WOW Size": "170g",
    "WOW ppu": "$1.44 / 100G"
  },
  {
    "Brand_Product_Size": "Woolworths Traditional Mayonnaise 470g",
    "WOW Price": 2.6,
    "WOW Size": "470g",
    "WOW ppu": "$0.55 / 100G"
  },
  {
    "Brand_Product_Size": "Herbamare Sauce Seasoning Herb Salt 250g",
    "WOW Price": 7.7,
    "WOW Size": "250g",
    "WOW ppu": "$3.08 / 100G"
  },
  {
    "Brand_Product_Size": "L'oreal Paris Casting Creme Gloss 323 Dark Chocolate each",
    "WOW Price": 16,
    "WOW Size": "each",
    "WOW ppu": ""
  },
  {
    "Brand_Product_Size": "Nudie Nothing But Oranges With Pulp 1L",
    "WOW Price": 5.5,
    "WOW Size": "1L",
    "WOW ppu": "$5.50 / 1L"
  },
  {
    "Brand_Product_Size": "Cornwell's Mint Sauce Mint 200mL",
    "WOW Price": 1.95,
    "WOW Size": "200mL",
    "WOW ppu": "$0.98 / 100ML"
  },
  {
    "Brand_Product_Size": "Kinder Surprise Chocolate Egg Pink 20g",
    "WOW Price": 2.2,
    "WOW Size": "20g",
    "WOW ppu": "$11.00 / 100G"
  },
  {
    "Brand_Product_Size": "Woolworths Greek Style Fetta 200g",
    "WOW Price": 3,
    "WOW Size": "200g",
    "WOW ppu": "$15.00 / 1KG"
  },
  {
    "Brand_Product_Size": "Woolworths Greek Style Fetta 200g",
    "WOW Price": 3,
    "WOW Size": "200g",
    "WOW ppu": "$15.00 / 1KG"
  },
  {
    "Brand_Product_Size": "Carman's Aussie Oat Choc Chip Bars 6 pack",
    "WOW Price": 5,
    "WOW Size": "6 pack",
    "WOW ppu": "$2.78 / 100G"
  },
  {
    "Brand_Product_Size": "Philips Pilot Globe 15w Bc Base 2 pack",
    "WOW Price": 4,
    "WOW Size": "2 pack",
    "WOW ppu": "$2.00 / 1EA"
  },
  {
    "Brand_Product_Size": "Veganz Verdura Pizza 410g",
    "WOW Price": 8.5,
    "WOW Size": "410g",
    "WOW ppu": "$2.07 / 100G"
  },
  {
    "Brand_Product_Size": "John Frieda Treatment Frizz Ease Xtra Strength Serum 50mL",
    "WOW Price": 17,
    "WOW Size": "50mL",
    "WOW ppu": "$34.00 / 100ML"
  },
  {
    "Brand_Product_Size": "Guzzi's Tricolore Tagliatelle 375g",
    "WOW Price": 4.7,
    "WOW Size": "375g",
    "WOW ppu": "$1.25 / 100G"
  },
  {
    "Brand_Product_Size": "Applaws Chicken Breast With Vegetables Natural Dog Food",
    "WOW Price": 2.8,
    "WOW Size": "",
    "WOW ppu": "$1.79 / 100G"
  },
  {
    "Brand_Product_Size": "L'oreal Magic Retouch Cool Dark Brown 75mL",
    "WOW Price": 12.75,
    "WOW Size": "75mL",
    "WOW ppu": "$17.00 / 100ML"
  },
  {
    "Brand_Product_Size": "Schweppes Natural Mineral Water Natural 1.1L",
    "WOW Price": 1.25,
    "WOW Size": "1.1L",
    "WOW ppu": "$1.14 / 1L"
  },
  {
    "Brand_Product_Size": "Vetta Smart Fibre Spaghetti 500g",
    "WOW Price": 1.6,
    "WOW Size": "500g",
    "WOW ppu": "$0.32 / 100G"
  },
  {
    "Brand_Product_Size": "Tommee Tippee Advanced Anti Colic Feeding Bottle 260ml 2 pack",
    "WOW Price": 16.1,
    "WOW Size": "2 pack",
    "WOW ppu": ""
  },
  {
    "Brand_Product_Size": "Hot Pot Clear Soup 110g",
    "WOW Price": 5.25,
    "WOW Size": "110g",
    "WOW ppu": "$4.77 / 100G"
  },
  {
    "Brand_Product_Size": "Mainland Epicure Cheese 200g",
    "WOW Price": 6,
    "WOW Size": "200g",
    "WOW ppu": "$30.00 / 1KG"
  },
  {
    "Brand_Product_Size": "Invisible Zinc Spf 30+ Sunscreen Tinted Daywear Light 50g",
    "WOW Price": 32,
    "WOW Size": "50g",
    "WOW ppu": "$64.00 / 100G"
  },
  {
    "Brand_Product_Size": "Simple Kind To Skin Light Moisturiser Hydrating 125mL",
    "WOW Price": 10.5,
    "WOW Size": "125mL",
    "WOW ppu": "$8.40 / 100ML"
  },
  {
    "Brand_Product_Size": "Waxworks Mozzie Sticks Sandalwood Citronlla Frangipani 12 pack",
    "WOW Price": 8,
    "WOW Size": "12 pack",
    "WOW ppu": ""
  },
  {
    "Brand_Product_Size": "Cracker Barrel Block Extra Sharp 500g",
    "WOW Price": 8,
    "WOW Size": "500g",
    "WOW ppu": "$16.00 / 1KG"
  },
  {
    "Brand_Product_Size": "Lee Kum Kee Gluten Free Soy Sauce Soy Sauce 250mL",
    "WOW Price": 4,
    "WOW Size": "250mL",
    "WOW ppu": "$1.60 / 100ML"
  },
  {
    "Brand_Product_Size": "Maggi 2 Minute Instant Noodles Chicken 5 pack",
    "WOW Price": 3.8,
    "WOW Size": "5 pack",
    "WOW ppu": "$1.06 / 100G"
  },
  {
    "Brand_Product_Size": "Difflam Plus Anaesthetic Spray 30mL",
    "WOW Price": 19,
    "WOW Size": "30mL",
    "WOW ppu": "$63.33 / 100ML"
  },
  {
    "Brand_Product_Size": "Lindt Lindor Chocolate Block 60% Dark 100g bLock",
    "WOW Price": 2.7,
    "WOW Size": "100g bLock",
    "WOW ppu": "$2.70 / 100G"
  },
  {
    "Brand_Product_Size": "Cadbury Dairy Milk Fruit & Nut 180g",
    "WOW Price": 3.5,
    "WOW Size": "180g",
    "WOW ppu": "$1.94 / 100G"
  },
  {
    "Brand_Product_Size": "Jade Phoenix Snow Fungus 50g",
    "WOW Price": 1.85,
    "WOW Size": "50g",
    "WOW ppu": "$3.70 / 100G"
  },
  {
    "Brand_Product_Size": "Maybelline Tattoo Brow Gel Tint Medium 5g",
    "WOW Price": 12.5,
    "WOW Size": "5g",
    "WOW ppu": "$25.00 / 10G"
  },
  {
    "Brand_Product_Size": "Quest Protein Bar Smores 60g",
    "WOW Price": 4,
    "WOW Size": "60g",
    "WOW ppu": "$6.67 / 100G"
  },
  {
    "Brand_Product_Size": "Oc Naturals Shampoo Normal Balance 725mL",
    "WOW Price": 6,
    "WOW Size": "725mL",
    "WOW ppu": "$0.83 / 100ML"
  },
  {
    "Brand_Product_Size": "Keep It Cleaner Protein Ball Cinnamon Doughnut 32g",
    "WOW Price": 2.4,
    "WOW Size": "32g",
    "WOW ppu": "$7.50 / 100G"
  },
  {
    "Brand_Product_Size": "Continental Chicken Stock Powder 130g",
    "WOW Price": 2.99,
    "WOW Size": "130g",
    "WOW ppu": "$0.23 / 10G"
  },
  {
    "Brand_Product_Size": "Blackmores B12 Rapi-melt 1000 Mcg 30 pack",
    "WOW Price": 12,
    "WOW Size": "30 pack",
    "WOW ppu": "$40.00 / 100EA"
  },
  {
    "Brand_Product_Size": "Woolworths Savoury Nut Mix 500g",
    "WOW Price": 5,
    "WOW Size": "500g",
    "WOW ppu": "$1.00 / 100G"
  },
  {
    "Brand_Product_Size": "Infacol Effective Colic Relief 50mL",
    "WOW Price": 15,
    "WOW Size": "50mL",
    "WOW ppu": "$30.00 / 100ML"
  },
  {
    "Brand_Product_Size": "Essentials Glass Jug each",
    "WOW Price": 4,
    "WOW Size": "each",
    "WOW ppu": ""
  },
  {
    "Brand_Product_Size": "Cracker Barrel Block Special Reserve 250g",
    "WOW Price": 6.8,
    "WOW Size": "250g",
    "WOW ppu": "$27.20 / 1KG"
  },
  {
    "Brand_Product_Size": "Lucky Flaked Almonds 110g",
    "WOW Price": 5,
    "WOW Size": "110g",
    "WOW ppu": "$45.45 / 1KG"
  },
  {
    "Brand_Product_Size": "Tom & Luke Salted Caramel 10 pack",
    "WOW Price": 5,
    "WOW Size": "10 pack",
    "WOW ppu": "$3.57 / 100G"
  },
  {
    "Brand_Product_Size": "Tom & Luke Salted Caramel 10 pack",
    "WOW Price": 5,
    "WOW Size": "10 pack",
    "WOW ppu": "$3.57 / 100G"
  },
  {
    "Brand_Product_Size": "Poise Thin & Discreet Extra Pads 12 pack",
    "WOW Price": 6,
    "WOW Size": "12 pack",
    "WOW ppu": "$0.50 / 1EA"
  },
  {
    "Brand_Product_Size": "Mccain Herb & Parmesan Chicken Schnitzel 310g",
    "WOW Price": 6,
    "WOW Size": "310g",
    "WOW ppu": "$1.94 / 100G"
  },
  {
    "Brand_Product_Size": "Meiji Biscuit Hello Panda Snacks Chocolate 50g",
    "WOW Price": 1.8,
    "WOW Size": "50g",
    "WOW ppu": "$3.60 / 100G"
  },
  {
    "Brand_Product_Size": "Applaws Adult Cat Food Natural Treat Tuna Loin Plain 30g",
    "WOW Price": 2.7,
    "WOW Size": "30g",
    "WOW ppu": "$9.00 / 100G"
  },
  {
    "Brand_Product_Size": "Clean Laundry Collection Washing Bag 3 pack",
    "WOW Price": 8,
    "WOW Size": "3 pack",
    "WOW ppu": ""
  },
  {
    "Brand_Product_Size": "Riviana Basmati Rice Extra Long Grain 1kg",
    "WOW Price": 4.5,
    "WOW Size": "1kg",
    "WOW ppu": "$0.45 / 100G"
  },
  {
    "Brand_Product_Size": "L'oreal Paris Infallible 2 Step Lipstick Invincible Sable 5.6mL",
    "WOW Price": 15,
    "WOW Size": "5.6mL",
    "WOW ppu": "$26.79 / 10ML"
  },
  {
    "Brand_Product_Size": "Arnott's Jatz Cracked Pepper Crackers 225g",
    "WOW Price": 3.2,
    "WOW Size": "225g",
    "WOW ppu": "$1.42 / 100G"
  },
  {
    "Brand_Product_Size": "Game Farm Spatchcock Whole 350g - 690g",
    "WOW Price": 12.42,
    "WOW Size": "350g - 690g",
    "WOW ppu": "$18.00 / 1KG"
  },
  {
    "Brand_Product_Size": "Little One's Nappy Pants Toddler 10-15kg 25 pack",
    "WOW Price": 9,
    "WOW Size": "25 pack",
    "WOW ppu": "$0.36 / 1EA"
  },
  {
    "Brand_Product_Size": "Woolworths Canned Shredded Chicken Teriyaki 85g",
    "WOW Price": 1.29,
    "WOW Size": "85g",
    "WOW ppu": "$15.18 / 1KG"
  },
  {
    "Brand_Product_Size": "Razzamatazz Knee Hi Pantyhose Natural One Size 2 pack",
    "WOW Price": 4,
    "WOW Size": "2 pack",
    "WOW ppu": ""
  },
  {
    "Brand_Product_Size": "Cobs Corn Puffs Barbecue Gluten Free 120g",
    "WOW Price": 3.5,
    "WOW Size": "120g",
    "WOW ppu": "$2.92 / 100G"
  },
  {
    "Brand_Product_Size": "Simmone Logue Angus Beef & Vegetable Cocktail Pies 12 pack",
    "WOW Price": 17,
    "WOW Size": "12 pack",
    "WOW ppu": "$1.89 / 100G"
  },
  {
    "Brand_Product_Size": "Maharajah's Choice Rosewater 250mL",
    "WOW Price": 3.25,
    "WOW Size": "250mL",
    "WOW ppu": "$1.30 / 100ML"
  },
  {
    "Brand_Product_Size": "Perfect Italiano Perfect Bakes 3 Cheeses 450g",
    "WOW Price": 7.65,
    "WOW Size": "450g",
    "WOW ppu": "$17.00 / 1KG"
  },
  {
    "Brand_Product_Size": "Woolworths Pine Nuts 180g",
    "WOW Price": 8.4,
    "WOW Size": "180g",
    "WOW ppu": "$46.67 / 1KG"
  },
  {
    "Brand_Product_Size": "The Jelly Bean Factory Surprise Flavour Mix 50g",
    "WOW Price": 2,
    "WOW Size": "50g",
    "WOW ppu": "$4.00 / 100G"
  },
  {
    "Brand_Product_Size": "Green Gardener Garden Hose Coupling 1 pack",
    "WOW Price": 3,
    "WOW Size": "1 pack",
    "WOW ppu": ""
  },
  {
    "Brand_Product_Size": "Twinings Assam Bold Tea 80 pack",
    "WOW Price": 11.2,
    "WOW Size": "80 pack",
    "WOW ppu": "$0.14 / 1EA"
  },
  {
    "Brand_Product_Size": "Twinings Assam Bold Tea 80 pack",
    "WOW Price": 11.2,
    "WOW Size": "80 pack",
    "WOW ppu": "$0.14 / 1EA"
  },
  {
    "Brand_Product_Size": "San Remo Rigatoni Pasta No 22 500g",
    "WOW Price": 2.6,
    "WOW Size": "500g",
    "WOW ppu": "$0.52 / 100G"
  },
  {
    "Brand_Product_Size": "Sanitarium Up&go Dairy Free Liquid Breakfast Choc Ice 3 pack",
    "WOW Price": 4.95,
    "WOW Size": "3 pack",
    "WOW ppu": "$6.60 / 1L"
  },
  {
    "Brand_Product_Size": "Clean Laundry Collection Peg Basket Small each",
    "WOW Price": 2,
    "WOW Size": "each",
    "WOW ppu": ""
  },
  {
    "Brand_Product_Size": "Arnott's Shapes Original Bbq Crackers 175g",
    "WOW Price": 2.5,
    "WOW Size": "175g",
    "WOW ppu": "$1.43 / 100G"
  },
  {
    "Brand_Product_Size": "Korbond Printed Animal On White Balloons 30g",
    "WOW Price": 3,
    "WOW Size": "30g",
    "WOW ppu": "$0.30 / 1EA"
  },
  {
    "Brand_Product_Size": "Woolworths Pineapple Slices In Juice 425g",
    "WOW Price": 1.2,
    "WOW Size": "425g",
    "WOW ppu": "$2.82 / 1KG"
  },
  {
    "Brand_Product_Size": "Sonic B Alive Wired Sport Earphones each",
    "WOW Price": 14,
    "WOW Size": "each",
    "WOW ppu": ""
  },
  {
    "Brand_Product_Size": "Sorbent Toilet Tissue White 10 pack",
    "WOW Price": 5,
    "WOW Size": "10 pack",
    "WOW ppu": "$0.28 / 100SS"
  },
  {
    "Brand_Product_Size": "Sustagen Vanilla Flavour 550g",
    "WOW Price": 9.5,
    "WOW Size": "550g",
    "WOW ppu": "$1.73 / 100G"
  },
  {
    "Brand_Product_Size": "Woolworths Scrap Notebook 72 Page each",
    "WOW Price": 2,
    "WOW Size": "each",
    "WOW ppu": ""
  },
  {
    "Brand_Product_Size": "S-26 Alula Gold Toddler 1 Year + 900g",
    "WOW Price": 20,
    "WOW Size": "900g",
    "WOW ppu": "$2.22 / 100G"
  },
  {
    "Brand_Product_Size": "Jamie Oliver Fish Cakes With Parsley Crumb 4 pack",
    "WOW Price": 5,
    "WOW Size": "4 pack",
    "WOW ppu": "$25.00 / 1KG"
  },
  {
    "Brand_Product_Size": "Corelle Winter Frost White Dinner Plate 26cm each",
    "WOW Price": 7,
    "WOW Size": "each",
    "WOW ppu": ""
  },
  {
    "Brand_Product_Size": "Voeu Aloe Avocado & Cucumber Body Lotion 400mL",
    "WOW Price": 5,
    "WOW Size": "400mL",
    "WOW ppu": "$1.25 / 100ML"
  },
  {
    "Brand_Product_Size": "Cornwell's Lancashire Relish 500mL",
    "WOW Price": 5,
    "WOW Size": "500mL",
    "WOW ppu": "$1.00 / 100ML"
  },
  {
    "Brand_Product_Size": "Bonds Women's Underwear Cottontails Size 12 2 pack",
    "WOW Price": 16,
    "WOW Size": "2 pack",
    "WOW ppu": ""
  },
  {
    "Brand_Product_Size": "Polyglaze Car Care Upholstery Cleaner 400g",
    "WOW Price": 11.5,
    "WOW Size": "400g",
    "WOW ppu": "$2.88 / 100G"
  },
  {
    "Brand_Product_Size": "Dove Beauty Bar Soap Original 2x100g",
    "WOW Price": 3.8,
    "WOW Size": "2x100g",
    "WOW ppu": "$1.90 / 100G"
  },
  {
    "Brand_Product_Size": "Woolworths Glazed Mints 170g",
    "WOW Price": 2,
    "WOW Size": "170g",
    "WOW ppu": "$1.18 / 100G"
  },
  {
    "Brand_Product_Size": "Skin Republic Hemp Seed Face Mask each",
    "WOW Price": 8,
    "WOW Size": "each",
    "WOW ppu": ""
  },
  {
    "Brand_Product_Size": "Tooshies By Tom Nappies With Organic Bamboo 16+ Kg Junior Size 6 30 pack",
    "WOW Price": 20,
    "WOW Size": "30 pack",
    "WOW ppu": "$0.67 / 1EA"
  },
  {
    "Brand_Product_Size": "Nyal Tablets Cold And Flu 18 Day & 6 Night 24 pack",
    "WOW Price": 14,
    "WOW Size": "24 pack",
    "WOW ppu": "$0.58 / 1EA"
  },
  {
    "Brand_Product_Size": "Schwarzkopf Live Colour Hair Colour Pastels Cool Grey each",
    "WOW Price": 5,
    "WOW Size": "each",
    "WOW ppu": ""
  },
  {
    "Brand_Product_Size": "The Natural Confectionery Co. Smoothie Chews 220g bag",
    "WOW Price": 3,
    "WOW Size": "220g bag",
    "WOW ppu": "$1.36 / 100G"
  },
  {
    "Brand_Product_Size": "Vicks Vapo Rub Easy Applicator Ointment 35g",
    "WOW Price": 12,
    "WOW Size": "35g",
    "WOW ppu": "$34.29 / 100G"
  },
  {
    "Brand_Product_Size": "Continental Simmer Soup Spring Vegetable 30g",
    "WOW Price": 1.4,
    "WOW Size": "30g",
    "WOW ppu": "$4.67 / 100G"
  },
  {
    "Brand_Product_Size": "Menz Bumbles Milk Choc Honeycomb 400g",
    "WOW Price": 3,
    "WOW Size": "400g",
    "WOW ppu": "$0.75 / 100G"
  },
  {
    "Brand_Product_Size": "Maybelline Superstay 24 Hour Powder - Ivory 10 each",
    "WOW Price": 10,
    "WOW Size": "each",
    "WOW ppu": "$11.11 / 10G"
  },
  {
    "Brand_Product_Size": "Essentials Raw Sugar 2kg",
    "WOW Price": 2.1,
    "WOW Size": "2kg",
    "WOW ppu": "$0.11 / 100G"
  },
  {
    "Brand_Product_Size": "Bird Munchies Budgie Treat Budgie & Canary Treat 110g",
    "WOW Price": 2,
    "WOW Size": "110g",
    "WOW ppu": "$1.82 / 100G"
  },
  {
    "Brand_Product_Size": "Napro Palette 3-65 Chocolate Brown each",
    "WOW Price": 7.95,
    "WOW Size": "each",
    "WOW ppu": "$7.95 / 1EA"
  },
  {
    "Brand_Product_Size": "Nivea Kids Roll On Moisturising Sunscreen Lotion Spf50+ 65mL",
    "WOW Price": 11,
    "WOW Size": "65mL",
    "WOW ppu": "$16.92 / 100ML"
  },
  {
    "Brand_Product_Size": "Maybelline Brow Ultra Slim Blonde each",
    "WOW Price": 8,
    "WOW Size": "each",
    "WOW ppu": "$88.89 / 10G"
  },
  {
    "Brand_Product_Size": "Calidad Hp Printer Ink 63 Xl Tri Colour each",
    "WOW Price": 38,
    "WOW Size": "each",
    "WOW ppu": ""
  },
  {
    "Brand_Product_Size": "Finish 0% Dishwasher Tablets 22 pack",
    "WOW Price": 17,
    "WOW Size": "22 pack",
    "WOW ppu": "$0.77 / 1EA"
  },
  {
    "Brand_Product_Size": "Paperclick Glue Stick 2 pack",
    "WOW Price": 3,
    "WOW Size": "2 pack",
    "WOW ppu": ""
  },
  {
    "Brand_Product_Size": "Arnott's Wagon Wheels Multipack 190g",
    "WOW Price": 3,
    "WOW Size": "190g",
    "WOW ppu": "$1.58 / 100G"
  },
  {
    "Brand_Product_Size": "Arnott's Wagon Wheels Multipack 190g",
    "WOW Price": 3,
    "WOW Size": "190g",
    "WOW ppu": "$1.58 / 100G"
  },
  {
    "Brand_Product_Size": "Safcol Tapas Smoked Rainbow Trout Fillets 105g",
    "WOW Price": 4,
    "WOW Size": "105g",
    "WOW ppu": "$38.10 / 1KG"
  },
  {
    "Brand_Product_Size": "Canon Printer Ink Cli526bk Inkjet Black each",
    "WOW Price": 23.2,
    "WOW Size": "each",
    "WOW ppu": ""
  },
  {
    "Brand_Product_Size": "L'oreal Men Expert Pure Charcoal Scrub 100mL",
    "WOW Price": 6,
    "WOW Size": "100mL",
    "WOW ppu": "$6.00 / 100ML"
  },
  {
    "Brand_Product_Size": "Continental Instant Mashed Potato Deb Mash 350g",
    "WOW Price": 5.45,
    "WOW Size": "350g",
    "WOW ppu": "$15.57 / 1KG"
  },
  {
    "Brand_Product_Size": "Wiltshire Bend N Bake Round Cake Pan each",
    "WOW Price": 8.4,
    "WOW Size": "each",
    "WOW ppu": ""
  },
  {
    "Brand_Product_Size": "Schwarzkopf Got2b Hairspray 2 Sexy 300mL",
    "WOW Price": 6.5,
    "WOW Size": "300mL",
    "WOW ppu": "$2.17 / 100ML"
  },
  {
    "Brand_Product_Size": "Woolworths Sandwich Cheese Slices 1kg",
    "WOW Price": 10,
    "WOW Size": "1kg",
    "WOW ppu": "$10.00 / 1KG"
  },
  {
    "Brand_Product_Size": "Woolworths Sandwich Cheese Slices 1kg",
    "WOW Price": 10,
    "WOW Size": "1kg",
    "WOW ppu": "$10.00 / 1KG"
  },
  {
    "Brand_Product_Size": "Rexona Men Antiperspirant Aerosol Deodorant Quantum 250mL",
    "WOW Price": 5,
    "WOW Size": "250mL",
    "WOW ppu": "$2.00 / 100ML"
  },
  {
    "Brand_Product_Size": "Cottee's Instant Pudding Vanilla 100g",
    "WOW Price": 1.45,
    "WOW Size": "100g",
    "WOW ppu": "$1.45 / 100G"
  },
  {
    "Brand_Product_Size": "Air Wick Pure Beach Escapes Bondi Breeze each",
    "WOW Price": 15,
    "WOW Size": "each",
    "WOW ppu": "$9.55 / 100G"
  },
  {
    "Brand_Product_Size": "Valvoline Power Steering Fluid 350mL",
    "WOW Price": 12,
    "WOW Size": "350mL",
    "WOW ppu": ""
  },
  {
    "Brand_Product_Size": "Woolworths Free From Creme Choc Biscuits 120g",
    "WOW Price": 2.7,
    "WOW Size": "120g",
    "WOW ppu": "$2.25 / 100G"
  },
  {
    "Brand_Product_Size": "Woolworths Free From Creme Choc Biscuits 120g",
    "WOW Price": 2.7,
    "WOW Size": "120g",
    "WOW ppu": "$2.25 / 100G"
  },
  {
    "Brand_Product_Size": "Woolworths Tasty Light Cheese Slices 500g",
    "WOW Price": 6.5,
    "WOW Size": "500g",
    "WOW ppu": "$13.00 / 1KG"
  },
  {
    "Brand_Product_Size": "Woolworths Tasty Light Cheese Slices 500g",
    "WOW Price": 6.5,
    "WOW Size": "500g",
    "WOW ppu": "$13.00 / 1KG"
  },
  {
    "Brand_Product_Size": "Violet Crumble Bar 50g",
    "WOW Price": 1,
    "WOW Size": "50g",
    "WOW ppu": "$2.00 / 100G"
  },
  {
    "Brand_Product_Size": "Bonds Socks Mens Business Plain Size 6-10 3 pack",
    "WOW Price": 15,
    "WOW Size": "3 pack",
    "WOW ppu": "$5.00 / 1EA"
  },
  {
    "Brand_Product_Size": "Hydralyte Effervescent Lemon/ Lime 40 pack",
    "WOW Price": 22,
    "WOW Size": "40 pack",
    "WOW ppu": "$0.55 / 1EA"
  },
  {
    "Brand_Product_Size": "Scotch-brite Non Scratch Foam Scrub Sponge 4 pack",
    "WOW Price": 4.5,
    "WOW Size": "4 pack",
    "WOW ppu": "$1.13 / 1EA"
  },
  {
    "Brand_Product_Size": "Woolworths Yellowfin Tuna In Springwater 95g",
    "WOW Price": 1.3,
    "WOW Size": "95g",
    "WOW ppu": "$13.68 / 1KG"
  },
  {
    "Brand_Product_Size": "Whiskas Chicken & Tuna Dry Kitten Food 800g",
    "WOW Price": 5,
    "WOW Size": "800g",
    "WOW ppu": "$0.63 / 100G"
  },
  {
    "Brand_Product_Size": "Schmackos Strapz Beef Dog Treats 200g",
    "WOW Price": 3,
    "WOW Size": "200g",
    "WOW ppu": "$1.50 / 100G"
  },
  {
    "Brand_Product_Size": "Oscar Orsen Hair Coils Slim Clear & Black each",
    "WOW Price": 6,
    "WOW Size": "each",
    "WOW ppu": ""
  },
  {
    "Brand_Product_Size": "Mint Peeling Knife each",
    "WOW Price": 2.1,
    "WOW Size": "each",
    "WOW ppu": ""
  },
  {
    "Brand_Product_Size": "Lifestyles Condoms Ultra Thin 20 pack",
    "WOW Price": 9.9,
    "WOW Size": "20 pack",
    "WOW ppu": "$0.50 / 1EA"
  },
  {
    "Brand_Product_Size": "Gravox Gravy Liquid Roast Pork 165g",
    "WOW Price": 2.5,
    "WOW Size": "165g",
    "WOW ppu": "$1.52 / 100G"
  },
  {
    "Brand_Product_Size": "Calidad Hp Printer Ink 564 Xl Black each",
    "WOW Price": 20,
    "WOW Size": "each",
    "WOW ppu": ""
  },
  {
    "Brand_Product_Size": "Passage To Asia Teriyaki Chicken 200g",
    "WOW Price": 3,
    "WOW Size": "200g",
    "WOW ppu": "$1.50 / 100G"
  },
  {
    "Brand_Product_Size": "Biotene Mouthwash Dry Mouth Relief Fresh Mint 235mL",
    "WOW Price": 9.5,
    "WOW Size": "235mL",
    "WOW ppu": "$4.04 / 100ML"
  },
  {
    "Brand_Product_Size": "Bonds Womens Underwear Cottontails Size 14 2 pack",
    "WOW Price": 16,
    "WOW Size": "2 pack",
    "WOW ppu": ""
  },
  {
    "Brand_Product_Size": "Tabasco Chilli Sauce Red Pepper 60mL",
    "WOW Price": 5,
    "WOW Size": "60mL",
    "WOW ppu": "$8.33 / 100ML"
  },
  {
    "Brand_Product_Size": "Calidad Hp Printer Ink 564 Black each",
    "WOW Price": 14,
    "WOW Size": "each",
    "WOW ppu": ""
  },
  {
    "Brand_Product_Size": "Gillette Mach3+ Blades 12 pack",
    "WOW Price": 35,
    "WOW Size": "12 pack",
    "WOW ppu": "$2.92 / 1EA"
  },
  {
    "Brand_Product_Size": "Provoke Touch Of Silver Brightening Purple Shampoo 200mL",
    "WOW Price": 13,
    "WOW Size": "200mL",
    "WOW ppu": "$6.50 / 100ML"
  },
  {
    "Brand_Product_Size": "Oh So Comfy Large Satin Scrunchies 2 pack",
    "WOW Price": 7,
    "WOW Size": "2 pack",
    "WOW ppu": ""
  },
  {
    "Brand_Product_Size": "Head & Shoulders Ultra Men Shampoo Old Spice 550mL",
    "WOW Price": 13.3,
    "WOW Size": "550mL",
    "WOW ppu": "$2.42 / 100ML"
  },
  {
    "Brand_Product_Size": "Perfect Italiano Romano Cheese Block 200g",
    "WOW Price": 6.3,
    "WOW Size": "200g",
    "WOW ppu": "$31.50 / 1KG"
  },
  {
    "Brand_Product_Size": "Perfect Italiano Romano Cheese Block 200g",
    "WOW Price": 6.3,
    "WOW Size": "200g",
    "WOW ppu": "$31.50 / 1KG"
  },
  {
    "Brand_Product_Size": "Katoomba Ingredients Toor Dal 1kg",
    "WOW Price": 4.7,
    "WOW Size": "1kg",
    "WOW ppu": "$0.47 / 100G"
  },
  {
    "Brand_Product_Size": "Optimum Puppy With Chicken Rice & Vegetables Wet Dog Food 700g",
    "WOW Price": 2.6,
    "WOW Size": "700g",
    "WOW ppu": "$0.37 / 100G"
  },
  {
    "Brand_Product_Size": "San Marino Artisan Tabasco Salami 200g",
    "WOW Price": 8.5,
    "WOW Size": "200g",
    "WOW ppu": "$42.50 / 1KG"
  },
  {
    "Brand_Product_Size": "Finish Powerball All In 1 Max Dishwasher Tablets Lemon 27 pack",
    "WOW Price": 12,
    "WOW Size": "27 pack",
    "WOW ppu": "$0.44 / 1EA"
  },
  {
    "Brand_Product_Size": "Biozet Attack Plus Eliminator 2kg",
    "WOW Price": 11,
    "WOW Size": "2kg",
    "WOW ppu": "$5.50 / 1KG"
  },
  {
    "Brand_Product_Size": "So... Kiss Me Perfumed Body Spray 150mL",
    "WOW Price": 3.75,
    "WOW Size": "150mL",
    "WOW ppu": "$2.50 / 100ML"
  },
  {
    "Brand_Product_Size": "Sam's Pantry Indulgent Choc Cherry Nut Butter Bar 5 pack",
    "WOW Price": 3.5,
    "WOW Size": "5 pack",
    "WOW ppu": "$2.06 / 100G"
  },
  {
    "Brand_Product_Size": "Sam's Pantry Indulgent Choc Cherry Nut Butter Bar 5 pack",
    "WOW Price": 3.5,
    "WOW Size": "5 pack",
    "WOW ppu": "$2.06 / 100G"
  },
  {
    "Brand_Product_Size": "Ssk Japanese Mayo 1kg",
    "WOW Price": 9.5,
    "WOW Size": "1kg",
    "WOW ppu": "$9.50 / 1KG"
  },
  {
    "Brand_Product_Size": "Woolworths Flavoured Instant Gravy Chicken 120g",
    "WOW Price": 1.65,
    "WOW Size": "120g",
    "WOW ppu": "$0.14 / 10G"
  },
  {
    "Brand_Product_Size": "Baxter's Dog Food Casserole Chicken. Rice & Veg 1.2kg",
    "WOW Price": 2.4,
    "WOW Size": "1.2kg",
    "WOW ppu": "$0.20 / 100G"
  },
  {
    "Brand_Product_Size": "Refresh Your Car Pump Spray New Car 237mL",
    "WOW Price": 7,
    "WOW Size": "237mL",
    "WOW ppu": "$7.00 / 1EA"
  },
  {
    "Brand_Product_Size": "Ayam Pure Sesame Oil 420mL",
    "WOW Price": 8,
    "WOW Size": "420mL",
    "WOW ppu": "$1.90 / 100ML"
  },
  {
    "Brand_Product_Size": "Golden Circle Apple Juice 350mL",
    "WOW Price": 1.6,
    "WOW Size": "350mL",
    "WOW ppu": "$4.57 / 1L"
  },
  {
    "Brand_Product_Size": "Golden Circle Apple Juice 350mL",
    "WOW Price": 1.6,
    "WOW Size": "350mL",
    "WOW ppu": "$4.57 / 1L"
  },
  {
    "Brand_Product_Size": "Bref Scent Switch Green Apple & Water Lily 2 pack",
    "WOW Price": 6,
    "WOW Size": "2 pack",
    "WOW ppu": "$6.00 / 100G"
  },
  {
    "Brand_Product_Size": "Tiao Hu Hoisin Sauce 320mL",
    "WOW Price": 2.3,
    "WOW Size": "320mL",
    "WOW ppu": "$0.72 / 100ML"
  },
  {
    "Brand_Product_Size": "Easiyo Sweet Vanilla Yoghurt Base 230g",
    "WOW Price": 4,
    "WOW Size": "230g",
    "WOW ppu": "$1.74 / 100G"
  },
  {
    "Brand_Product_Size": "Fancy Feast Adult Medleys Tuscany Collection Wet Cat Food 85g x12 pack",
    "WOW Price": 17.5,
    "WOW Size": "85g x12 pack",
    "WOW ppu": "$1.72 / 100G"
  },
  {
    "Brand_Product_Size": "Gourmet Garden Herb Tube Ginger 115g",
    "WOW Price": 4.5,
    "WOW Size": "115g",
    "WOW ppu": "$0.39 / 10G"
  },
  {
    "Brand_Product_Size": "Gourmet Garden Herb Tube Ginger 115g",
    "WOW Price": 4.5,
    "WOW Size": "115g",
    "WOW ppu": "$0.39 / 10G"
  },
  {
    "Brand_Product_Size": "L'oreal Life's A Peach Blush 7g",
    "WOW Price": 15,
    "WOW Size": "7g",
    "WOW ppu": "$21.43 / 10G"
  },
  {
    "Brand_Product_Size": "Patak's Tikka Masala Curry Paste Paste 283g",
    "WOW Price": 4,
    "WOW Size": "283g",
    "WOW ppu": "$1.41 / 100G"
  },
  {
    "Brand_Product_Size": "Garnier Nutrisse Hair Colour 6n Nude Light Brown each",
    "WOW Price": 7.46,
    "WOW Size": "each",
    "WOW ppu": ""
  },
  {
    "Brand_Product_Size": "Colgate Smiles My First Extra Soft Kids Toothbrush 0-2 Years each",
    "WOW Price": 3.5,
    "WOW Size": "each",
    "WOW ppu": "$3.50 / 1EA"
  },
  {
    "Brand_Product_Size": "Always Fresh Traditional Sauerkraut 460g",
    "WOW Price": 3.25,
    "WOW Size": "460g",
    "WOW ppu": "$7.07 / 1KG"
  },
  {
    "Brand_Product_Size": "Yumi's Traditional Middle Eastern Hommus Dip 200g",
    "WOW Price": 4,
    "WOW Size": "200g",
    "WOW ppu": "$2.00 / 100G"
  },
  {
    "Brand_Product_Size": "Quorn Vegan Nuggets 280g",
    "WOW Price": 7,
    "WOW Size": "280g",
    "WOW ppu": "$2.50 / 100G"
  },
  {
    "Brand_Product_Size": "Oscar Orsen Jumbo Soft Ponytailers Black 10 pack",
    "WOW Price": 4.5,
    "WOW Size": "10 pack",
    "WOW ppu": ""
  },
  {
    "Brand_Product_Size": "Decor Tellfresh Storer Set 6 pack",
    "WOW Price": 16,
    "WOW Size": "6 pack",
    "WOW ppu": "$2.67 / 1EA"
  },
  {
    "Brand_Product_Size": "Platinum Cover & Crease Duo Eye Brush each",
    "WOW Price": 12,
    "WOW Size": "each",
    "WOW ppu": "$12.00 / 1EA"
  },
  {
    "Brand_Product_Size": "Hart & Soul Mediterranean Couscous 150g",
    "WOW Price": 3.8,
    "WOW Size": "150g",
    "WOW ppu": "$2.53 / 100G"
  },
  {
    "Brand_Product_Size": "Five:am Organic Strawberry Yoghurt 700g",
    "WOW Price": 6,
    "WOW Size": "700g",
    "WOW ppu": "$0.86 / 100G"
  },
  {
    "Brand_Product_Size": "Cussons Imperial Leather Talc Original 300g",
    "WOW Price": 3,
    "WOW Size": "300g",
    "WOW ppu": "$1.00 / 100G"
  },
  {
    "Brand_Product_Size": "Snickers Chocolate Bar Iced Confectionery Multipack 53mL x6 pack",
    "WOW Price": 8.5,
    "WOW Size": "53mL x6 pack",
    "WOW ppu": "$2.67 / 100ML"
  },
  {
    "Brand_Product_Size": "Energizer 360 Area Lantern each",
    "WOW Price": 40,
    "WOW Size": "each",
    "WOW ppu": ""
  },
  {
    "Brand_Product_Size": "Healtheries No Added Sugar Bar Milk Chocolate",
    "WOW Price": 1.7,
    "WOW Size": "",
    "WOW ppu": "$8.10 / 100G"
  },
  {
    "Brand_Product_Size": "Crave Chicken & Salmon Dry Cat Food 500g",
    "WOW Price": 7.5,
    "WOW Size": "500g",
    "WOW ppu": "$1.50 / 100G"
  },
  {
    "Brand_Product_Size": "Leggos Tomato Paste Squeeze 400g",
    "WOW Price": 3.85,
    "WOW Size": "400g",
    "WOW ppu": "$0.96 / 100G"
  },
  {
    "Brand_Product_Size": "Elastoplast Dressing Non Stick Wound Pad 5 pack",
    "WOW Price": 6,
    "WOW Size": "5 pack",
    "WOW ppu": "$1.20 / 1EA"
  },
  {
    "Brand_Product_Size": "Nivea Q10 Anti-age Firming Day Cream Face Moisturiser Spf30 50mL",
    "WOW Price": 22,
    "WOW Size": "50mL",
    "WOW ppu": "$44.00 / 100ML"
  },
  {
    "Brand_Product_Size": "Phillips Avents Teats Silicon Medium Flow 2 pack",
    "WOW Price": 10,
    "WOW Size": "2 pack",
    "WOW ppu": "$5.00 / 1EA"
  },
  {
    "Brand_Product_Size": "Huggies Little Swimmers Small 12 pack",
    "WOW Price": 15,
    "WOW Size": "12 pack",
    "WOW ppu": "$1.25 / 1EA"
  },
  {
    "Brand_Product_Size": "Energizer Max Plus Aaa 20 pack",
    "WOW Price": 26,
    "WOW Size": "20 pack",
    "WOW ppu": "$1.30 / 1EA"
  },
  {
    "Brand_Product_Size": "Mckenzie's Baking Powder 125g",
    "WOW Price": 2,
    "WOW Size": "125g",
    "WOW ppu": "$1.60 / 100G"
  },
  {
    "Brand_Product_Size": "Korbond Hot Melt Glue Sticks 12 pack",
    "WOW Price": 3,
    "WOW Size": "12 pack",
    "WOW ppu": ""
  },
  {
    "Brand_Product_Size": "Raguletto Pasta Sauce Napolitana 500g",
    "WOW Price": 1.8,
    "WOW Size": "500g",
    "WOW ppu": "$0.36 / 100G"
  },
  {
    "Brand_Product_Size": "Nair Sensitive Hair Removal Cream 150g",
    "WOW Price": 11,
    "WOW Size": "150g",
    "WOW ppu": "$7.33 / 100G"
  },
  {
    "Brand_Product_Size": "Maybelline Fit Me Dewy & Smooth Liquid Foundation - Natural Buff 30mL",
    "WOW Price": 11,
    "WOW Size": "30mL",
    "WOW ppu": "$3.67 / 10ML"
  },
  {
    "Brand_Product_Size": "Woolworths Basmati Rice 2kg",
    "WOW Price": 6.3,
    "WOW Size": "2kg",
    "WOW ppu": "$0.32 / 100G"
  },
  {
    "Brand_Product_Size": "Ocean Spray Reduced Sugar Craisins 250g",
    "WOW Price": 6,
    "WOW Size": "250g",
    "WOW ppu": "$24.00 / 1KG"
  },
  {
    "Brand_Product_Size": "Sanitarium Natural Crunchy Peanut Butter 375g",
    "WOW Price": 3.5,
    "WOW Size": "375g",
    "WOW ppu": "$0.93 / 100G"
  },
  {
    "Brand_Product_Size": "Noshu 99% Sugar Free Fudgy Brownies Mix 300g",
    "WOW Price": 7.5,
    "WOW Size": "300g",
    "WOW ppu": "$2.50 / 100G"
  },
  {
    "Brand_Product_Size": "Essentials Kids Socks Sport Low Cut Size 9-12 4 pack",
    "WOW Price": 8,
    "WOW Size": "4 pack",
    "WOW ppu": "$2.00 / 1EA"
  },
  {
    "Brand_Product_Size": "Confidere Incontinence Pads Regular 14 pack",
    "WOW Price": 3.25,
    "WOW Size": "14 pack",
    "WOW ppu": "$0.23 / 1EA"
  },
  {
    "Brand_Product_Size": "Edco Jumbo Thick Sponges 3 pack",
    "WOW Price": 2.99,
    "WOW Size": "3 pack",
    "WOW ppu": "$1.00 / 1EA"
  },
  {
    "Brand_Product_Size": "Simmone Logue Chicken & Leek Pie 700g",
    "WOW Price": 17,
    "WOW Size": "700g",
    "WOW ppu": "$2.43 / 100G"
  },
  {
    "Brand_Product_Size": "Simmone Logue Chicken & Leek Pie 700g",
    "WOW Price": 17,
    "WOW Size": "700g",
    "WOW ppu": "$2.43 / 100G"
  },
  {
    "Brand_Product_Size": "Macro Organic Oats Rolled Unstabilised 500g",
    "WOW Price": 3.5,
    "WOW Size": "500g",
    "WOW ppu": "$0.70 / 100G"
  },
  {
    "Brand_Product_Size": "Nature's Gift Sustain Chicken Dry Puppy Food Dry Dog Food 2.25kg",
    "WOW Price": 9.5,
    "WOW Size": "2.25kg",
    "WOW ppu": "$0.42 / 100G"
  },
  {
    "Brand_Product_Size": "Woolworths Sunflower Oil 2L",
    "WOW Price": 6,
    "WOW Size": "2L",
    "WOW ppu": "$0.30 / 100ML"
  },
  {
    "Brand_Product_Size": "Closer To Nature Explora Container 4 Freezer Pots & Tray each",
    "WOW Price": 10,
    "WOW Size": "each",
    "WOW ppu": "$10.00 / 1EA"
  },
  {
    "Brand_Product_Size": "Nivea Men Deep Roll On Antiperspirant Deodorant 50mL",
    "WOW Price": 3.5,
    "WOW Size": "50mL",
    "WOW ppu": "$7.00 / 100ML"
  },
  {
    "Brand_Product_Size": "Farmers Own Homogenised Reduced Fat Milk 2L",
    "WOW Price": 3.2,
    "WOW Size": "2L",
    "WOW ppu": "$1.60 / 1L"
  },
  {
    "Brand_Product_Size": "Foster Clark's Custard Powder 350g",
    "WOW Price": 2.2,
    "WOW Size": "350g",
    "WOW ppu": "$0.63 / 100G"
  },
  {
    "Brand_Product_Size": "Donna Hay Spelt Flour Pancakes With Real Vanilla Beans 285g",
    "WOW Price": 5.95,
    "WOW Size": "285g",
    "WOW ppu": "$2.09 / 100G"
  },
  {
    "Brand_Product_Size": "Primo Choice Prosciutto 100g",
    "WOW Price": 6,
    "WOW Size": "100g",
    "WOW ppu": "$60.00 / 1KG"
  },
  {
    "Brand_Product_Size": "Fantastic Delites Snacks Sour Cream & Chives 100g",
    "WOW Price": 1.5,
    "WOW Size": "100g",
    "WOW ppu": "$1.50 / 100G"
  },
  {
    "Brand_Product_Size": "Little Wishes Freezer Food Pots 6 pack",
    "WOW Price": 2.5,
    "WOW Size": "6 pack",
    "WOW ppu": "$0.42 / 1EA"
  },
  {
    "Brand_Product_Size": "Gippsland Dairy Twist Smooth & Creamy Plain Yoghurt 720g",
    "WOW Price": 7,
    "WOW Size": "720g",
    "WOW ppu": "$0.97 / 100G"
  },
  {
    "Brand_Product_Size": "Waxworks Decorative Tealight Lantern each",
    "WOW Price": 15,
    "WOW Size": "each",
    "WOW ppu": "$15.00 / 1EA"
  },
  {
    "Brand_Product_Size": "Aveeno Active Naturals Daily Moisturising Lotion 532mL",
    "WOW Price": 16.99,
    "WOW Size": "532mL",
    "WOW ppu": "$3.19 / 100ML"
  },
  {
    "Brand_Product_Size": "Shaw River Smoked Buffalino Cheese 150g",
    "WOW Price": 10.6,
    "WOW Size": "150g",
    "WOW ppu": "$70.67 / 1KG"
  },
  {
    "Brand_Product_Size": "Shaw River Smoked Buffalino Cheese 150g",
    "WOW Price": 10.6,
    "WOW Size": "150g",
    "WOW ppu": "$70.67 / 1KG"
  },
  {
    "Brand_Product_Size": "Devondale Tasty Cheese Block 625g",
    "WOW Price": 7.5,
    "WOW Size": "625g",
    "WOW ppu": "$12.00 / 1KG"
  },
  {
    "Brand_Product_Size": "Sandhurst Artichoke Marinated 170g",
    "WOW Price": 3.1,
    "WOW Size": "170g",
    "WOW ppu": "$18.24 / 1KG"
  },
  {
    "Brand_Product_Size": "Pot Noodle Original Curry 90g",
    "WOW Price": 4,
    "WOW Size": "90g",
    "WOW ppu": "$4.44 / 100G"
  },
  {
    "Brand_Product_Size": "Woolworths Microwave Quick Pasta Penne 150g",
    "WOW Price": 1.5,
    "WOW Size": "150g",
    "WOW ppu": "$1.00 / 100G"
  },
  {
    "Brand_Product_Size": "Haldiram's Ingredients Chatpata Dal 150g",
    "WOW Price": 2,
    "WOW Size": "150g",
    "WOW ppu": "$1.33 / 100G"
  },
  {
    "Brand_Product_Size": "Cadbury Double Decker Chocolate 54.5g",
    "WOW Price": 2.2,
    "WOW Size": "54.5g",
    "WOW ppu": "$4.04 / 100G"
  },
  {
    "Brand_Product_Size": "Masterfoods Chilli, Garlic & Ginger Finely Chopped Seasoning 160g",
    "WOW Price": 2.8,
    "WOW Size": "160g",
    "WOW ppu": "$0.18 / 10G"
  },
  {
    "Brand_Product_Size": "Prima Orange Fruit Drink 6x200mL",
    "WOW Price": 3.25,
    "WOW Size": "6x200mL",
    "WOW ppu": "$2.71 / 1L"
  },
  {
    "Brand_Product_Size": "Prima Orange Fruit Drink 6x200mL",
    "WOW Price": 3.25,
    "WOW Size": "6x200mL",
    "WOW ppu": "$2.71 / 1L"
  },
  {
    "Brand_Product_Size": "Decor Thermoglass Baking Dish Realseal 1.8L",
    "WOW Price": 20,
    "WOW Size": "1.8L",
    "WOW ppu": ""
  },
  {
    "Brand_Product_Size": "Wiltshire Bakeware Bend N Bake Muffin Pan 12 Cup each",
    "WOW Price": 8.4,
    "WOW Size": "each",
    "WOW ppu": ""
  },
  {
    "Brand_Product_Size": "Neutrogena Bright Boost Resurfacing Micro Polish 75mL",
    "WOW Price": 20,
    "WOW Size": "75mL",
    "WOW ppu": "$26.67 / 100ML"
  },
  {
    "Brand_Product_Size": "L'oreal Paris Excellence Age Perfect Pearl Blonde 8.32 each",
    "WOW Price": 16,
    "WOW Size": "each",
    "WOW ppu": ""
  },
  {
    "Brand_Product_Size": "Elastoplast Sensitive Skin Tone Dark Plasters 20 pack",
    "WOW Price": 3.5,
    "WOW Size": "20 pack",
    "WOW ppu": "$17.50 / 100EA"
  },
  {
    "Brand_Product_Size": "Swisse Ultiboost Zinc+ Tabs 60 pack",
    "WOW Price": 8,
    "WOW Size": "60 pack",
    "WOW ppu": "$13.33 / 100EA"
  },
  {
    "Brand_Product_Size": "Old El Paso Gluten Free Soft Taco Kit 418g",
    "WOW Price": 7,
    "WOW Size": "418g",
    "WOW ppu": "$1.67 / 100G"
  },
  {
    "Brand_Product_Size": "Musashi Muscle Recovery Chocolate Drink 375mL",
    "WOW Price": 4.55,
    "WOW Size": "375mL",
    "WOW ppu": "$12.13 / 1L"
  },
  {
    "Brand_Product_Size": "Love Luna Midi Period Brief 8--10",
    "WOW Price": 13.5,
    "WOW Size": "8--10",
    "WOW ppu": "$13.50 / 1EA"
  },
  {
    "Brand_Product_Size": "Woolworths Essentials Underwear Women's Bikini Size 12-14 each",
    "WOW Price": 10,
    "WOW Size": "each",
    "WOW ppu": ""
  },
  {
    "Brand_Product_Size": "Cornwell's Apple Cider Vinegar 375mL",
    "WOW Price": 2.6,
    "WOW Size": "375mL",
    "WOW ppu": "$0.69 / 100ML"
  },
  {
    "Brand_Product_Size": "Pepsi Bottle 1.25L",
    "WOW Price": 2.35,
    "WOW Size": "1.25L",
    "WOW ppu": "$1.88 / 1L"
  },
  {
    "Brand_Product_Size": "Frank's Red Hot Buffalo Wings 148mL",
    "WOW Price": 3,
    "WOW Size": "148mL",
    "WOW ppu": "$0.20 / 10ML"
  },
  {
    "Brand_Product_Size": "Woolworths Essentials Envelopes C4 25 pack",
    "WOW Price": 5,
    "WOW Size": "25 pack",
    "WOW ppu": ""
  },
  {
    "Brand_Product_Size": "Tradie Baby Zipster Boy each",
    "WOW Price": 15,
    "WOW Size": "each",
    "WOW ppu": ""
  },
  {
    "Brand_Product_Size": "Birds Eye Oven Bake Crumbed Lemon 425g",
    "WOW Price": 10,
    "WOW Size": "425g",
    "WOW ppu": "$23.53 / 1KG"
  },
  {
    "Brand_Product_Size": "Maggi Satay Chicken Recipe Base 43g",
    "WOW Price": 1.75,
    "WOW Size": "43g",
    "WOW ppu": "$4.07 / 100G"
  },
  {
    "Brand_Product_Size": "Love Luna Midi Period Brief 6--8",
    "WOW Price": 13.5,
    "WOW Size": "6--8",
    "WOW ppu": "$13.50 / 1EA"
  },
  {
    "Brand_Product_Size": "Maggi Lamb Ragout Recipe Base 37g",
    "WOW Price": 1.75,
    "WOW Size": "37g",
    "WOW ppu": "$4.73 / 100G"
  },
  {
    "Brand_Product_Size": "Zafarelli Fusilli Pasta No 17 500g",
    "WOW Price": 1.2,
    "WOW Size": "500g",
    "WOW ppu": "$0.24 / 100G"
  },
  {
    "Brand_Product_Size": "Dolmio Extra Italian Herbs Tomato Pasta Sauce 500g",
    "WOW Price": 2.9,
    "WOW Size": "500g",
    "WOW ppu": "$0.58 / 100G"
  },
  {
    "Brand_Product_Size": "Nivea Light Feel Sunscreen Moisturiser Lotion Spf30 200mL",
    "WOW Price": 16.5,
    "WOW Size": "200mL",
    "WOW ppu": "$8.25 / 100ML"
  },
  {
    "Brand_Product_Size": "Rosella Organic Tomato Sauce 250g",
    "WOW Price": 6,
    "WOW Size": "250g",
    "WOW ppu": "$2.40 / 100G"
  },
  {
    "Brand_Product_Size": "Bottlegreen Cordial Elderflower 500mL",
    "WOW Price": 7,
    "WOW Size": "500mL",
    "WOW ppu": "$14.00 / 1L"
  },
  {
    "Brand_Product_Size": "Jacob's Creek Sparkling Chardonnay Pinot Noir 200mL",
    "WOW Price": 5,
    "WOW Size": "200mL",
    "WOW ppu": ""
  },
  {
    "Brand_Product_Size": "Amy's Kitchen Canned Soup Organic Chunky Tomato Bisque 411g",
    "WOW Price": 3.9,
    "WOW Size": "411g",
    "WOW ppu": "$0.95 / 100G"
  },
  {
    "Brand_Product_Size": "Akin Antibacterial Moisture Rich Hand Wash 500mL",
    "WOW Price": 15,
    "WOW Size": "500mL",
    "WOW ppu": "$3.00 / 100ML"
  },
  {
    "Brand_Product_Size": "Continental Cup A Soup Creamy Chicken With Lots Of Noodles 2 pack",
    "WOW Price": 1.05,
    "WOW Size": "2 pack",
    "WOW ppu": "$1.75 / 100G"
  },
  {
    "Brand_Product_Size": "Abc Chilli Sauce Extra Hot 340mL",
    "WOW Price": 2.8,
    "WOW Size": "340mL",
    "WOW ppu": "$0.84 / 100ML"
  },
  {
    "Brand_Product_Size": "Buderim Ginger Bears 175g",
    "WOW Price": 4.5,
    "WOW Size": "175g",
    "WOW ppu": "$25.71 / 1KG"
  },
  {
    "Brand_Product_Size": "Cadbury Baking Dark Chocolate Chips 200g",
    "WOW Price": 3,
    "WOW Size": "200g",
    "WOW ppu": "$1.50 / 100G"
  },
  {
    "Brand_Product_Size": "Credelio Flea & Tick Treatment Chewable Tablet For Large Dog each",
    "WOW Price": 29,
    "WOW Size": "each",
    "WOW ppu": "$29.00 / 1EA"
  },
  {
    "Brand_Product_Size": "Korbond Tape Measure Retractable 1.5m each",
    "WOW Price": 3,
    "WOW Size": "each",
    "WOW ppu": ""
  },
  {
    "Brand_Product_Size": "Dolmio Extra Tomato, Onion & Garlic Pasta Sauce 785g",
    "WOW Price": 3.75,
    "WOW Size": "785g",
    "WOW ppu": "$0.48 / 100G"
  },
  {
    "Brand_Product_Size": "For Her Full Briefs Size 18-20 5 pack",
    "WOW Price": 10,
    "WOW Size": "5 pack",
    "WOW ppu": ""
  },
  {
    "Brand_Product_Size": "Woolworths Italian Dried Herbs 10g",
    "WOW Price": 1.9,
    "WOW Size": "10g",
    "WOW ppu": "$1.90 / 10G"
  },
  {
    "Brand_Product_Size": "The Famous Homemade Pistachio Biscotti 150g",
    "WOW Price": 7,
    "WOW Size": "150g",
    "WOW ppu": "$4.67 / 100G"
  },
  {
    "Brand_Product_Size": "Masterfoods Charred Tandoori Style Marinade 160g",
    "WOW Price": 2.4,
    "WOW Size": "160g",
    "WOW ppu": "$1.50 / 100G"
  },
  {
    "Brand_Product_Size": "Organic Choice Reed Diffuser Black Orchid & Smoked Sandalwood 50mL",
    "WOW Price": 15,
    "WOW Size": "50mL",
    "WOW ppu": "$3.00 / 10ML"
  },
  {
    "Brand_Product_Size": "Tilda Fragrant Jasmine Rice Classics 250g",
    "WOW Price": 3,
    "WOW Size": "250g",
    "WOW ppu": "$1.20 / 100G"
  },
  {
    "Brand_Product_Size": "Mainland Organic Block 400g",
    "WOW Price": 9,
    "WOW Size": "400g",
    "WOW ppu": "$22.50 / 1KG"
  },
  {
    "Brand_Product_Size": "Capilano Light & Smooth Honey Upside Down 340g",
    "WOW Price": 6.9,
    "WOW Size": "340g",
    "WOW ppu": "$2.03 / 100G"
  },
  {
    "Brand_Product_Size": "Brown Brothers Sparkling Moscato 200mL",
    "WOW Price": 7.5,
    "WOW Size": "200mL",
    "WOW ppu": ""
  },
  {
    "Brand_Product_Size": "Continental Side Dish Mushroom & Chive Risotto 115g",
    "WOW Price": 1.36,
    "WOW Size": "115g",
    "WOW ppu": "$1.18 / 100G"
  },
  {
    "Brand_Product_Size": "Golden Circle Fruit Juice Tropical 6x200mL",
    "WOW Price": 3.7,
    "WOW Size": "6x200mL",
    "WOW ppu": "$3.08 / 1L"
  },
  {
    "Brand_Product_Size": "Golden Circle Fruit Juice Tropical 6x200mL",
    "WOW Price": 3.7,
    "WOW Size": "6x200mL",
    "WOW ppu": "$3.08 / 1L"
  },
  {
    "Brand_Product_Size": "Lurpak Lighter Blend Spreadable Butter 250g",
    "WOW Price": 5,
    "WOW Size": "250g",
    "WOW ppu": "$2.00 / 100G"
  },
  {
    "Brand_Product_Size": "Kellogg's Lcms Coco Pops White Choc Snack Bars 12 pack",
    "WOW Price": 7,
    "WOW Size": "12 pack",
    "WOW ppu": "$2.92 / 100G"
  },
  {
    "Brand_Product_Size": "Kellogg's Lcms Coco Pops White Choc Snack Bars 12 pack",
    "WOW Price": 7,
    "WOW Size": "12 pack",
    "WOW ppu": "$2.92 / 100G"
  },
  {
    "Brand_Product_Size": "Schwarzkopf Nordic Blonde Shampoo Anti-yellow 200mL",
    "WOW Price": 13,
    "WOW Size": "200mL",
    "WOW ppu": "$6.50 / 100ML"
  },
  {
    "Brand_Product_Size": "Ease A Cold Kids Chewable Berry Cold & Flu Tablets 2-12yrs 24 pack",
    "WOW Price": 15,
    "WOW Size": "24 pack",
    "WOW ppu": "$0.63 / 1EA"
  },
  {
    "Brand_Product_Size": "Lee Kum Kee Sauce Stir Fry Hoisin 260g",
    "WOW Price": 3.5,
    "WOW Size": "260g",
    "WOW ppu": "$1.35 / 100G"
  },
  {
    "Brand_Product_Size": "Woolworths Coconut Fine Desiccated 500g",
    "WOW Price": 2.8,
    "WOW Size": "500g",
    "WOW ppu": "$5.60 / 1KG"
  },
  {
    "Brand_Product_Size": "Nivea Moisturiser Sunscreen Spray Lotion Spf50+ & Vitamin E 300mL",
    "WOW Price": 21,
    "WOW Size": "300mL",
    "WOW ppu": "$7.00 / 100ML"
  },
  {
    "Brand_Product_Size": "Spc Tropics Pineapple Slices In Juice 432g",
    "WOW Price": 2.8,
    "WOW Size": "432g",
    "WOW ppu": "$6.48 / 1KG"
  },
  {
    "Brand_Product_Size": "Bonds Comfy Tops Slimming Sheer Tights Nude Lge each",
    "WOW Price": 8,
    "WOW Size": "each",
    "WOW ppu": ""
  },
  {
    "Brand_Product_Size": "Garnier Hydra Bomb Anti-ageing Eye Tissue Mask each",
    "WOW Price": 2.4,
    "WOW Size": "each",
    "WOW ppu": "$40.00 / 100G"
  },
  {
    "Brand_Product_Size": "Primo Bacon Pan Size 750g",
    "WOW Price": 15,
    "WOW Size": "750g",
    "WOW ppu": "$20.00 / 1KG"
  },
  {
    "Brand_Product_Size": "Bonds Guyfront Mid Trunk Medium each",
    "WOW Price": 25,
    "WOW Size": "each",
    "WOW ppu": ""
  },
  {
    "Brand_Product_Size": "Perfect Italiano 4 Cheese Melt 150g",
    "WOW Price": 3.25,
    "WOW Size": "150g",
    "WOW ppu": "$21.67 / 1KG"
  },
  {
    "Brand_Product_Size": "Macro Organic Black Bean No Added Salt 420g",
    "WOW Price": 1.3,
    "WOW Size": "420g",
    "WOW ppu": "$0.31 / 100G"
  },
  {
    "Brand_Product_Size": "Obela Caramelised Onion Garnished Hommus 220g",
    "WOW Price": 4,
    "WOW Size": "220g",
    "WOW ppu": "$1.82 / 100G"
  },
  {
    "Brand_Product_Size": "Gravox Gravy Liquid Brown Onion 165g",
    "WOW Price": 2.5,
    "WOW Size": "165g",
    "WOW ppu": "$1.52 / 100G"
  },
  {
    "Brand_Product_Size": "Poppin Microwave Popcorn Triple Butter Flavour Explosion 100g x4 pack",
    "WOW Price": 5.55,
    "WOW Size": "100g x4 pack",
    "WOW ppu": "$1.39 / 100G"
  },
  {
    "Brand_Product_Size": "Nesquik Cereal 650g",
    "WOW Price": 7.5,
    "WOW Size": "650g",
    "WOW ppu": "$1.15 / 100G"
  },
  {
    "Brand_Product_Size": "Ecs Botanics Mexican Spiced Bean Soup 330g",
    "WOW Price": 5,
    "WOW Size": "330g",
    "WOW ppu": "$1.52 / 100G"
  },
  {
    "Brand_Product_Size": "Brunswick Sardines With Lemon &thyme 120g",
    "WOW Price": 2.5,
    "WOW Size": "120g",
    "WOW ppu": "$20.83 / 1KG"
  },
  {
    "Brand_Product_Size": "Nature's Own Sleep Ezy Tablets 100 pack",
    "WOW Price": 15,
    "WOW Size": "100 pack",
    "WOW ppu": "$15.00 / 100EA"
  },
  {
    "Brand_Product_Size": "Essano Conditioner Soothing Keratin Complex 300mL",
    "WOW Price": 16,
    "WOW Size": "300mL",
    "WOW ppu": "$5.33 / 100ML"
  },
  {
    "Brand_Product_Size": "Maybelline Mascara Falsies Black Waterproof 7.5mL",
    "WOW Price": 10,
    "WOW Size": "7.5mL",
    "WOW ppu": "$13.33 / 10ML"
  },
  {
    "Brand_Product_Size": "Gravox Finishing Sauce Pepper Steak 165g",
    "WOW Price": 1.75,
    "WOW Size": "165g",
    "WOW ppu": "$1.06 / 100G"
  },
  {
    "Brand_Product_Size": "Nudie Proactive Beauty 400mL",
    "WOW Price": 3.6,
    "WOW Size": "400mL",
    "WOW ppu": "$9.00 / 1L"
  },
  {
    "Brand_Product_Size": "Snickers Crisper Ice Bar 6 pack",
    "WOW Price": 8.5,
    "WOW Size": "6 pack",
    "WOW ppu": "$3.62 / 100ML"
  },
  {
    "Brand_Product_Size": "Colgate Slim Soft Advanced Charcoal Bristles Ultra Soft Toothbrush each",
    "WOW Price": 6,
    "WOW Size": "each",
    "WOW ppu": "$6.00 / 1EA"
  },
  {
    "Brand_Product_Size": "Depend Real Fit For Women Underwear Medium 8 pack",
    "WOW Price": 12,
    "WOW Size": "8 pack",
    "WOW ppu": "$1.50 / 1EA"
  },
  {
    "Brand_Product_Size": "The Happy Snack Company Fav-va Beans Lightly Salted 6x25g",
    "WOW Price": 5.3,
    "WOW Size": "6x25g",
    "WOW ppu": "$3.53 / 100G"
  },
  {
    "Brand_Product_Size": "The Happy Snack Company Fav-va Beans Lightly Salted 6x25g",
    "WOW Price": 5.3,
    "WOW Size": "6x25g",
    "WOW ppu": "$3.53 / 100G"
  },
  {
    "Brand_Product_Size": "Connect Foods Pumpkin Seeds Pink Himalayan Salt 125g",
    "WOW Price": 4,
    "WOW Size": "125g",
    "WOW ppu": "$3.20 / 100G"
  },
  {
    "Brand_Product_Size": "Quilton Toilet Tissue King Size Unscented 6 pack",
    "WOW Price": 4,
    "WOW Size": "6 pack",
    "WOW ppu": "$0.38 / 100SS"
  },
  {
    "Brand_Product_Size": "Well Naturally No Sugar Added Chocolate Hazelnut 90g",
    "WOW Price": 3.5,
    "WOW Size": "90g",
    "WOW ppu": "$3.89 / 100G"
  },
  {
    "Brand_Product_Size": "Prana On Plant Protein Shake Chocolate Flavour 405g",
    "WOW Price": 30,
    "WOW Size": "405g",
    "WOW ppu": "$7.41 / 100G"
  },
  {
    "Brand_Product_Size": "Western Star Supersoft Spreadable 500g",
    "WOW Price": 5.5,
    "WOW Size": "500g",
    "WOW ppu": "$1.10 / 100G"
  },
  {
    "Brand_Product_Size": "Western Star Supersoft Spreadable 500g",
    "WOW Price": 5.5,
    "WOW Size": "500g",
    "WOW ppu": "$1.10 / 100G"
  },
  {
    "Brand_Product_Size": "Western Star Supersoft Spreadable 500g",
    "WOW Price": 5.5,
    "WOW Size": "500g",
    "WOW ppu": "$1.10 / 100G"
  },
  {
    "Brand_Product_Size": "Campbell's Canned Soup Cream Of Asparagus 420g",
    "WOW Price": 1.7,
    "WOW Size": "420g",
    "WOW ppu": "$0.40 / 100G"
  },
  {
    "Brand_Product_Size": "Cottee's Strawberry Jam 500g",
    "WOW Price": 2.8,
    "WOW Size": "500g",
    "WOW ppu": "$0.56 / 100G"
  },
  {
    "Brand_Product_Size": "Cottee's Strawberry Jam 500g",
    "WOW Price": 2.8,
    "WOW Size": "500g",
    "WOW ppu": "$0.56 / 100G"
  },
  {
    "Brand_Product_Size": "Woolworths 12 Extra Large Cage Free Eggs 700g",
    "WOW Price": 3.95,
    "WOW Size": "700g",
    "WOW ppu": "$0.56 / 100G"
  },
  {
    "Brand_Product_Size": "Devondale Extra Soft Butter Blend 750g",
    "WOW Price": 7.5,
    "WOW Size": "750g",
    "WOW ppu": "$1.00 / 100G"
  },
  {
    "Brand_Product_Size": "Devondale Extra Soft Butter Blend 750g",
    "WOW Price": 7.5,
    "WOW Size": "750g",
    "WOW ppu": "$1.00 / 100G"
  },
  {
    "Brand_Product_Size": "Devondale Extra Soft Butter Blend 750g",
    "WOW Price": 7.5,
    "WOW Size": "750g",
    "WOW ppu": "$1.00 / 100G"
  },
  {
    "Brand_Product_Size": "Pana Organic 100% Cacao Powder 200g",
    "WOW Price": 8,
    "WOW Size": "200g",
    "WOW ppu": "$4.00 / 100G"
  },
  {
    "Brand_Product_Size": "Mint Non-stick Coating Granite Frypan 26cm each",
    "WOW Price": 12,
    "WOW Size": "each",
    "WOW ppu": ""
  },
  {
    "Brand_Product_Size": "Tuckers Fruit Paste Caramelised Fig 100g",
    "WOW Price": 5,
    "WOW Size": "100g",
    "WOW ppu": "$50.00 / 1KG"
  },
  {
    "Brand_Product_Size": "Keith's Foods Mozzarella Cheese Sticks 235g",
    "WOW Price": 5,
    "WOW Size": "235g",
    "WOW ppu": "$2.13 / 100G"
  },
  {
    "Brand_Product_Size": "Ayam Satay Sauce 250mL",
    "WOW Price": 3.5,
    "WOW Size": "250mL",
    "WOW ppu": "$1.40 / 100ML"
  },
  {
    "Brand_Product_Size": "Woolworths Tuna Hot Buffalo Style 74g",
    "WOW Price": 1.5,
    "WOW Size": "74g",
    "WOW ppu": "$20.27 / 1KG"
  },
  {
    "Brand_Product_Size": "South Cape Club Cheddar Vintage Cheese 140g",
    "WOW Price": 5,
    "WOW Size": "140g",
    "WOW ppu": "$35.71 / 1KG"
  },
  {
    "Brand_Product_Size": "South Cape Club Cheddar Vintage Cheese 140g",
    "WOW Price": 5,
    "WOW Size": "140g",
    "WOW ppu": "$35.71 / 1KG"
  },
  {
    "Brand_Product_Size": "Carman's Deluxe Muesli Almond & Maple 400g",
    "WOW Price": 6.9,
    "WOW Size": "400g",
    "WOW ppu": "$1.73 / 100G"
  },
  {
    "Brand_Product_Size": "Kellogg's Pop Tarts Frosted Strawberry 8 pack",
    "WOW Price": 4,
    "WOW Size": "8 pack",
    "WOW ppu": "$1.04 / 100G"
  },
  {
    "Brand_Product_Size": "Purina One Kitten Chicken In Gravy Wet Cat Food 70g",
    "WOW Price": 1.8,
    "WOW Size": "70g",
    "WOW ppu": "$2.57 / 100G"
  },
  {
    "Brand_Product_Size": "Woolworths Extra Virgin Spanish Olive Oil 1L",
    "WOW Price": 7,
    "WOW Size": "1L",
    "WOW ppu": "$0.70 / 100ML"
  },
  {
    "Brand_Product_Size": "Tresemme Professional Hair Conditioner Remoisturise 900mL",
    "WOW Price": 7,
    "WOW Size": "900mL",
    "WOW ppu": "$0.78 / 100ML"
  },
  {
    "Brand_Product_Size": "Maybelline Superstay Matte Ink Bricks Self Star 5mL",
    "WOW Price": 11,
    "WOW Size": "5mL",
    "WOW ppu": "$22.00 / 10ML"
  },
  {
    "Brand_Product_Size": "Hippo Moisture Absorber Small Spaces 300g",
    "WOW Price": 6.5,
    "WOW Size": "300g",
    "WOW ppu": "$2.17 / 100G"
  },
  {
    "Brand_Product_Size": "Ansell Gloves Dermo Plus Large 1 pair",
    "WOW Price": 4,
    "WOW Size": "1 pair",
    "WOW ppu": "$4.00 / 1EA"
  },
  {
    "Brand_Product_Size": "Wiltshire Ring Pan 22cm each",
    "WOW Price": 13,
    "WOW Size": "each",
    "WOW ppu": ""
  },
  {
    "Brand_Product_Size": "Farmers Co. Bush Foods Breakfast Cereal 500g",
    "WOW Price": 5.35,
    "WOW Size": "500g",
    "WOW ppu": "$1.07 / 100G"
  },
  {
    "Brand_Product_Size": "Hygiene Plus Duo Kitchen & Bathroom Gloves Medium 2 pack",
    "WOW Price": 4,
    "WOW Size": "2 pack",
    "WOW ppu": "$2.00 / 1EA"
  },
  {
    "Brand_Product_Size": "Evia Cheesecake Inspired Dessert Yoghurt 350g",
    "WOW Price": 2.5,
    "WOW Size": "350g",
    "WOW ppu": "$0.71 / 100G"
  },
  {
    "Brand_Product_Size": "Natural Coarse Sea Salt Grinder 380g",
    "WOW Price": 7.5,
    "WOW Size": "380g",
    "WOW ppu": "$0.20 / 10G"
  },
  {
    "Brand_Product_Size": "Slendier Ready To Eat Meal Italian Basil Sauce 310g",
    "WOW Price": 5,
    "WOW Size": "310g",
    "WOW ppu": "$1.61 / 100G"
  },
  {
    "Brand_Product_Size": "Twinings Cranberry & Pomegranate Fruit Infusions 40 pack",
    "WOW Price": 5,
    "WOW Size": "40 pack",
    "WOW ppu": "$0.13 / 1EA"
  },
  {
    "Brand_Product_Size": "Twinings Cranberry & Pomegranate Fruit Infusions 40 pack",
    "WOW Price": 5,
    "WOW Size": "40 pack",
    "WOW ppu": "$0.13 / 1EA"
  },
  {
    "Brand_Product_Size": "Body Science High Protein Bar Low Carb Rich Milk Chocolate 5 pack",
    "WOW Price": 15,
    "WOW Size": "5 pack",
    "WOW ppu": "$5.00 / 100G"
  },
  {
    "Brand_Product_Size": "Waimete Mgo 50+ Manuka Honey Multifloral 250g",
    "WOW Price": 9.5,
    "WOW Size": "250g",
    "WOW ppu": "$3.80 / 100G"
  },
  {
    "Brand_Product_Size": "Toshiba Usb 2.0 Sm02 16gb 3 pack",
    "WOW Price": 34,
    "WOW Size": "3 pack",
    "WOW ppu": ""
  },
  {
    "Brand_Product_Size": "Kushi Lychee Juice 1L",
    "WOW Price": 2,
    "WOW Size": "1L",
    "WOW ppu": "$0.20 / 100ML"
  },
  {
    "Brand_Product_Size": "Savour Canned Spicy Beans Broad 100g",
    "WOW Price": 1.8,
    "WOW Size": "100g",
    "WOW ppu": "$18.00 / 1KG"
  },
  {
    "Brand_Product_Size": "Eclipse Spearmint Ice Chewing Gum Sugar Free Multipack 56g",
    "WOW Price": 3.5,
    "WOW Size": "56g",
    "WOW ppu": "$6.25 / 100G"
  },
  {
    "Brand_Product_Size": "Queen Natural Food Colouring Rainbow 4x7mL",
    "WOW Price": 7.75,
    "WOW Size": "4x7mL",
    "WOW ppu": "$2.77 / 10ML"
  },
  {
    "Brand_Product_Size": "Oscar Orsen Nail Clippers each",
    "WOW Price": 3,
    "WOW Size": "each",
    "WOW ppu": ""
  },
  {
    "Brand_Product_Size": "Nakula Plant Based Probiotic Blueberry Yoghurt 500g",
    "WOW Price": 6,
    "WOW Size": "500g",
    "WOW ppu": "$1.20 / 100G"
  },
  {
    "Brand_Product_Size": "Della Rosa Bbq Bacon & Cheese Pizza 500g",
    "WOW Price": 5,
    "WOW Size": "500g",
    "WOW ppu": "$1.00 / 100G"
  },
  {
    "Brand_Product_Size": "Sabco Complete Clean Spin Mop Set each",
    "WOW Price": 46,
    "WOW Size": "each",
    "WOW ppu": "$46.00 / 1EA"
  },
  {
    "Brand_Product_Size": "Shine Scented Wipes Lemon 20 pack",
    "WOW Price": 3,
    "WOW Size": "20 pack",
    "WOW ppu": "$0.15 / 1EA"
  },
  {
    "Brand_Product_Size": "Woolworths Cashew 400g",
    "WOW Price": 9,
    "WOW Size": "400g",
    "WOW ppu": "$22.50 / 1KG"
  },
  {
    "Brand_Product_Size": "Woolworths Ice Cream Intense Coffee 1L",
    "WOW Price": 5,
    "WOW Size": "1L",
    "WOW ppu": "$0.50 / 100ML"
  },
  {
    "Brand_Product_Size": "Moccona Double Shot Latte 10 pack",
    "WOW Price": 4.5,
    "WOW Size": "10 pack",
    "WOW ppu": "$0.45 / 1EA"
  },
  {
    "Brand_Product_Size": "Moccona Double Shot Latte 10 pack",
    "WOW Price": 4.5,
    "WOW Size": "10 pack",
    "WOW ppu": "$0.45 / 1EA"
  },
  {
    "Brand_Product_Size": "Prime Pantry Raw Chicken With Fruit & Vegetables 3x220g",
    "WOW Price": 5,
    "WOW Size": "3x220g",
    "WOW ppu": "$0.76 / 100G"
  },
  {
    "Brand_Product_Size": "Purina Totalcare Grooming Scissors 2in1 For Dogs each",
    "WOW Price": 14,
    "WOW Size": "each",
    "WOW ppu": "$14.00 / 1EA"
  },
  {
    "Brand_Product_Size": "Woolworths Chocolate Creme Wafers 125g",
    "WOW Price": 0.57,
    "WOW Size": "125g",
    "WOW ppu": "$0.46 / 100G"
  },
  {
    "Brand_Product_Size": "Loving Earth Creamy Mylk Chocolate 30g",
    "WOW Price": 3,
    "WOW Size": "30g",
    "WOW ppu": "$10.00 / 100G"
  },
  {
    "Brand_Product_Size": "Wrigley's Extra White Peppermint Chewing Gum Sugar Free Bottle 64g",
    "WOW Price": 4,
    "WOW Size": "64g",
    "WOW ppu": "$6.25 / 100G"
  },
  {
    "Brand_Product_Size": "Twinings Irish Breakfast Tea Bags 100 pack 200g",
    "WOW Price": 11.2,
    "WOW Size": "100 pack 200g",
    "WOW ppu": "$0.11 / 1EA"
  },
  {
    "Brand_Product_Size": "Twinings Irish Breakfast Tea Bags 100 pack 200g",
    "WOW Price": 11.2,
    "WOW Size": "100 pack 200g",
    "WOW ppu": "$0.11 / 1EA"
  },
  {
    "Brand_Product_Size": "L'oreal Magic Retouch Precision Spray 9.3 Light Blonde each",
    "WOW Price": 12.75,
    "WOW Size": "each",
    "WOW ppu": "$17.00 / 100ML"
  },
  {
    "Brand_Product_Size": "Praise Creamy Black Pepper Dressing 250mL",
    "WOW Price": 2.95,
    "WOW Size": "250mL",
    "WOW ppu": "$1.18 / 100ML"
  },
  {
    "Brand_Product_Size": "Mother's Recipe Tamrind Chutney 380g",
    "WOW Price": 3.65,
    "WOW Size": "380g",
    "WOW ppu": "$0.96 / 100G"
  },
  {
    "Brand_Product_Size": "Angas Park Superblends Gut Health 200g",
    "WOW Price": 5.5,
    "WOW Size": "200g",
    "WOW ppu": "$27.50 / 1KG"
  },
  {
    "Brand_Product_Size": "Glade 2in1 Starlit Stroll + Wandering Stream Candle 96g",
    "WOW Price": 6,
    "WOW Size": "96g",
    "WOW ppu": "$6.00 / 1EA"
  },
  {
    "Brand_Product_Size": "Spc Tropics Pineapple Slices In Syrup 227g",
    "WOW Price": 2,
    "WOW Size": "227g",
    "WOW ppu": "$8.81 / 1KG"
  },
  {
    "Brand_Product_Size": "Monini Delicato Extra Virgin Olive Oil 750mL",
    "WOW Price": 12,
    "WOW Size": "750mL",
    "WOW ppu": "$1.60 / 100ML"
  },
  {
    "Brand_Product_Size": "Gravox Gravy Powder Traditional 200g",
    "WOW Price": 3.4,
    "WOW Size": "200g",
    "WOW ppu": "$0.17 / 10G"
  },
  {
    "Brand_Product_Size": "White Wings Double Choc Cookie Sandwich Mix 430g",
    "WOW Price": 3,
    "WOW Size": "430g",
    "WOW ppu": "$0.70 / 100G"
  },
  {
    "Brand_Product_Size": "Cottee's Squeezy Topping Caramel 575g",
    "WOW Price": 3.2,
    "WOW Size": "575g",
    "WOW ppu": "$0.56 / 100G"
  },
  {
    "Brand_Product_Size": "Baracuda Floating Dispenser Floating Dispenser each",
    "WOW Price": 8,
    "WOW Size": "each",
    "WOW ppu": "$8.00 / 1EA"
  },
  {
    "Brand_Product_Size": "Remington Power Trim Hair Cut Kit each",
    "WOW Price": 28,
    "WOW Size": "each",
    "WOW ppu": ""
  },
  {
    "Brand_Product_Size": "Lee Kum Kee Ready Sauce Kung Pao Chicken 145g",
    "WOW Price": 1.7,
    "WOW Size": "145g",
    "WOW ppu": "$1.17 / 100G"
  },
  {
    "Brand_Product_Size": "Sakata Rice Crackers Seaweed 90g",
    "WOW Price": 2,
    "WOW Size": "90g",
    "WOW ppu": "$2.22 / 100G"
  },
  {
    "Brand_Product_Size": "Woolworths Whole Baby Carrots Baby 410g",
    "WOW Price": 1.5,
    "WOW Size": "410g",
    "WOW ppu": "$3.66 / 1KG"
  },
  {
    "Brand_Product_Size": "Woolworths Cacao Almond Mix 400g",
    "WOW Price": 7,
    "WOW Size": "400g",
    "WOW ppu": "$17.50 / 1KG"
  },
  {
    "Brand_Product_Size": "Carman's Porridge 5 Grain Superseed 320g",
    "WOW Price": 6,
    "WOW Size": "320g",
    "WOW ppu": "$1.88 / 100G"
  },
  {
    "Brand_Product_Size": "Coca-cola Classic Soft Drink Multipack Cans 375mL x10 pack",
    "WOW Price": 7.9,
    "WOW Size": "375mL x10 pack",
    "WOW ppu": "$2.11 / 1L"
  },
  {
    "Brand_Product_Size": "Gravox Gravy Liquid Diane Sauce 29g",
    "WOW Price": 1.1,
    "WOW Size": "29g",
    "WOW ppu": "$0.38 / 10G"
  },
  {
    "Brand_Product_Size": "Bic Round Stic Classic Assorted 10 pack",
    "WOW Price": 4,
    "WOW Size": "10 pack",
    "WOW ppu": ""
  },
  {
    "Brand_Product_Size": "Nestle Bakers' Choice White Choc Bits 200g",
    "WOW Price": 3.95,
    "WOW Size": "200g",
    "WOW ppu": "$1.98 / 100G"
  },
  {
    "Brand_Product_Size": "L'oreal Miss Baby Roll Mascara Black 9.1mL",
    "WOW Price": 11,
    "WOW Size": "9.1mL",
    "WOW ppu": "$12.09 / 10ML"
  },
  {
    "Brand_Product_Size": "Mint Non-stick Coating Granite Frypan 30cm each",
    "WOW Price": 13.5,
    "WOW Size": "each",
    "WOW ppu": ""
  },
  {
    "Brand_Product_Size": "Frozen Elsa Hair Ties 4 pack",
    "WOW Price": 3.5,
    "WOW Size": "4 pack",
    "WOW ppu": ""
  },
  {
    "Brand_Product_Size": "Coopers Home Brew Dark Ale 1.7kg",
    "WOW Price": 13.85,
    "WOW Size": "1.7kg",
    "WOW ppu": "$8.15 / 1KG"
  },
  {
    "Brand_Product_Size": "Dairyworks Edam Cheese Grated 500g",
    "WOW Price": 7,
    "WOW Size": "500g",
    "WOW ppu": "$14.00 / 1KG"
  },
  {
    "Brand_Product_Size": "Purina Totalcare Everyday Dog Collar Medium Assorted each",
    "WOW Price": 17,
    "WOW Size": "each",
    "WOW ppu": "$17.00 / 1EA"
  },
  {
    "Brand_Product_Size": "Mcobeauty Long Wear Lipstick Nearly Nude 3.5g",
    "WOW Price": 4.5,
    "WOW Size": "3.5g",
    "WOW ppu": "$12.86 / 10G"
  },
  {
    "Brand_Product_Size": "Mc Yee Egg Noodles 1kg",
    "WOW Price": 5,
    "WOW Size": "1kg",
    "WOW ppu": "$5.00 / 1KG"
  },
  {
    "Brand_Product_Size": "Smith's Oven Baked Chips Sour Cream & Chives 130g",
    "WOW Price": 2.5,
    "WOW Size": "130g",
    "WOW ppu": "$1.92 / 100G"
  },
  {
    "Brand_Product_Size": "Dollar Sweets Gold Lustre Shimmer Spray 4g",
    "WOW Price": 6,
    "WOW Size": "4g",
    "WOW ppu": "$150.00 / 100G"
  },
  {
    "Brand_Product_Size": "Woolworths Tasty Cheese Cubes With Cranberries & Chocolate 45g",
    "WOW Price": 3,
    "WOW Size": "45g",
    "WOW ppu": "$66.67 / 1KG"
  },
  {
    "Brand_Product_Size": "Natvia Baking Dark Chocolate Block 100g",
    "WOW Price": 4,
    "WOW Size": "100g",
    "WOW ppu": "$4.00 / 100G"
  },
  {
    "Brand_Product_Size": "Staedtler Rasoplast Erasers 2 pack",
    "WOW Price": 2.8,
    "WOW Size": "2 pack",
    "WOW ppu": ""
  },
  {
    "Brand_Product_Size": "Griffins Original Mallowpuffs Chocolate 200g",
    "WOW Price": 4.5,
    "WOW Size": "200g",
    "WOW ppu": "$2.25 / 100G"
  },
  {
    "Brand_Product_Size": "Neutrogena Beach Defence Sunscreen Spray Spf 50 184g",
    "WOW Price": 14.24,
    "WOW Size": "184g",
    "WOW ppu": "$7.74 / 100G"
  },
  {
    "Brand_Product_Size": "Five Tastes Stir Fry Shots Thai Basil & Chilli 4x45g",
    "WOW Price": 4,
    "WOW Size": "4x45g",
    "WOW ppu": "$2.22 / 100G"
  },
  {
    "Brand_Product_Size": "Colgate Bamboo Charcoal Toothbrush 2 pack",
    "WOW Price": 10,
    "WOW Size": "2 pack",
    "WOW ppu": "$10.00 / 1EA"
  },
  {
    "Brand_Product_Size": "Arnott's Salada Wholemeal 250g",
    "WOW Price": 3.2,
    "WOW Size": "250g",
    "WOW ppu": "$1.28 / 100G"
  },
  {
    "Brand_Product_Size": "Pantalica Smooth Ricotta 500g",
    "WOW Price": 5,
    "WOW Size": "500g",
    "WOW ppu": "$10.00 / 1KG"
  },
  {
    "Brand_Product_Size": "Pantalica Smooth Ricotta 500g",
    "WOW Price": 5,
    "WOW Size": "500g",
    "WOW ppu": "$10.00 / 1KG"
  },
  {
    "Brand_Product_Size": "Gravox Gravy Mix Lamb & Rosemary 120g",
    "WOW Price": 3.5,
    "WOW Size": "120g",
    "WOW ppu": "$0.29 / 10G"
  },
  {
    "Brand_Product_Size": "Gm Housebrand Paint Your Own Monsters Assorted each",
    "WOW Price": 6,
    "WOW Size": "each",
    "WOW ppu": ""
  },
  {
    "Brand_Product_Size": "Energizer Max Plus/ Advanced Aa Batteries 10 pack",
    "WOW Price": 16,
    "WOW Size": "10 pack",
    "WOW ppu": "$1.60 / 1EA"
  },
  {
    "Brand_Product_Size": "Vitapet Salmon Sticks 80g",
    "WOW Price": 4.9,
    "WOW Size": "80g",
    "WOW ppu": "$6.13 / 100G"
  },
  {
    "Brand_Product_Size": "Bonds Ladies Organics Boyleg Size 16 Assorted 2 pack",
    "WOW Price": 24,
    "WOW Size": "2 pack",
    "WOW ppu": ""
  },
  {
    "Brand_Product_Size": "Clean Boost Super Power Enzymes 500mL",
    "WOW Price": 2.79,
    "WOW Size": "500mL",
    "WOW ppu": "$5.58 / 1L"
  },
  {
    "Brand_Product_Size": "Snickers Chocolate Medium Party Share Bag 12 Piece 216g",
    "WOW Price": 3,
    "WOW Size": "216g",
    "WOW ppu": "$1.39 / 100G"
  },
  {
    "Brand_Product_Size": "Fancy Feast Medleys Salmon Florentine Delicate Sauce Wet Cat Food 85g",
    "WOW Price": 1.75,
    "WOW Size": "85g",
    "WOW ppu": "$2.06 / 100G"
  },
  {
    "Brand_Product_Size": "Toshiba Usb 2.0 Sm02 32gb each",
    "WOW Price": 17,
    "WOW Size": "each",
    "WOW ppu": ""
  },
  {
    "Brand_Product_Size": "Help@hand Kids Strips & Patches 20 pack",
    "WOW Price": 1.6,
    "WOW Size": "20 pack",
    "WOW ppu": "$1.60 / 1EA"
  },
  {
    "Brand_Product_Size": "Colgate Cavity Protection Cool Mint Fluoride Toothpaste 175g",
    "WOW Price": 2.99,
    "WOW Size": "175g",
    "WOW ppu": "$1.71 / 100G"
  },
  {
    "Brand_Product_Size": "Pereg Panko Japanese Course Crumbs 225g",
    "WOW Price": 7.95,
    "WOW Size": "225g",
    "WOW ppu": "$3.12 / 100G"
  },
  {
    "Brand_Product_Size": "Betty Crocker Strawberries & Cream Cake Mix 540g",
    "WOW Price": 5.2,
    "WOW Size": "540g",
    "WOW ppu": "$0.96 / 100G"
  },
  {
    "Brand_Product_Size": "Smint White Peppermint 21g",
    "WOW Price": 2,
    "WOW Size": "21g",
    "WOW ppu": "$9.52 / 100G"
  },
  {
    "Brand_Product_Size": "Protea Foods Meal South African 1kg",
    "WOW Price": 3.2,
    "WOW Size": "1kg",
    "WOW ppu": "$0.32 / 100G"
  },
  {
    "Brand_Product_Size": "Capilano Honey Upside Down 340g",
    "WOW Price": 6.6,
    "WOW Size": "340g",
    "WOW ppu": "$1.94 / 100G"
  },
  {
    "Brand_Product_Size": "Capilano Honey Upside Down 340g",
    "WOW Price": 6.6,
    "WOW Size": "340g",
    "WOW ppu": "$1.94 / 100G"
  },
  {
    "Brand_Product_Size": "Erawan Rice Stick Medium 375g",
    "WOW Price": 2.1,
    "WOW Size": "375g",
    "WOW ppu": "$0.56 / 100G"
  },
  {
    "Brand_Product_Size": "Tamek Pomegranate Nector Drink 1L",
    "WOW Price": 2.45,
    "WOW Size": "1L",
    "WOW ppu": "$0.25 / 100ML"
  },
  {
    "Brand_Product_Size": "Energizer Max Aaa Aaa Batteries 24 pack",
    "WOW Price": 25,
    "WOW Size": "24 pack",
    "WOW ppu": "$1.04 / 1EA"
  },
  {
    "Brand_Product_Size": "Banana Boat After Sun Aloe 250mL",
    "WOW Price": 8.2,
    "WOW Size": "250mL",
    "WOW ppu": "$3.28 / 100ML"
  },
  {
    "Brand_Product_Size": "Maille Mustard Dijon 215g",
    "WOW Price": 4.2,
    "WOW Size": "215g",
    "WOW ppu": "$1.95 / 100G"
  },
  {
    "Brand_Product_Size": "Campbell's Canned Soup Cream Of Mushroom 420g",
    "WOW Price": 1.7,
    "WOW Size": "420g",
    "WOW ppu": "$0.40 / 100G"
  },
  {
    "Brand_Product_Size": "Fancy Feast Adult Savory Centers Pat Tuna Gravy Wet Cat Food 85g",
    "WOW Price": 2,
    "WOW Size": "85g",
    "WOW ppu": "$2.35 / 100G"
  },
  {
    "Brand_Product_Size": "Schwarzkopf Root Retoucher Brown 70g",
    "WOW Price": 18,
    "WOW Size": "70g",
    "WOW ppu": "$25.71 / 100G"
  },
  {
    "Brand_Product_Size": "Woolworths Apple Juice 6x250mL",
    "WOW Price": 2.9,
    "WOW Size": "6x250mL",
    "WOW ppu": "$1.93 / 1L"
  },
  {
    "Brand_Product_Size": "Woolworths Apple Juice 6x250mL",
    "WOW Price": 2.9,
    "WOW Size": "6x250mL",
    "WOW ppu": "$1.93 / 1L"
  },
  {
    "Brand_Product_Size": "Mccain Quick Cook Fries Straight Cut Crunchy 750g",
    "WOW Price": 4.3,
    "WOW Size": "750g",
    "WOW ppu": "$5.73 / 1KG"
  },
  {
    "Brand_Product_Size": "Abundance Asian Bbq Beef 400g",
    "WOW Price": 7.5,
    "WOW Size": "400g",
    "WOW ppu": "$1.88 / 100G"
  },
  {
    "Brand_Product_Size": "Pyrex 24cm Easygrab Pie Plate each",
    "WOW Price": 11,
    "WOW Size": "each",
    "WOW ppu": ""
  },
  {
    "Brand_Product_Size": "Lipton Quality Black Tea Bags 100 pack",
    "WOW Price": 3.5,
    "WOW Size": "100 pack",
    "WOW ppu": "$0.04 / 1EA"
  },
  {
    "Brand_Product_Size": "Lipton Quality Black Tea Bags 100 pack",
    "WOW Price": 3.5,
    "WOW Size": "100 pack",
    "WOW ppu": "$0.04 / 1EA"
  },
  {
    "Brand_Product_Size": "Palmolive Eco Antibacterial Dish Washing Liquid Orange & Ginger 450mL",
    "WOW Price": 5,
    "WOW Size": "450mL",
    "WOW ppu": "$1.11 / 100ML"
  },
  {
    "Brand_Product_Size": "Gravox Gravy Mix Brown Onion 120g",
    "WOW Price": 3.5,
    "WOW Size": "120g",
    "WOW ppu": "$0.29 / 10G"
  },
  {
    "Brand_Product_Size": "Heinz Baked Beans Tomato Sauce 3x220g",
    "WOW Price": 4,
    "WOW Size": "3x220g",
    "WOW ppu": "$0.61 / 100G"
  },
  {
    "Brand_Product_Size": "Cartia Low Dose Aspirin 100mg Tablets 28 pack",
    "WOW Price": 5,
    "WOW Size": "28 pack",
    "WOW ppu": "$0.18 / 1EA"
  },
  {
    "Brand_Product_Size": "Dollar Sweets Cake Decoration Fairy Toppings 145g",
    "WOW Price": 4.5,
    "WOW Size": "145g",
    "WOW ppu": "$3.10 / 100G"
  },
  {
    "Brand_Product_Size": "Akin Lavender Relaxing Body Wash 500mL",
    "WOW Price": 19,
    "WOW Size": "500mL",
    "WOW ppu": "$3.80 / 100ML"
  },
  {
    "Brand_Product_Size": "Bird Munchies Parrot Treat Parrot & Peachface Blend 90g",
    "WOW Price": 2,
    "WOW Size": "90g",
    "WOW ppu": "$2.22 / 100G"
  },
  {
    "Brand_Product_Size": "Baxter's Doggy Treats 375g",
    "WOW Price": 4,
    "WOW Size": "375g",
    "WOW ppu": "$1.07 / 100G"
  },
  {
    "Brand_Product_Size": "Bonds Mens Guyfront Mid Length Trunk Xlarge Assorted each",
    "WOW Price": 25,
    "WOW Size": "each",
    "WOW ppu": ""
  },
  {
    "Brand_Product_Size": "The Healthy Baker Protein Pancake Mix 400g",
    "WOW Price": 6,
    "WOW Size": "400g",
    "WOW ppu": "$1.50 / 100G"
  },
  {
    "Brand_Product_Size": "Woolworths Side Plates Assorted 20 pack",
    "WOW Price": 3.5,
    "WOW Size": "20 pack",
    "WOW ppu": "$0.18 / 1EA"
  },
  {
    "Brand_Product_Size": "Woolworths Tuna Tikka Masala 74g",
    "WOW Price": 1.5,
    "WOW Size": "74g",
    "WOW ppu": "$20.27 / 1KG"
  },
  {
    "Brand_Product_Size": "Colgate Advanced Whitening Tartar Control Toothpaste 190g",
    "WOW Price": 3.5,
    "WOW Size": "190g",
    "WOW ppu": "$1.84 / 100G"
  },
  {
    "Brand_Product_Size": "Heinz Big N Chunky Canned Soup Pasta Bolognese 535g",
    "WOW Price": 2,
    "WOW Size": "535g",
    "WOW ppu": "$0.37 / 100G"
  },
  {
    "Brand_Product_Size": "Cuddly Concentrate Fabric Softener Conditioner Sunshine Fresh 2L",
    "WOW Price": 15,
    "WOW Size": "2L",
    "WOW ppu": "$7.50 / 1L"
  },
  {
    "Brand_Product_Size": "Macro Organic Medium Industrially Compostable Coffee Capsules 10 pack",
    "WOW Price": 6,
    "WOW Size": "10 pack",
    "WOW ppu": "$0.60 / 1EA"
  },
  {
    "Brand_Product_Size": "Macro Organic Medium Industrially Compostable Coffee Capsules 10 pack",
    "WOW Price": 6,
    "WOW Size": "10 pack",
    "WOW ppu": "$0.60 / 1EA"
  },
  {
    "Brand_Product_Size": "Lurpak Garlic Danish Butter 125g",
    "WOW Price": 3.5,
    "WOW Size": "125g",
    "WOW ppu": "$2.80 / 100G"
  },
  {
    "Brand_Product_Size": "Mortein Odourless Surface Spray Crawling Insect Killer 350g",
    "WOW Price": 11,
    "WOW Size": "350g",
    "WOW ppu": "$3.14 / 100G"
  },
  {
    "Brand_Product_Size": "Le Phare Du Cap Bon Harissa Tube 70g",
    "WOW Price": 2.6,
    "WOW Size": "70g",
    "WOW ppu": "$0.37 / 10G"
  },
  {
    "Brand_Product_Size": "Decor Microsafe Easy Steam Egg Poacher each",
    "WOW Price": 15,
    "WOW Size": "each",
    "WOW ppu": "$15.00 / 1EA"
  },
  {
    "Brand_Product_Size": "Extra Peppermint Chewing Gum Sugar Free Multipack 4x10 Piece 56g",
    "WOW Price": 3.5,
    "WOW Size": "56g",
    "WOW ppu": "$6.25 / 100G"
  },
  {
    "Brand_Product_Size": "Calidad Epson 220 Bcmy 4 pack",
    "WOW Price": 39,
    "WOW Size": "4 pack",
    "WOW ppu": ""
  },
  {
    "Brand_Product_Size": "San Remo La Pasta Alfredo Single Snack 80g",
    "WOW Price": 1,
    "WOW Size": "80g",
    "WOW ppu": "$1.25 / 100G"
  },
  {
    "Brand_Product_Size": "Uncle Ben's Microwave Special Fried Rice 250g",
    "WOW Price": 3.25,
    "WOW Size": "250g",
    "WOW ppu": "$1.30 / 100G"
  },
  {
    "Brand_Product_Size": "Bonds Mens Trunk M 2 pack",
    "WOW Price": 20,
    "WOW Size": "2 pack",
    "WOW ppu": ""
  },
  {
    "Brand_Product_Size": "Angas Park Cranberries Dark Chocolate 125g",
    "WOW Price": 4.7,
    "WOW Size": "125g",
    "WOW ppu": "$37.60 / 1KG"
  },
  {
    "Brand_Product_Size": "Arnott's Vita-weat Cracker Sesame & Poppy Seeds 130g",
    "WOW Price": 2,
    "WOW Size": "130g",
    "WOW ppu": "$1.54 / 100G"
  },
  {
    "Brand_Product_Size": "L'oreal Excellence Creme Hair Colour 8.3 Golden Blonde each",
    "WOW Price": 16,
    "WOW Size": "each",
    "WOW ppu": ""
  },
  {
    "Brand_Product_Size": "Nana Crispy Rosemary Parmesan & Garlic 150g",
    "WOW Price": 6,
    "WOW Size": "150g",
    "WOW ppu": "$4.00 / 100G"
  },
  {
    "Brand_Product_Size": "Arnott's Tim Tam Dark Choc Family Pack 365g",
    "WOW Price": 4.5,
    "WOW Size": "365g",
    "WOW ppu": "$1.23 / 100G"
  },
  {
    "Brand_Product_Size": "Canon Printer Ink Cli526y Inkjet Yellow each",
    "WOW Price": 23.2,
    "WOW Size": "each",
    "WOW ppu": ""
  },
  {
    "Brand_Product_Size": "Oreo Cookie Chocolate 133g",
    "WOW Price": 1.5,
    "WOW Size": "133g",
    "WOW ppu": "$1.13 / 100G"
  },
  {
    "Brand_Product_Size": "Calidad Hp 905 Xl Cmy Ink Cartridge 3 pack",
    "WOW Price": 55,
    "WOW Size": "3 pack",
    "WOW ppu": ""
  },
  {
    "Brand_Product_Size": "Mccormicks Produce Partner Sour Cream Chive Potato Mash 40g",
    "WOW Price": 1.5,
    "WOW Size": "40g",
    "WOW ppu": "$3.75 / 100G"
  },
  {
    "Brand_Product_Size": "Obela To Go Singles Tzatziki Classic 60g x3 pack",
    "WOW Price": 3.5,
    "WOW Size": "60g x3 pack",
    "WOW ppu": "$1.94 / 100G"
  },
  {
    "Brand_Product_Size": "L'oreal Revitalift Red Day Cream 50mL",
    "WOW Price": 23.4,
    "WOW Size": "50mL",
    "WOW ppu": "$46.80 / 100ML"
  },
  {
    "Brand_Product_Size": "Twinings Camomile Tea Bags 10 pack",
    "WOW Price": 2.9,
    "WOW Size": "10 pack",
    "WOW ppu": "$0.29 / 1EA"
  },
  {
    "Brand_Product_Size": "Twinings Camomile Tea Bags 10 pack",
    "WOW Price": 2.9,
    "WOW Size": "10 pack",
    "WOW ppu": "$0.29 / 1EA"
  },
  {
    "Brand_Product_Size": "Essano Collagen Boost Eye Cr?me 10g",
    "WOW Price": 14,
    "WOW Size": "10g",
    "WOW ppu": "$140.00 / 100G"
  },
  {
    "Brand_Product_Size": "Berocca Boost Energy Vitamin With Guarana Effervescent Tablets 20 pack",
    "WOW Price": 16.5,
    "WOW Size": "20 pack",
    "WOW ppu": "$82.50 / 100EA"
  },
  {
    "Brand_Product_Size": "Plantly Revive Enhanced Water & Juice Pineapple & Passionfruit 1.25L",
    "WOW Price": 5,
    "WOW Size": "1.25L",
    "WOW ppu": "$4.00 / 1L"
  },
  {
    "Brand_Product_Size": "Bonds Wash Bag 1 Size each",
    "WOW Price": 8,
    "WOW Size": "each",
    "WOW ppu": ""
  },
  {
    "Brand_Product_Size": "Snacktacular Fruity Pouch Fruit Puree Apple & Mixed Berries 4 pack",
    "WOW Price": 3.8,
    "WOW Size": "4 pack",
    "WOW ppu": "$10.56 / 1KG"
  },
  {
    "Brand_Product_Size": "Chris' Homestyle Avocado Dip 100g x3 pack",
    "WOW Price": 6,
    "WOW Size": "100g x3 pack",
    "WOW ppu": "$2.00 / 100G"
  },
  {
    "Brand_Product_Size": "Disprin Extra Strength Pain Relief Tablets 16 pack",
    "WOW Price": 4.5,
    "WOW Size": "16 pack",
    "WOW ppu": "$0.28 / 1EA"
  },
  {
    "Brand_Product_Size": "Arnott's Shapes Vegemite & Cheese Crackers 165g",
    "WOW Price": 2.5,
    "WOW Size": "165g",
    "WOW ppu": "$1.52 / 100G"
  },
  {
    "Brand_Product_Size": "Nestle Kitkat Gold Bar 45g",
    "WOW Price": 1,
    "WOW Size": "45g",
    "WOW ppu": "$2.22 / 100G"
  },
  {
    "Brand_Product_Size": "Coca-cola Bottle 1L",
    "WOW Price": 4.2,
    "WOW Size": "1L",
    "WOW ppu": "$4.20 / 1L"
  },
  {
    "Brand_Product_Size": "Pantene Pro V Blends Micellar Aloe Shampoo 530mL",
    "WOW Price": 10.8,
    "WOW Size": "530mL",
    "WOW ppu": "$2.04 / 100ML"
  },
  {
    "Brand_Product_Size": "Maltesers Milk Chocolate Medium Bag 140g",
    "WOW Price": 2.25,
    "WOW Size": "140g",
    "WOW ppu": "$1.61 / 100G"
  },
  {
    "Brand_Product_Size": "Aeroplane Jelly Reduced Sugar Raspberry 85g",
    "WOW Price": 1.25,
    "WOW Size": "85g",
    "WOW ppu": "$1.47 / 100G"
  },
  {
    "Brand_Product_Size": "Well Naturally Dark Chocolate Coconut Rough No Sugar Added 90g",
    "WOW Price": 3.5,
    "WOW Size": "90g",
    "WOW ppu": "$3.89 / 100G"
  },
  {
    "Brand_Product_Size": "Coppertree Farms Salted Butter 200g",
    "WOW Price": 6.5,
    "WOW Size": "200g",
    "WOW ppu": "$3.25 / 100G"
  },
  {
    "Brand_Product_Size": "Inspire Cotton Swab Holder Assorted each",
    "WOW Price": 8,
    "WOW Size": "each",
    "WOW ppu": ""
  },
  {
    "Brand_Product_Size": "White Wings Self Raising Flour Wholemeal 1kg",
    "WOW Price": 3.1,
    "WOW Size": "1kg",
    "WOW ppu": "$3.10 / 1KG"
  },
  {
    "Brand_Product_Size": "Nivea Cellular Anti Age Night Cream Face Moisturiser 50mL",
    "WOW Price": 33,
    "WOW Size": "50mL",
    "WOW ppu": "$66.00 / 100ML"
  },
  {
    "Brand_Product_Size": "Woolworths Party Costume Glow Sword Wand each",
    "WOW Price": 2,
    "WOW Size": "each",
    "WOW ppu": ""
  },
  {
    "Brand_Product_Size": "Armada Pattern Paper Straws 20 pack",
    "WOW Price": 2.5,
    "WOW Size": "20 pack",
    "WOW ppu": ""
  },
  {
    "Brand_Product_Size": "Blackmores Vitamin C 500 Tablets 120 pack",
    "WOW Price": 10.4,
    "WOW Size": "120 pack",
    "WOW ppu": "$8.67 / 100EA"
  },
  {
    "Brand_Product_Size": "Masterfoods Lemon, Garlic & Oregano Finely Chopped Seasoning 160g",
    "WOW Price": 2.8,
    "WOW Size": "160g",
    "WOW ppu": "$1.75 / 100G"
  },
  {
    "Brand_Product_Size": "Clean Laundry Capsules Oriental Kiss 20 pack",
    "WOW Price": 8,
    "WOW Size": "20 pack",
    "WOW ppu": "$0.40 / 1EA"
  },
  {
    "Brand_Product_Size": "Rufus & Coco Dog Ear & Wound Care Liquid 150mL",
    "WOW Price": 13.8,
    "WOW Size": "150mL",
    "WOW ppu": "$9.20 / 100ML"
  },
  {
    "Brand_Product_Size": "Air Wick Floor Carpet Deodorant Vanilla 500g",
    "WOW Price": 3.75,
    "WOW Size": "500g",
    "WOW ppu": "$0.75 / 100G"
  },
  {
    "Brand_Product_Size": "V8 Fruit & Vegetable Breakfast Juice 3x250mL",
    "WOW Price": 3,
    "WOW Size": "3x250mL",
    "WOW ppu": "$4.00 / 1L"
  },
  {
    "Brand_Product_Size": "V8 Fruit & Vegetable Breakfast Juice 3x250mL",
    "WOW Price": 3,
    "WOW Size": "3x250mL",
    "WOW ppu": "$4.00 / 1L"
  },
  {
    "Brand_Product_Size": "Carman's Super Berry Muesli Blueberry & Goji Muesli 500g",
    "WOW Price": 4.5,
    "WOW Size": "500g",
    "WOW ppu": "$0.90 / 100G"
  },
  {
    "Brand_Product_Size": "Kikkoman Soy Sauce Gluten Free Soy 250mL",
    "WOW Price": 5.35,
    "WOW Size": "250mL",
    "WOW ppu": "$2.14 / 100ML"
  },
  {
    "Brand_Product_Size": "Bed Head Wax Leave In Ego Boost 200mL",
    "WOW Price": 21,
    "WOW Size": "200mL",
    "WOW ppu": "$10.50 / 100ML"
  },
  {
    "Brand_Product_Size": "Wai Wai Noodles Rice Vermicelli Instant 55g",
    "WOW Price": 0.65,
    "WOW Size": "55g",
    "WOW ppu": "$1.18 / 100G"
  },
  {
    "Brand_Product_Size": "Woolworths Peach Slices In Syrup 825g",
    "WOW Price": 2.8,
    "WOW Size": "825g",
    "WOW ppu": "$3.39 / 1KG"
  },
  {
    "Brand_Product_Size": "Vittoria Latte Nespresso Compatible Coffee Capsules 20 pack",
    "WOW Price": 11,
    "WOW Size": "20 pack",
    "WOW ppu": "$0.55 / 1EA"
  },
  {
    "Brand_Product_Size": "Vittoria Latte Nespresso Compatible Coffee Capsules 20 pack",
    "WOW Price": 11,
    "WOW Size": "20 pack",
    "WOW ppu": "$0.55 / 1EA"
  },
  {
    "Brand_Product_Size": "Mission White Corn Tortillas 12 pack",
    "WOW Price": 3.8,
    "WOW Size": "12 pack",
    "WOW ppu": "$1.22 / 100G"
  },
  {
    "Brand_Product_Size": "Latina Fresh Egg Fettuccine 375g",
    "WOW Price": 5,
    "WOW Size": "375g",
    "WOW ppu": "$1.33 / 100G"
  },
  {
    "Brand_Product_Size": "Frooti Mango Drink 500mL",
    "WOW Price": 1.75,
    "WOW Size": "500mL",
    "WOW ppu": "$3.50 / 1L"
  },
  {
    "Brand_Product_Size": "Energizer Glass Screen Protector Iphone Xs Max each",
    "WOW Price": 25,
    "WOW Size": "each",
    "WOW ppu": ""
  },
  {
    "Brand_Product_Size": "Hakka White Fish Balls 200g",
    "WOW Price": 3.8,
    "WOW Size": "200g",
    "WOW ppu": "$19.00 / 1KG"
  },
  {
    "Brand_Product_Size": "Karicare Gold Plus+ Organic 3 Toddler Milk Formula From 12+ Months 900g",
    "WOW Price": 36,
    "WOW Size": "900g",
    "WOW ppu": "$4.00 / 100G"
  },
  {
    "Brand_Product_Size": "Colgate Smile For Good Peppermint Mouthwash 500mL",
    "WOW Price": 8,
    "WOW Size": "500mL",
    "WOW ppu": "$1.60 / 100ML"
  },
  {
    "Brand_Product_Size": "S-26 Alula Gold Junior 2 Years + 900g",
    "WOW Price": 20,
    "WOW Size": "900g",
    "WOW ppu": "$2.22 / 100G"
  },
  {
    "Brand_Product_Size": "Dettol Liquid Antibacterial Instant Hand Sanitiser Refresh 200mL",
    "WOW Price": 7.5,
    "WOW Size": "200mL",
    "WOW ppu": "$3.75 / 100ML"
  },
  {
    "Brand_Product_Size": "Woolworths Prep Set Go Diced Frozen Onions 500g",
    "WOW Price": 2,
    "WOW Size": "500g",
    "WOW ppu": "$4.00 / 1KG"
  },
  {
    "Brand_Product_Size": "Paris Creek Farms Triple Cream Camembert 280g",
    "WOW Price": 10.8,
    "WOW Size": "280g",
    "WOW ppu": "$38.57 / 1KG"
  },
  {
    "Brand_Product_Size": "Paris Creek Farms Triple Cream Camembert 280g",
    "WOW Price": 10.8,
    "WOW Size": "280g",
    "WOW ppu": "$38.57 / 1KG"
  },
  {
    "Brand_Product_Size": "Great Northern Brewing Company Zero Alcohol 330mL x6 pack",
    "WOW Price": 12,
    "WOW Size": "330mL x6 pack",
    "WOW ppu": "$5.33 / 1L"
  },
  {
    "Brand_Product_Size": "Air Wick Essential Oil Freshmatic Refill Frangipani 174g",
    "WOW Price": 8,
    "WOW Size": "174g",
    "WOW ppu": "$4.60 / 100G"
  },
  {
    "Brand_Product_Size": "Bacon, Cheddar, Tomato & Shallot Quiche 2 pack",
    "WOW Price": 11,
    "WOW Size": "2 pack",
    "WOW ppu": "$3.06 / 100G"
  },
  {
    "Brand_Product_Size": "Just Veg. Carrot Shred 300g bag",
    "WOW Price": 3,
    "WOW Size": "300g bag",
    "WOW ppu": "$10.00 / 1KG"
  },
  {
    "Brand_Product_Size": "Just Veg. Carrot Shred 300g bag",
    "WOW Price": 3,
    "WOW Size": "300g bag",
    "WOW ppu": "$10.00 / 1KG"
  },
  {
    "Brand_Product_Size": "D'orsogna Shortcut Bacon per kg",
    "WOW Price": 17,
    "WOW Size": "per kg",
    "WOW ppu": "$17.00 / 1KG"
  },
  {
    "Brand_Product_Size": "Sistema Plasticware Snack Attack To Go 410ml each",
    "WOW Price": 7.5,
    "WOW Size": "each",
    "WOW ppu": ""
  },
  {
    "Brand_Product_Size": "Sistema Plasticware Snack Attack To Go 410ml each",
    "WOW Price": 7.5,
    "WOW Size": "each",
    "WOW ppu": ""
  },
  {
    "Brand_Product_Size": "Saxa Natural Pink Himalayan Salt Grinder 95g",
    "WOW Price": 5.5,
    "WOW Size": "95g",
    "WOW ppu": "$0.58 / 10G"
  },
  {
    "Brand_Product_Size": "Woolworths Rspca Chicken Breast Fillet 1.1kg - 1.7kg",
    "WOW Price": 16.15,
    "WOW Size": "1.1kg - 1.7kg",
    "WOW ppu": "$9.50 / 1KG"
  },
  {
    "Brand_Product_Size": "Hoyt's Seasoning Lemon & Pepper 50g",
    "WOW Price": 1.95,
    "WOW Size": "50g",
    "WOW ppu": "$0.39 / 10G"
  },
  {
    "Brand_Product_Size": "Woolworths Ice Cream Vanilla Bean 1L",
    "WOW Price": 5,
    "WOW Size": "1L",
    "WOW ppu": "$0.50 / 100ML"
  },
  {
    "Brand_Product_Size": "Olina's Gluten Free Crackers Pepita Seed 100g",
    "WOW Price": 5,
    "WOW Size": "100g",
    "WOW ppu": "$5.00 / 100G"
  },
  {
    "Brand_Product_Size": "Rafferty's Garden Food 4 Months+ Blueberries, Banana & Apple 120g",
    "WOW Price": 1.65,
    "WOW Size": "120g",
    "WOW ppu": "$1.38 / 100G"
  },
  {
    "Brand_Product_Size": "Gillette Venus Extra Smooth Sensitive Women's Razor + 2 Blades each",
    "WOW Price": 13.5,
    "WOW Size": "each",
    "WOW ppu": "$13.50 / 1EA"
  },
  {
    "Brand_Product_Size": "Canon Printer Ink Cl646 Tri Colour Ink Tank each",
    "WOW Price": 28,
    "WOW Size": "each",
    "WOW ppu": ""
  },
  {
    "Brand_Product_Size": "Edgell Beans Butter 400g",
    "WOW Price": 1.5,
    "WOW Size": "400g",
    "WOW ppu": "$3.75 / 1KG"
  },
  {
    "Brand_Product_Size": "Ecoffee Cup Bamboo Assorted 350mL",
    "WOW Price": 15,
    "WOW Size": "350mL",
    "WOW ppu": ""
  },
  {
    "Brand_Product_Size": "Bonds Zip Wondersuit Disney Mickey Black Size 0 each",
    "WOW Price": 30,
    "WOW Size": "each",
    "WOW ppu": ""
  },
  {
    "Brand_Product_Size": "Lucky Dog Adult Roast Chicken, Vege & Pasta Dry Dog Food 8kg",
    "WOW Price": 17,
    "WOW Size": "8kg",
    "WOW ppu": "$0.21 / 100G"
  },
  {
    "Brand_Product_Size": "Raw Earth Natural Stevia & Monk Fruit 200g",
    "WOW Price": 6.4,
    "WOW Size": "200g",
    "WOW ppu": "$3.20 / 100G"
  },
  {
    "Brand_Product_Size": "Rimmel Soft Kohl Kajal Eye Pencil 061 Jet Black 1.2g",
    "WOW Price": 4.5,
    "WOW Size": "1.2g",
    "WOW ppu": "$37.50 / 10G"
  },
  {
    "Brand_Product_Size": "Philips Led 470lm Cool Es 2 pack",
    "WOW Price": 6.5,
    "WOW Size": "2 pack",
    "WOW ppu": "$3.25 / 1EA"
  },
  {
    "Brand_Product_Size": "Olay Complete Moisturiser Lotion Uv Protection Sensitive Spf15 150mL",
    "WOW Price": 10.5,
    "WOW Size": "150mL",
    "WOW ppu": "$7.00 / 100ML"
  },
  {
    "Brand_Product_Size": "Surf Life Saving Sunscreen Sport Spray Spf 50+ 175g",
    "WOW Price": 16.5,
    "WOW Size": "175g",
    "WOW ppu": "$9.43 / 100G"
  },
  {
    "Brand_Product_Size": "Sistema Klip It Plus Bakery Box Square 3.5L",
    "WOW Price": 6.25,
    "WOW Size": "3.5L",
    "WOW ppu": "$6.25 / 1EA"
  },
  {
    "Brand_Product_Size": "Decor Tellfresh Storer Oblong 250ml 3 pack",
    "WOW Price": 8,
    "WOW Size": "3 pack",
    "WOW ppu": "$2.67 / 1EA"
  },
  {
    "Brand_Product_Size": "Peters Rabbit & Guinea Pig Foragers Feast 1kg",
    "WOW Price": 8.15,
    "WOW Size": "1kg",
    "WOW ppu": "$0.82 / 100G"
  },
  {
    "Brand_Product_Size": "Essentials Plastic Forks 50 pack",
    "WOW Price": 2,
    "WOW Size": "50 pack",
    "WOW ppu": "$0.04 / 1EA"
  },
  {
    "Brand_Product_Size": "Whiskas 1+ Years Mixed Favourites In Jelly Wet Cat Food Pouch 85g x12 pack",
    "WOW Price": 8,
    "WOW Size": "85g x12 pack",
    "WOW ppu": "$0.78 / 100G"
  },
  {
    "Brand_Product_Size": "Balnea Instant Hand Sanitiser 240mL",
    "WOW Price": 3,
    "WOW Size": "240mL",
    "WOW ppu": "$1.25 / 100ML"
  },
  {
    "Brand_Product_Size": "Oh So Comfy Thin Stretchy Headbands 3 pack",
    "WOW Price": 5,
    "WOW Size": "3 pack",
    "WOW ppu": ""
  },
  {
    "Brand_Product_Size": "Master Lock Padlock Diamond 40mm each",
    "WOW Price": 12.8,
    "WOW Size": "each",
    "WOW ppu": ""
  },
  {
    "Brand_Product_Size": "Disney Mickey Mouse Doy Toy Rope each",
    "WOW Price": 15,
    "WOW Size": "each",
    "WOW ppu": "$15.00 / 1EA"
  },
  {
    "Brand_Product_Size": "Philips Led 806 Lumen Light Bulb Cool Daylight each",
    "WOW Price": 8,
    "WOW Size": "each",
    "WOW ppu": "$8.00 / 1EA"
  },
  {
    "Brand_Product_Size": "Continental Soup Sensations Creamy Roast Chicken & Spring Onion 61g",
    "WOW Price": 2.5,
    "WOW Size": "61g",
    "WOW ppu": "$4.10 / 100G"
  },
  {
    "Brand_Product_Size": "Bellamy's Organic Pumpkin Baby Rice 125g",
    "WOW Price": 4.2,
    "WOW Size": "125g",
    "WOW ppu": "$3.36 / 100G"
  },
  {
    "Brand_Product_Size": "Blackmores Bio C Tablets 1000mg 62 pack",
    "WOW Price": 15.2,
    "WOW Size": "62 pack",
    "WOW ppu": "$24.52 / 100EA"
  },
  {
    "Brand_Product_Size": "Arnott's Tiny Teddy Biscuits Honey Chocolate Coated 200g",
    "WOW Price": 2.5,
    "WOW Size": "200g",
    "WOW ppu": "$1.25 / 100G"
  },
  {
    "Brand_Product_Size": "Bounce Keto Almond Vanilla Low Carb Bar 35g",
    "WOW Price": 3,
    "WOW Size": "35g",
    "WOW ppu": "$8.57 / 100G"
  },
  {
    "Brand_Product_Size": "Deeko Corn Starch Forks 10 pack",
    "WOW Price": 2.5,
    "WOW Size": "10 pack",
    "WOW ppu": "$0.25 / 1EA"
  },
  {
    "Brand_Product_Size": "Woolworths Fruit Drink 35% Apple 6x250mL",
    "WOW Price": 2.65,
    "WOW Size": "6x250mL",
    "WOW ppu": "$1.77 / 1L"
  },
  {
    "Brand_Product_Size": "Woolworths Fruit Drink 35% Apple 6x250mL",
    "WOW Price": 2.65,
    "WOW Size": "6x250mL",
    "WOW ppu": "$1.77 / 1L"
  },
  {
    "Brand_Product_Size": "U By Kotex Sport Tampons Regular 16 pack",
    "WOW Price": 4,
    "WOW Size": "16 pack",
    "WOW ppu": "$0.25 / 1EA"
  },
  {
    "Brand_Product_Size": "Mint Measuring Set 9 pack",
    "WOW Price": 8,
    "WOW Size": "9 pack",
    "WOW ppu": ""
  },
  {
    "Brand_Product_Size": "Ebm Nan Khatai Classic Biscuit 116g",
    "WOW Price": 1,
    "WOW Size": "116g",
    "WOW ppu": "$0.86 / 100G"
  },
  {
    "Brand_Product_Size": "L'oreal Magic Retouch Precision Brush 4 Light Brown each",
    "WOW Price": 14.4,
    "WOW Size": "each",
    "WOW ppu": "$180.00 / 100ML"
  },
  {
    "Brand_Product_Size": "Masterfoods Honey Mustard Chicken Simmer Sauce 505g",
    "WOW Price": 3.7,
    "WOW Size": "505g",
    "WOW ppu": "$0.73 / 100G"
  },
  {
    "Brand_Product_Size": "Edgell Sliced Green Beans Green Sliced 410g",
    "WOW Price": 1.45,
    "WOW Size": "410g",
    "WOW ppu": "$3.54 / 1KG"
  },
  {
    "Brand_Product_Size": "Crave Chicken Pate Wet Cat Food 75g",
    "WOW Price": 2.2,
    "WOW Size": "75g",
    "WOW ppu": "$2.93 / 100G"
  },
  {
    "Brand_Product_Size": "Frankie & Friends Cockatiel & Peachface Bird Seed Mix 2kg",
    "WOW Price": 5,
    "WOW Size": "2kg",
    "WOW ppu": "$0.25 / 100G"
  },
  {
    "Brand_Product_Size": "Schwarzkopf Extra Care Mousse Strong Hold 150g",
    "WOW Price": 5.1,
    "WOW Size": "150g",
    "WOW ppu": "$3.40 / 100G"
  },
  {
    "Brand_Product_Size": "Sealord Classic Crumbed Fish Bites 400g",
    "WOW Price": 8.7,
    "WOW Size": "400g",
    "WOW ppu": "$21.75 / 1KG"
  },
  {
    "Brand_Product_Size": "Bundaberg Traditional Lemonade 4x375ml 4x375mL",
    "WOW Price": 6.35,
    "WOW Size": "4x375mL",
    "WOW ppu": "$4.23 / 1L"
  },
  {
    "Brand_Product_Size": "Jack Hammer Removable Hooks Utensil Hooks 8 pack",
    "WOW Price": 12,
    "WOW Size": "8 pack",
    "WOW ppu": "$1.50 / 1EA"
  },
  {
    "Brand_Product_Size": "Diggers Turpentine 1L",
    "WOW Price": 6,
    "WOW Size": "1L",
    "WOW ppu": "$0.60 / 100ML"
  },
  {
    "Brand_Product_Size": "Fuze Ice Tea Peach 1.25L",
    "WOW Price": 1.95,
    "WOW Size": "1.25L",
    "WOW ppu": "$1.56 / 1L"
  },
  {
    "Brand_Product_Size": "Glade Limited Edition Candle 96g",
    "WOW Price": 6,
    "WOW Size": "96g",
    "WOW ppu": ""
  },
  {
    "Brand_Product_Size": "Devondale Butter 500g",
    "WOW Price": 6.5,
    "WOW Size": "500g",
    "WOW ppu": "$1.30 / 100G"
  },
  {
    "Brand_Product_Size": "Paws Fresh Pet Gourmet Chunky Mince 600g",
    "WOW Price": 5,
    "WOW Size": "600g",
    "WOW ppu": "$0.83 / 100G"
  },
  {
    "Brand_Product_Size": "Nature's Way Magnesium Chelate Tablets 1000mg 100 pack",
    "WOW Price": 25,
    "WOW Size": "100 pack",
    "WOW ppu": "$25.00 / 100EA"
  },
  {
    "Brand_Product_Size": "Revlon Colorstay Fresh Beige Foundation 30mL",
    "WOW Price": 17.5,
    "WOW Size": "30mL",
    "WOW ppu": "$5.83 / 10ML"
  },
  {
    "Brand_Product_Size": "Chux Extra Comfort Gloves Sensitive Skin Small 1 pair",
    "WOW Price": 3,
    "WOW Size": "1 pair",
    "WOW ppu": "$3.00 / 1EA"
  },
  {
    "Brand_Product_Size": "Maggi Apricot Chicken Recipe Base 35g",
    "WOW Price": 1.75,
    "WOW Size": "35g",
    "WOW ppu": "$5.00 / 100G"
  },
  {
    "Brand_Product_Size": "Will Studd Aphrodite Halloumi min. 250g",
    "WOW Price": 10.38,
    "WOW Size": "min. 250g",
    "WOW ppu": "$41.50 / 1KG"
  },
  {
    "Brand_Product_Size": "Will Studd Aphrodite Halloumi min. 250g",
    "WOW Price": 10.38,
    "WOW Size": "min. 250g",
    "WOW ppu": "$41.50 / 1KG"
  },
  {
    "Brand_Product_Size": "Biozet Attack Laundry Powder With Softener 2kg",
    "WOW Price": 11,
    "WOW Size": "2kg",
    "WOW ppu": "$5.50 / 1KG"
  },
  {
    "Brand_Product_Size": "Woolworths Yummy Rainbow Rings 300g",
    "WOW Price": 2.5,
    "WOW Size": "300g",
    "WOW ppu": "$0.83 / 100G"
  },
  {
    "Brand_Product_Size": "Balnea Toothbrush Holder each",
    "WOW Price": 1,
    "WOW Size": "each",
    "WOW ppu": "$1.00 / 1EA"
  },
  {
    "Brand_Product_Size": "Korbond Ocean Blue Balloons 12 pack",
    "WOW Price": 2,
    "WOW Size": "12 pack",
    "WOW ppu": "$0.17 / 1EA"
  },
  {
    "Brand_Product_Size": "Woolworths Mozzarella Cheese 350g",
    "WOW Price": 5,
    "WOW Size": "350g",
    "WOW ppu": "$14.29 / 1KG"
  },
  {
    "Brand_Product_Size": "Woolworths Mozzarella Cheese 350g",
    "WOW Price": 5,
    "WOW Size": "350g",
    "WOW ppu": "$14.29 / 1KG"
  },
  {
    "Brand_Product_Size": "Sellotape Masking Tape 24mm X 18m each",
    "WOW Price": 2.5,
    "WOW Size": "each",
    "WOW ppu": ""
  },
  {
    "Brand_Product_Size": "Bic Cristal Original Blue Pen 10 pack",
    "WOW Price": 4,
    "WOW Size": "10 pack",
    "WOW ppu": ""
  },
  {
    "Brand_Product_Size": "Cottee's Ice Magic Mint Chocolate 220g",
    "WOW Price": 3.95,
    "WOW Size": "220g",
    "WOW ppu": "$1.80 / 100G"
  },
  {
    "Brand_Product_Size": "Extra White Spearmint Chewing Gum Sugar Free 4x10 Piece 56g",
    "WOW Price": 3.5,
    "WOW Size": "56g",
    "WOW ppu": "$6.25 / 100G"
  },
  {
    "Brand_Product_Size": "Chicken Tonight Simmer Sauce Creamy Mushroom 475g",
    "WOW Price": 2.5,
    "WOW Size": "475g",
    "WOW ppu": "$0.53 / 100G"
  },
  {
    "Brand_Product_Size": "Lemnos Paneer Cheese 200g",
    "WOW Price": 6.9,
    "WOW Size": "200g",
    "WOW ppu": "$34.50 / 1KG"
  },
  {
    "Brand_Product_Size": "Lemnos Paneer Cheese 200g",
    "WOW Price": 6.9,
    "WOW Size": "200g",
    "WOW ppu": "$34.50 / 1KG"
  },
  {
    "Brand_Product_Size": "Childs Farm Bubble Bath Organic Tangerine 250mL",
    "WOW Price": 10,
    "WOW Size": "250mL",
    "WOW ppu": "$4.00 / 100ML"
  },
  {
    "Brand_Product_Size": "Fantastic Beef Noodle Cup 70g",
    "WOW Price": 1,
    "WOW Size": "70g",
    "WOW ppu": "$1.43 / 100G"
  },
  {
    "Brand_Product_Size": "Bega Light Peanut Spread Crunchy 470g",
    "WOW Price": 5.9,
    "WOW Size": "470g",
    "WOW ppu": "$1.26 / 100G"
  },
  {
    "Brand_Product_Size": "Musashi High Protein Bar Cookies & Cream 90g",
    "WOW Price": 4,
    "WOW Size": "90g",
    "WOW ppu": "$4.44 / 100G"
  },
  {
    "Brand_Product_Size": "Kinder Surprise Chocolate Egg 3 pack",
    "WOW Price": 5,
    "WOW Size": "3 pack",
    "WOW ppu": "$8.33 / 100G"
  },
  {
    "Brand_Product_Size": "Polident Denture Cleanser Fresh Active 36 pack",
    "WOW Price": 6.1,
    "WOW Size": "36 pack",
    "WOW ppu": "$0.17 / 1EA"
  },
  {
    "Brand_Product_Size": "Old El Paso Mexican Sweet Paprika Taco Kit 290g",
    "WOW Price": 6.5,
    "WOW Size": "290g",
    "WOW ppu": "$2.24 / 100G"
  },
  {
    "Brand_Product_Size": "Cottee's Cordial Raspberry 1L",
    "WOW Price": 4.2,
    "WOW Size": "1L",
    "WOW ppu": "$4.20 / 1L"
  },
  {
    "Brand_Product_Size": "Tefal Cook Right Frypan Black 32cm each",
    "WOW Price": 33.6,
    "WOW Size": "32cm each",
    "WOW ppu": ""
  },
  {
    "Brand_Product_Size": "Tandaco Coating Mix Suet 250g",
    "WOW Price": 5.3,
    "WOW Size": "250g",
    "WOW ppu": "$0.21 / 10G"
  },
  {
    "Brand_Product_Size": "Bonds Girls Underwear Cotton Brief (8-10 & 10-12) 4 pack",
    "WOW Price": 10.5,
    "WOW Size": "4 pack",
    "WOW ppu": "$2.63 / 1EA"
  },
  {
    "Brand_Product_Size": "Queen Blue Food Colour 50mL",
    "WOW Price": 1.1,
    "WOW Size": "50mL",
    "WOW ppu": "$0.22 / 10ML"
  },
  {
    "Brand_Product_Size": "Lucky Toasted Slivered Almonds 110g",
    "WOW Price": 5.5,
    "WOW Size": "110g",
    "WOW ppu": "$50.00 / 1KG"
  },
  {
    "Brand_Product_Size": "Babylove Cosifit Bulk Nappies Walker 28 pack",
    "WOW Price": 14,
    "WOW Size": "28 pack",
    "WOW ppu": "$0.50 / 1EA"
  },
  {
    "Brand_Product_Size": "Brita Classic Filter 3 pack",
    "WOW Price": 36,
    "WOW Size": "3 pack",
    "WOW ppu": ""
  },
  {
    "Brand_Product_Size": "Oscar Orsen Wedges Foundation 20 pack",
    "WOW Price": 6.1,
    "WOW Size": "20 pack",
    "WOW ppu": "$0.31 / 1EA"
  },
  {
    "Brand_Product_Size": "Mc Yee Chow Mein 500g",
    "WOW Price": 2.5,
    "WOW Size": "500g",
    "WOW ppu": "$5.00 / 1KG"
  },
  {
    "Brand_Product_Size": "Banana Boat Spf 50+ Sunscreen Everyday Pump 400g",
    "WOW Price": 21,
    "WOW Size": "400g",
    "WOW ppu": "$5.25 / 100G"
  },
  {
    "Brand_Product_Size": "Bell Farms Kale 250g",
    "WOW Price": 0.99,
    "WOW Size": "250g",
    "WOW ppu": "$3.96 / 1KG"
  },
  {
    "Brand_Product_Size": "Home Essentials Kitchen Manchester Cotton Tea Towel Set 5 pack",
    "WOW Price": 6,
    "WOW Size": "5 pack",
    "WOW ppu": "$1.20 / 1EA"
  },
  {
    "Brand_Product_Size": "Kellogg's Special K Original Breakfast Cereal Value Pack 860g",
    "WOW Price": 9,
    "WOW Size": "860g",
    "WOW ppu": "$1.05 / 100G"
  },
  {
    "Brand_Product_Size": "Maggi Kari Kari Kaw Curry Flavour Hot Mealz Noodles 92g",
    "WOW Price": 2.5,
    "WOW Size": "92g",
    "WOW ppu": "$2.72 / 100G"
  },
  {
    "Brand_Product_Size": "L'oreal Paris Magic Retouch Hair Colour 4 Light Brown each",
    "WOW Price": 12.75,
    "WOW Size": "each",
    "WOW ppu": "$17.00 / 100ML"
  },
  {
    "Brand_Product_Size": "Chobani Greek Yoghurt Limited Edition 170g",
    "WOW Price": 1.8,
    "WOW Size": "170g",
    "WOW ppu": "$1.06 / 100G"
  },
  {
    "Brand_Product_Size": "Lee Kum Kee Ready Sauce Stir Fry Cantonese Beef 100g",
    "WOW Price": 1.7,
    "WOW Size": "100g",
    "WOW ppu": "$1.70 / 100G"
  },
  {
    "Brand_Product_Size": "Scholl Wart & Verruca Remover Kit 80mL",
    "WOW Price": 30,
    "WOW Size": "80mL",
    "WOW ppu": "$37.50 / 100ML"
  },
  {
    "Brand_Product_Size": "Kraft Mac & Cheese Deluxe 450g",
    "WOW Price": 4,
    "WOW Size": "450g",
    "WOW ppu": "$0.89 / 100G"
  },
  {
    "Brand_Product_Size": "Nestle Nan Ar Infant Formula 800g",
    "WOW Price": 23.5,
    "WOW Size": "800g",
    "WOW ppu": "$2.94 / 100G"
  },
  {
    "Brand_Product_Size": "Coopers Carbonated Drops 250g",
    "WOW Price": 3.25,
    "WOW Size": "250g",
    "WOW ppu": "$13.00 / 1KG"
  },
  {
    "Brand_Product_Size": "Nicorette Quit Smoking Extra Strength Classic Gum 4mg 75 pack",
    "WOW Price": 29,
    "WOW Size": "75 pack",
    "WOW ppu": "$38.67 / 100EA"
  },
  {
    "Brand_Product_Size": "Mint Glazed Pasta Bowl Blue each",
    "WOW Price": 4,
    "WOW Size": "each",
    "WOW ppu": ""
  },
  {
    "Brand_Product_Size": "Inspire Pedal Bin With Bamboo Lid 3l each",
    "WOW Price": 9.6,
    "WOW Size": "each",
    "WOW ppu": ""
  },
  {
    "Brand_Product_Size": "Maybelline Matte Maker Pressed Powder - 30 Natural Beige 16g",
    "WOW Price": 6,
    "WOW Size": "16g",
    "WOW ppu": ""
  },
  {
    "Brand_Product_Size": "Infuzions Veggie Straws 5 pack",
    "WOW Price": 3.2,
    "WOW Size": "5 pack",
    "WOW ppu": "$4.27 / 100G"
  },
  {
    "Brand_Product_Size": "Infuzions Veggie Straws 5 pack",
    "WOW Price": 3.2,
    "WOW Size": "5 pack",
    "WOW ppu": "$4.27 / 100G"
  },
  {
    "Brand_Product_Size": "Dettol Liquid Antibacterial Instant Hand Sanitiser Refresh 50mL",
    "WOW Price": 3.5,
    "WOW Size": "50mL",
    "WOW ppu": "$7.00 / 100ML"
  },
  {
    "Brand_Product_Size": "Original Source Body Wash Coconut & Shea Butter 250mL",
    "WOW Price": 3.5,
    "WOW Size": "250mL",
    "WOW ppu": "$1.40 / 100ML"
  },
  {
    "Brand_Product_Size": "Garnier Bb Cream Oil-free Light Oil Free Bb Cream 40mL",
    "WOW Price": 9.45,
    "WOW Size": "40mL",
    "WOW ppu": "$23.63 / 100ML"
  },
  {
    "Brand_Product_Size": "Macro Organic Hulled Tahini Spread 375g",
    "WOW Price": 5,
    "WOW Size": "375g",
    "WOW ppu": "$1.33 / 100G"
  },
  {
    "Brand_Product_Size": "Queen Ultimate Sprinkles Glamour & Sparkle 115g",
    "WOW Price": 4,
    "WOW Size": "115g",
    "WOW ppu": "$3.48 / 100G"
  },
  {
    "Brand_Product_Size": "Oscar Orsen Large Octopus Hair Clip each",
    "WOW Price": 5.25,
    "WOW Size": "each",
    "WOW ppu": ""
  },
  {
    "Brand_Product_Size": "Woolworths Tropical Ice Cream 1L",
    "WOW Price": 5,
    "WOW Size": "1L",
    "WOW ppu": "$0.50 / 100ML"
  },
  {
    "Brand_Product_Size": "Radiant Mixed Colours Laundry Liquid 2L",
    "WOW Price": 18,
    "WOW Size": "2L",
    "WOW ppu": "$9.00 / 1L"
  },
  {
    "Brand_Product_Size": "Casa Leonardi Gorgonazola Dolce Blue Cheese 195g",
    "WOW Price": 5.5,
    "WOW Size": "195g",
    "WOW ppu": "$28.21 / 1KG"
  },
  {
    "Brand_Product_Size": "Casa Leonardi Gorgonazola Dolce Blue Cheese 195g",
    "WOW Price": 5.5,
    "WOW Size": "195g",
    "WOW ppu": "$28.21 / 1KG"
  },
  {
    "Brand_Product_Size": "Arnott's Vita-weat Cracker 9 Grain 250g",
    "WOW Price": 3.3,
    "WOW Size": "250g",
    "WOW ppu": "$1.32 / 100G"
  },
  {
    "Brand_Product_Size": "Johnson's Frag Free Wipes Wipes Fragrance Free 25 pack",
    "WOW Price": 6,
    "WOW Size": "25 pack",
    "WOW ppu": "$0.24 / 1EA"
  },
  {
    "Brand_Product_Size": "Quell Photoelectric Smoke Alarm Bedroom / Hallway each",
    "WOW Price": 20,
    "WOW Size": "each",
    "WOW ppu": "$20.00 / 1EA"
  },
  {
    "Brand_Product_Size": "Golden Palm Pitted Medjool Dates 340g",
    "WOW Price": 8,
    "WOW Size": "340g",
    "WOW ppu": "$23.53 / 1KG"
  },
  {
    "Brand_Product_Size": "Laucke Golden Brioche Bread Mix 1kg",
    "WOW Price": 6.8,
    "WOW Size": "1kg",
    "WOW ppu": "$0.68 / 100G"
  },
  {
    "Brand_Product_Size": "Woolworths Cooked & Peeled Cocktail Prawns Tail On per kg",
    "WOW Price": 26,
    "WOW Size": "per kg",
    "WOW ppu": "$26.00 / 1KG"
  },
  {
    "Brand_Product_Size": "Adesso Oscillating Ceramic Heater each",
    "WOW Price": 35,
    "WOW Size": "each",
    "WOW ppu": ""
  },
  {
    "Brand_Product_Size": "Mcobeauty Matte Lipstick Dream 3g",
    "WOW Price": 4.5,
    "WOW Size": "3g",
    "WOW ppu": "$15.00 / 10G"
  },
  {
    "Brand_Product_Size": "Bonds Mens Everyday Value No Hole Crew Size 11-14 Assorted 3 pack",
    "WOW Price": 12,
    "WOW Size": "3 pack",
    "WOW ppu": ""
  },
  {
    "Brand_Product_Size": "Marion's Kitchen Classic Japanese Teriyaki 240mL",
    "WOW Price": 5,
    "WOW Size": "240mL",
    "WOW ppu": "$2.08 / 100ML"
  },
  {
    "Brand_Product_Size": "Wiltshire Loaf Pan 24cm each",
    "WOW Price": 9,
    "WOW Size": "each",
    "WOW ppu": ""
  },
  {
    "Brand_Product_Size": "Always Fresh Organic Green Pitted Olives 220g",
    "WOW Price": 5.4,
    "WOW Size": "220g",
    "WOW ppu": "$24.55 / 1KG"
  },
  {
    "Brand_Product_Size": "Chevron Piggy Back Extension Lead 2m 10 Amps each",
    "WOW Price": 5,
    "WOW Size": "each",
    "WOW ppu": ""
  },
  {
    "Brand_Product_Size": "Lock Guard Key Safe each",
    "WOW Price": 22.5,
    "WOW Size": "each",
    "WOW ppu": ""
  },
  {
    "Brand_Product_Size": "Golden Circle Breakfast Juice 3L",
    "WOW Price": 4,
    "WOW Size": "3L",
    "WOW ppu": "$1.33 / 1L"
  },
  {
    "Brand_Product_Size": "Hart & Soul All Natural Satay Curry Recipe Base 80g",
    "WOW Price": 1.25,
    "WOW Size": "80g",
    "WOW ppu": "$1.56 / 100G"
  },
  {
    "Brand_Product_Size": "All Smiles Total Care Toothpaste 140g",
    "WOW Price": 1.5,
    "WOW Size": "140g",
    "WOW ppu": "$1.07 / 100G"
  },
  {
    "Brand_Product_Size": "Woolworths Fetta & Rosemary Lamb Sausages 500g",
    "WOW Price": 8.5,
    "WOW Size": "500g",
    "WOW ppu": "$17.00 / 1KG"
  },
  {
    "Brand_Product_Size": "Bertolli Organic Extra Virgin Olive Oil Robusto Bold Taste 1L",
    "WOW Price": 20,
    "WOW Size": "1L",
    "WOW ppu": "$2.00 / 100ML"
  },
  {
    "Brand_Product_Size": "Blue Ribbon Neapolitan Ice Cream 2L",
    "WOW Price": 4.9,
    "WOW Size": "2L",
    "WOW ppu": "$0.25 / 100ML"
  },
  {
    "Brand_Product_Size": "Help@hand Cotton Tips Recycled Cane 200 pack",
    "WOW Price": 3,
    "WOW Size": "200 pack",
    "WOW ppu": "$1.50 / 100EA"
  },
  {
    "Brand_Product_Size": "Woolworths Mixed Herbs Dried 12g",
    "WOW Price": 2.39,
    "WOW Size": "12g",
    "WOW ppu": "$1.99 / 10G"
  },
  {
    "Brand_Product_Size": "Woolworths Lemon Thyme Fresh Herb Punnet 10g",
    "WOW Price": 3,
    "WOW Size": "10g",
    "WOW ppu": "$3.00 / 10G"
  },
  {
    "Brand_Product_Size": "Woolworths Lemon Thyme Fresh Herb Punnet 10g",
    "WOW Price": 3,
    "WOW Size": "10g",
    "WOW ppu": "$3.00 / 10G"
  },
  {
    "Brand_Product_Size": "Pasta Italia Napoletana Sauce 400g",
    "WOW Price": 7.5,
    "WOW Size": "400g",
    "WOW ppu": "$1.88 / 100G"
  },
  {
    "Brand_Product_Size": "Canon Printer Ink Pg640 + Cl641 Twin Pack each",
    "WOW Price": 44.8,
    "WOW Size": "each",
    "WOW ppu": ""
  },
  {
    "Brand_Product_Size": "Extra Strawberry Chewing Gum Sugar Free Bottle 64g",
    "WOW Price": 4,
    "WOW Size": "64g",
    "WOW ppu": "$6.25 / 100G"
  },
  {
    "Brand_Product_Size": "Woolworths Chicken Tikka Masala With Rice 350g",
    "WOW Price": 4,
    "WOW Size": "350g",
    "WOW ppu": "$1.14 / 100G"
  },
  {
    "Brand_Product_Size": "Woolworths Cashews Maple Flavoured 200g",
    "WOW Price": 5.5,
    "WOW Size": "200g",
    "WOW ppu": "$27.50 / 1KG"
  },
  {
    "Brand_Product_Size": "Woolworths Humbugs 225g",
    "WOW Price": 2,
    "WOW Size": "225g",
    "WOW ppu": "$0.89 / 100G"
  },
  {
    "Brand_Product_Size": "Woolworths Pear Slices In Syrup 820g",
    "WOW Price": 2,
    "WOW Size": "820g",
    "WOW ppu": "$2.44 / 1KG"
  },
  {
    "Brand_Product_Size": "For Her Womens Socks Anklet Sport Size 2-8 3 pack",
    "WOW Price": 7,
    "WOW Size": "3 pack",
    "WOW ppu": "$2.33 / 1EA"
  },
  {
    "Brand_Product_Size": "Tom Organic Tampons Regular 16 pack",
    "WOW Price": 5,
    "WOW Size": "16 pack",
    "WOW ppu": "$0.31 / 1EA"
  },
  {
    "Brand_Product_Size": "Cetaphil Baby Moisturising Bath & Wash, Gentle On Skin 230mL",
    "WOW Price": 8.5,
    "WOW Size": "230mL",
    "WOW ppu": "$3.70 / 100ML"
  },
  {
    "Brand_Product_Size": "Cottee's Strawberry Jam 250g",
    "WOW Price": 1.5,
    "WOW Size": "250g",
    "WOW ppu": "$0.60 / 100G"
  },
  {
    "Brand_Product_Size": "Beerenberg Mango Chutney 280g",
    "WOW Price": 4,
    "WOW Size": "280g",
    "WOW ppu": "$1.43 / 100G"
  },
  {
    "Brand_Product_Size": "Uncle Tobys Cereal Fruity Bites Wildberry 500g",
    "WOW Price": 5.5,
    "WOW Size": "500g",
    "WOW ppu": "$1.10 / 100G"
  },
  {
    "Brand_Product_Size": "Oak Chocolate Milk",
    "WOW Price": 3,
    "WOW Size": "",
    "WOW ppu": "$4.00 / 1L"
  },
  {
    "Brand_Product_Size": "The Healthy Baker Protein Muffin Base Mix 400g",
    "WOW Price": 6,
    "WOW Size": "400g",
    "WOW ppu": "$1.50 / 100G"
  },
  {
    "Brand_Product_Size": "Purina One Adult Mature 7+ Chicken Dry Cat Food 1.4kg",
    "WOW Price": 15,
    "WOW Size": "1.4kg",
    "WOW ppu": "$1.07 / 100G"
  },
  {
    "Brand_Product_Size": "Green's Buttermilk Crepe Shake 300g",
    "WOW Price": 2.2,
    "WOW Size": "300g",
    "WOW ppu": "$0.73 / 100G"
  },
  {
    "Brand_Product_Size": "Kellogg's Lcms Fairy Bread Snack Bars 12 pack",
    "WOW Price": 7,
    "WOW Size": "12 pack",
    "WOW ppu": "$2.92 / 100G"
  },
  {
    "Brand_Product_Size": "Kellogg's Lcms Fairy Bread Snack Bars 12 pack",
    "WOW Price": 7,
    "WOW Size": "12 pack",
    "WOW ppu": "$2.92 / 100G"
  },
  {
    "Brand_Product_Size": "Mckenzie's Vegan Instant Dried Baker's Yeast 200g",
    "WOW Price": 4.95,
    "WOW Size": "200g",
    "WOW ppu": "$2.48 / 100G"
  },
  {
    "Brand_Product_Size": "Tresemme Professional Hair Conditioner Salon Silk 900mL",
    "WOW Price": 7,
    "WOW Size": "900mL",
    "WOW ppu": "$0.78 / 100ML"
  },
  {
    "Brand_Product_Size": "Csr Golden Syrup 850g",
    "WOW Price": 4.75,
    "WOW Size": "850g",
    "WOW ppu": "$0.56 / 100G"
  },
  {
    "Brand_Product_Size": "Barkers Anathoth Farm Strawberry Jam 455g",
    "WOW Price": 4,
    "WOW Size": "455g",
    "WOW ppu": "$0.88 / 100G"
  },
  {
    "Brand_Product_Size": "D'orsogna Deli Fresh Ham Champagne Leg 100g",
    "WOW Price": 3.7,
    "WOW Size": "100g",
    "WOW ppu": "$37.00 / 1KG"
  },
  {
    "Brand_Product_Size": "D'orsogna Deli Fresh Ham Champagne Leg 100g",
    "WOW Price": 3.7,
    "WOW Size": "100g",
    "WOW ppu": "$37.00 / 1KG"
  },
  {
    "Brand_Product_Size": "Underworks Ladies Cushioned Socks No Show 5 pack",
    "WOW Price": 10,
    "WOW Size": "5 pack",
    "WOW ppu": ""
  },
  {
    "Brand_Product_Size": "Cottee's Cordial Lemon No Added Sugar 1L",
    "WOW Price": 4.2,
    "WOW Size": "1L",
    "WOW ppu": "$4.20 / 1L"
  },
  {
    "Brand_Product_Size": "Ingham's Crumbed Chicken Breast Nuggets 400g",
    "WOW Price": 6,
    "WOW Size": "400g",
    "WOW ppu": "$15.00 / 1KG"
  },
  {
    "Brand_Product_Size": "Huggies Drynites Bed Mats 7 pack",
    "WOW Price": 11,
    "WOW Size": "7 pack",
    "WOW ppu": "$1.57 / 1EA"
  },
  {
    "Brand_Product_Size": "Huggies Drynites Bed Mats 7 pack",
    "WOW Price": 11,
    "WOW Size": "7 pack",
    "WOW ppu": "$1.57 / 1EA"
  },
  {
    "Brand_Product_Size": "La Tosca Fresh Spinach Ricotta Tortellini 750g",
    "WOW Price": 6,
    "WOW Size": "750g",
    "WOW ppu": "$0.80 / 100G"
  },
  {
    "Brand_Product_Size": "St.dalfour Royal Fig Spread 284g",
    "WOW Price": 4.5,
    "WOW Size": "284g",
    "WOW ppu": "$1.58 / 100G"
  },
  {
    "Brand_Product_Size": "Method Body Wash Energy Boost 532mL",
    "WOW Price": 8,
    "WOW Size": "532mL",
    "WOW ppu": "$1.50 / 100ML"
  },
  {
    "Brand_Product_Size": "Macro Chicken Breast Fillets Free Range 410g - 900g",
    "WOW Price": 14.4,
    "WOW Size": "410g - 900g",
    "WOW ppu": "$16.00 / 1KG"
  },
  {
    "Brand_Product_Size": "Continental Cup A Soup Pepper Steak & Mushroom With Croutons 52g",
    "WOW Price": 1.05,
    "WOW Size": "52g",
    "WOW ppu": "$2.02 / 100G"
  },
  {
    "Brand_Product_Size": "Revlon Colorstay Full Coverage Foundation Sand Beige 30mL",
    "WOW Price": 15,
    "WOW Size": "30mL",
    "WOW ppu": "$5.00 / 10ML"
  },
  {
    "Brand_Product_Size": "Gm Housebrand Paint Your Own Flamingo / Pineapple Assorted each",
    "WOW Price": 6,
    "WOW Size": "each",
    "WOW ppu": ""
  },
  {
    "Brand_Product_Size": "Decor Microsafe Container Oblong 900mL",
    "WOW Price": 6,
    "WOW Size": "900mL",
    "WOW ppu": ""
  },
  {
    "Brand_Product_Size": "Wallaby Bread Improver 125g",
    "WOW Price": 4,
    "WOW Size": "125g",
    "WOW ppu": "$3.20 / 100G"
  },
  {
    "Brand_Product_Size": "Sunrice Microwave Long Grain In 90 Seconds 250g",
    "WOW Price": 2,
    "WOW Size": "250g",
    "WOW ppu": "$0.80 / 100G"
  },
  {
    "Brand_Product_Size": "Fry's Meat Free Mini Sausage Rolls 250g",
    "WOW Price": 3,
    "WOW Size": "250g",
    "WOW ppu": "$1.20 / 100G"
  },
  {
    "Brand_Product_Size": "Olina's Gluten Free Seeded Crackers Chia Seed 100g",
    "WOW Price": 4.5,
    "WOW Size": "100g",
    "WOW ppu": "$4.50 / 100G"
  },
  {
    "Brand_Product_Size": "Arnott's Iced Vovo 210g",
    "WOW Price": 3,
    "WOW Size": "210g",
    "WOW ppu": "$1.43 / 100G"
  },
  {
    "Brand_Product_Size": "Arnott's Biscuit Orange Slice 250g",
    "WOW Price": 2,
    "WOW Size": "250g",
    "WOW ppu": "$0.80 / 100G"
  },
  {
    "Brand_Product_Size": "Woolworths Orange Caramelised Nut Mix 200g",
    "WOW Price": 7,
    "WOW Size": "200g",
    "WOW ppu": "$35.00 / 1KG"
  },
  {
    "Brand_Product_Size": "Clean Laundry Powder Sensitive 2kg",
    "WOW Price": 6.5,
    "WOW Size": "2kg",
    "WOW ppu": "$3.25 / 1KG"
  },
  {
    "Brand_Product_Size": "Blackmores Probiotics+ Immunity Defence 30 pack",
    "WOW Price": 24,
    "WOW Size": "30 pack",
    "WOW ppu": "$80.00 / 100EA"
  },
  {
    "Brand_Product_Size": "Carman's Oat Slice Bites Variety Pack 320g",
    "WOW Price": 9,
    "WOW Size": "320g",
    "WOW ppu": "$2.81 / 100G"
  },
  {
    "Brand_Product_Size": "Carman's Oat Slice Bites Variety Pack 320g",
    "WOW Price": 9,
    "WOW Size": "320g",
    "WOW ppu": "$2.81 / 100G"
  },
  {
    "Brand_Product_Size": "Woolworths Vanilla Ice Cream Sandwich 440mL 4 pack",
    "WOW Price": 2.9,
    "WOW Size": "440mL 4 pack",
    "WOW ppu": "$0.66 / 100ML"
  },
  {
    "Brand_Product_Size": "Libra Tampons Regular 16 pack",
    "WOW Price": 2.5,
    "WOW Size": "16 pack",
    "WOW ppu": "$0.16 / 1EA"
  },
  {
    "Brand_Product_Size": "Ogx Cherry Blossom Shampoo 385mL",
    "WOW Price": 20,
    "WOW Size": "385mL",
    "WOW ppu": "$5.19 / 100ML"
  },
  {
    "Brand_Product_Size": "Farmers Harvest Sunflower Oil 4L",
    "WOW Price": 19,
    "WOW Size": "4L",
    "WOW ppu": "$0.48 / 100ML"
  },
  {
    "Brand_Product_Size": "M&m's Chocolate Pouch 380g",
    "WOW Price": 6,
    "WOW Size": "380g",
    "WOW ppu": "$1.58 / 100G"
  },
  {
    "Brand_Product_Size": "Essentials Tuna In Brine 425g",
    "WOW Price": 3,
    "WOW Size": "425g",
    "WOW ppu": "$7.06 / 1KG"
  },
  {
    "Brand_Product_Size": "Sanitarium Up&go Protein Energize Vanilla 250mL x12 pack",
    "WOW Price": 14,
    "WOW Size": "250mL x12 pack",
    "WOW ppu": "$4.67 / 1L"
  },
  {
    "Brand_Product_Size": "Bakers Tennis Biscuits 200g",
    "WOW Price": 3.5,
    "WOW Size": "200g",
    "WOW ppu": "$1.75 / 100G"
  },
  {
    "Brand_Product_Size": "Health Lab Holy Hazelnut Nut Butter Filled Balls 200g",
    "WOW Price": 12,
    "WOW Size": "200g",
    "WOW ppu": "$6.00 / 100G"
  },
  {
    "Brand_Product_Size": "Woolworths Creamed Rice 420g",
    "WOW Price": 1,
    "WOW Size": "420g",
    "WOW ppu": "$0.24 / 100G"
  },
  {
    "Brand_Product_Size": "S&b Golden Curry Mix Mild 92g",
    "WOW Price": 4.5,
    "WOW Size": "92g",
    "WOW ppu": "$4.89 / 100G"
  },
  {
    "Brand_Product_Size": "Clio Eco Sheer Pantyhose 20d Natural S/m each",
    "WOW Price": 8,
    "WOW Size": "each",
    "WOW ppu": ""
  },
  {
    "Brand_Product_Size": "Nicorette Quit Smoking Regular Strength Classic Gum 2mg 75 pack",
    "WOW Price": 29,
    "WOW Size": "75 pack",
    "WOW ppu": "$38.67 / 100EA"
  },
  {
    "Brand_Product_Size": "Table Of Plenty Dried Spices Almonds Lemon & Herb Dukkah 45g",
    "WOW Price": 3.6,
    "WOW Size": "45g",
    "WOW ppu": "$0.80 / 10G"
  },
  {
    "Brand_Product_Size": "Mtr Upma Breakfast In A Cup 80g",
    "WOW Price": 2.5,
    "WOW Size": "80g",
    "WOW ppu": "$3.13 / 100G"
  },
  {
    "Brand_Product_Size": "Healtheries Rice Wheels Fun Mix Multipack 12 pack",
    "WOW Price": 7.5,
    "WOW Size": "12 pack",
    "WOW ppu": "$2.98 / 100G"
  },
  {
    "Brand_Product_Size": "Miguel Maestre Jamon Free Range 80g",
    "WOW Price": 9,
    "WOW Size": "80g",
    "WOW ppu": "$112.50 / 1KG"
  },
  {
    "Brand_Product_Size": "Herbert Adams Artisan Butter Chicken Pies 2 pack",
    "WOW Price": 7.5,
    "WOW Size": "2 pack",
    "WOW ppu": "$1.70 / 100G"
  },
  {
    "Brand_Product_Size": "Beigel & Beigel Snacks Pretzel Regular 200g",
    "WOW Price": 2.5,
    "WOW Size": "200g",
    "WOW ppu": "$1.25 / 100G"
  },
  {
    "Brand_Product_Size": "L'oreal Paris Infallible 2 Step Lipstick Permanent Blush 5.6mL",
    "WOW Price": 15,
    "WOW Size": "5.6mL",
    "WOW ppu": "$26.79 / 10ML"
  },
  {
    "Brand_Product_Size": "Nourishing Kids Chicken & Pea Risotto 200g",
    "WOW Price": 3.5,
    "WOW Size": "200g",
    "WOW ppu": "$1.75 / 100G"
  },
  {
    "Brand_Product_Size": "Mint Glazed Large Bowl Blue each",
    "WOW Price": 5,
    "WOW Size": "each",
    "WOW ppu": ""
  },
  {
    "Brand_Product_Size": "Natvia Smooth Choc Chocolate Topping 250mL",
    "WOW Price": 5.7,
    "WOW Size": "250mL",
    "WOW ppu": "$2.28 / 100ML"
  },
  {
    "Brand_Product_Size": "San Remo Pasta Wagon Wheels 500g",
    "WOW Price": 2.6,
    "WOW Size": "500g",
    "WOW ppu": "$0.52 / 100G"
  },
  {
    "Brand_Product_Size": "Wiltshire Digital Timer Digital Timer each",
    "WOW Price": 12,
    "WOW Size": "each",
    "WOW ppu": ""
  },
  {
    "Brand_Product_Size": "Mr Chen's Ginger Prawn Dumplings 240g",
    "WOW Price": 7.5,
    "WOW Size": "240g",
    "WOW ppu": "$3.13 / 100G"
  },
  {
    "Brand_Product_Size": "Cadbury Baking Milk Chocolate Block 180g",
    "WOW Price": 3,
    "WOW Size": "180g",
    "WOW ppu": "$1.67 / 100G"
  },
  {
    "Brand_Product_Size": "Culinare Paring Knife 8.5cm each",
    "WOW Price": 10,
    "WOW Size": "each",
    "WOW ppu": ""
  },
  {
    "Brand_Product_Size": "Annalisa Tomatoes Diced 400g",
    "WOW Price": 1.4,
    "WOW Size": "400g",
    "WOW ppu": "$3.50 / 1KG"
  },
  {
    "Brand_Product_Size": "Essentials Rolled Quilt For Queen Bed each",
    "WOW Price": 12.5,
    "WOW Size": "each",
    "WOW ppu": ""
  },
  {
    "Brand_Product_Size": "Palmolive Kids 3 In 1 Bodywash Shampoo & Conditioner Strawberry 700mL",
    "WOW Price": 6.5,
    "WOW Size": "700mL",
    "WOW ppu": "$0.93 / 100ML"
  },
  {
    "Brand_Product_Size": "Passionfruit Fresh 10 pack",
    "WOW Price": 5.9,
    "WOW Size": "10 pack",
    "WOW ppu": "$0.59 / 1EA"
  },
  {
    "Brand_Product_Size": "One Night In Mexico Tortilla With Corn 10 pack",
    "WOW Price": 3,
    "WOW Size": "10 pack",
    "WOW ppu": "$1.07 / 100G"
  },
  {
    "Brand_Product_Size": "Goulburn Valley Fruit Salad 700g",
    "WOW Price": 3.7,
    "WOW Size": "700g",
    "WOW ppu": "$5.29 / 1KG"
  },
  {
    "Brand_Product_Size": "U By Kotex Sport Tampons Super 16 pack",
    "WOW Price": 4,
    "WOW Size": "16 pack",
    "WOW ppu": "$0.25 / 1EA"
  },
  {
    "Brand_Product_Size": "Ceres Organics Sunflower Spread 300g",
    "WOW Price": 9.9,
    "WOW Size": "300g",
    "WOW ppu": "$3.30 / 100G"
  },
  {
    "Brand_Product_Size": "Essentials Tomato Paste 170g",
    "WOW Price": 0.8,
    "WOW Size": "170g",
    "WOW ppu": "$0.47 / 100G"
  },
  {
    "Brand_Product_Size": "Stubb's Original Bbq Sauce 510g",
    "WOW Price": 6,
    "WOW Size": "510g",
    "WOW ppu": "$1.18 / 100G"
  },
  {
    "Brand_Product_Size": "Schwarzkopf Live Colour Rich Burgundy 75mL",
    "WOW Price": 14,
    "WOW Size": "75mL",
    "WOW ppu": "$18.67 / 100ML"
  },
  {
    "Brand_Product_Size": "Tuckers Fruit&seeded Crackers Apricot Linseed & Sunflower Seed 100g",
    "WOW Price": 4,
    "WOW Size": "100g",
    "WOW ppu": "$4.00 / 100G"
  },
  {
    "Brand_Product_Size": "Lego Minifigures Series each",
    "WOW Price": 6,
    "WOW Size": "each",
    "WOW ppu": ""
  },
  {
    "Brand_Product_Size": "Mint Stainless Steel Cheese Shaker each",
    "WOW Price": 1.5,
    "WOW Size": "each",
    "WOW ppu": ""
  },
  {
    "Brand_Product_Size": "Heinz Canned Soup Big Red Tomato 820g",
    "WOW Price": 3.69,
    "WOW Size": "820g",
    "WOW ppu": "$0.45 / 100G"
  },
  {
    "Brand_Product_Size": "Sabco Ultra Grab Microfibre Flexible Duster each",
    "WOW Price": 8,
    "WOW Size": "each",
    "WOW ppu": ""
  },
  {
    "Brand_Product_Size": "La Zuppa Soup Pouch Roasted Pumpkin 540g",
    "WOW Price": 4.4,
    "WOW Size": "540g",
    "WOW ppu": "$0.81 / 100G"
  },
  {
    "Brand_Product_Size": "Help@hand Chest Rub 100g",
    "WOW Price": 2.3,
    "WOW Size": "100g",
    "WOW ppu": "$2.30 / 100G"
  },
  {
    "Brand_Product_Size": "Cottee's Cordial Pine Lime 1L",
    "WOW Price": 4.2,
    "WOW Size": "1L",
    "WOW ppu": "$4.20 / 1L"
  },
  {
    "Brand_Product_Size": "Veet Hair Removal Wax Warm 375g",
    "WOW Price": 14,
    "WOW Size": "375g",
    "WOW ppu": "$3.73 / 100G"
  },
  {
    "Brand_Product_Size": "Kleenex Facial Tissues Aloe Vera 140 pack",
    "WOW Price": 3,
    "WOW Size": "140 pack",
    "WOW ppu": "$2.14 / 100SS"
  },
  {
    "Brand_Product_Size": "Kleenex Facial Tissues Aloe Vera 140 pack",
    "WOW Price": 3,
    "WOW Size": "140 pack",
    "WOW ppu": "$2.14 / 100SS"
  },
  {
    "Brand_Product_Size": "Calidad Canon 650 Xl & 651 Xl Ink Cartridges 5 pack",
    "WOW Price": 69,
    "WOW Size": "5 pack",
    "WOW ppu": ""
  },
  {
    "Brand_Product_Size": "Mug Shot Creamy Cheese Pasta 68g",
    "WOW Price": 1,
    "WOW Size": "68g",
    "WOW ppu": "$1.47 / 100G"
  },
  {
    "Brand_Product_Size": "Campbell's Country Ladle Creamy Pumpkin Creamy Pumpkin 500g",
    "WOW Price": 1.75,
    "WOW Size": "500g",
    "WOW ppu": "$0.35 / 100G"
  },
  {
    "Brand_Product_Size": "Amy's Kitchen Organic Soup Lentil 411g",
    "WOW Price": 3.9,
    "WOW Size": "411g",
    "WOW ppu": "$0.95 / 100G"
  },
  {
    "Brand_Product_Size": "Femfresh Pocket Wipes 10 pack",
    "WOW Price": 3,
    "WOW Size": "10 pack",
    "WOW ppu": "$0.30 / 1EA"
  },
  {
    "Brand_Product_Size": "Razzamatazz Sheer Relief Socks Half Hi Support Navy Or Beige each",
    "WOW Price": 8,
    "WOW Size": "each",
    "WOW ppu": ""
  },
  {
    "Brand_Product_Size": "Sharpie Markers Metal Bullet Black 2 pack",
    "WOW Price": 5.5,
    "WOW Size": "2 pack",
    "WOW ppu": ""
  },
  {
    "Brand_Product_Size": "Columbia Basic Eraser 2 pack",
    "WOW Price": 2.5,
    "WOW Size": "2 pack",
    "WOW ppu": ""
  },
  {
    "Brand_Product_Size": "Barkers Anathoth Farm Boysenberry Jam 455g",
    "WOW Price": 4,
    "WOW Size": "455g",
    "WOW ppu": "$0.88 / 100G"
  },
  {
    "Brand_Product_Size": "Quilton Classic Toilet Tissue 3 Ply 8 pack",
    "WOW Price": 7.5,
    "WOW Size": "8 pack",
    "WOW ppu": "$0.52 / 100SS"
  },
  {
    "Brand_Product_Size": "Essano Rosehip Collagen Repair Serum 30mL",
    "WOW Price": 21,
    "WOW Size": "30mL",
    "WOW ppu": "$70.00 / 100ML"
  },
  {
    "Brand_Product_Size": "Canon Printer Ink Pg645cl646cp each",
    "WOW Price": 44,
    "WOW Size": "each",
    "WOW ppu": ""
  },
  {
    "Brand_Product_Size": "Berocca Energy Vitamin Original Berry Effervescent Tablets 30 pack",
    "WOW Price": 17.3,
    "WOW Size": "30 pack",
    "WOW ppu": "$57.67 / 100EA"
  },
  {
    "Brand_Product_Size": "Blackmores Superkids Multi Gummies 60 pack",
    "WOW Price": 10,
    "WOW Size": "60 pack",
    "WOW ppu": "$16.67 / 100EA"
  },
  {
    "Brand_Product_Size": "Optimum Salmon Chunks In Jelly Kitten Wet Food 85g",
    "WOW Price": 1.3,
    "WOW Size": "85g",
    "WOW ppu": "$1.53 / 100G"
  },
  {
    "Brand_Product_Size": "Harpic Turquoise Power Toilet Block Cleaner Tropical Lagoon 39g",
    "WOW Price": 2.5,
    "WOW Size": "39g",
    "WOW ppu": "$2.50 / 1EA"
  },
  {
    "Brand_Product_Size": "Nature's Way Kids Smart Vita Gummies Omega-3 Dha Fish Oil 60 pack",
    "WOW Price": 14.5,
    "WOW Size": "60 pack",
    "WOW ppu": "$24.17 / 100EA"
  },
  {
    "Brand_Product_Size": "Schwarzkopf Extra Care Shampoo Ultimate Repair 400mL",
    "WOW Price": 4.8,
    "WOW Size": "400mL",
    "WOW ppu": "$1.20 / 100ML"
  },
  {
    "Brand_Product_Size": "Clean Laundry Collection Bra Washing Bag each",
    "WOW Price": 3.5,
    "WOW Size": "each",
    "WOW ppu": ""
  },
  {
    "Brand_Product_Size": "Sandhurst Sauerkraut 500g",
    "WOW Price": 3.3,
    "WOW Size": "500g",
    "WOW ppu": "$6.60 / 1KG"
  },
  {
    "Brand_Product_Size": "Ogx Quenching & Coconut Curls Shampoo 385mL",
    "WOW Price": 20,
    "WOW Size": "385mL",
    "WOW ppu": "$5.19 / 100ML"
  },
  {
    "Brand_Product_Size": "Old El Paso Mexican Burrito Tortillas 6 pack",
    "WOW Price": 2.7,
    "WOW Size": "6 pack",
    "WOW ppu": "$1.13 / 100G"
  },
  {
    "Brand_Product_Size": "Redwin Body Wash Sensitive Extra Sorbolene 1L",
    "WOW Price": 12,
    "WOW Size": "1L",
    "WOW ppu": "$1.20 / 100ML"
  },
  {
    "Brand_Product_Size": "Bonds No Show Footlets Nude (3-8 & 8-11) each",
    "WOW Price": 4,
    "WOW Size": "each",
    "WOW ppu": ""
  },
  {
    "Brand_Product_Size": "Gemex Jewellery Making Kit each",
    "WOW Price": 11,
    "WOW Size": "each",
    "WOW ppu": ""
  },
  {
    "Brand_Product_Size": "Chang's Fried Noodles 100g",
    "WOW Price": 1.4,
    "WOW Size": "100g",
    "WOW ppu": "$1.40 / 100G"
  },
  {
    "Brand_Product_Size": "Balnea Premium Body Lotion Geranium, Sandalwood & Neroli 500mL",
    "WOW Price": 7.5,
    "WOW Size": "500mL",
    "WOW ppu": "$1.50 / 100ML"
  },
  {
    "Brand_Product_Size": "Gaia Baby Wipes 240 pack",
    "WOW Price": 14.7,
    "WOW Size": "240 pack",
    "WOW ppu": "$6.13 / 100EA"
  },
  {
    "Brand_Product_Size": "Barkers Passionfruit Curd 400g",
    "WOW Price": 4,
    "WOW Size": "400g",
    "WOW ppu": "$1.00 / 100G"
  },
  {
    "Brand_Product_Size": "Heinz 8 Months+ Chicken, Vegetables & Quinoa 170g",
    "WOW Price": 1.5,
    "WOW Size": "170g",
    "WOW ppu": "$0.88 / 100G"
  },
  {
    "Brand_Product_Size": "Voltaren Emulgel No Mess 75g",
    "WOW Price": 21,
    "WOW Size": "75g",
    "WOW ppu": "$28.00 / 100G"
  },
  {
    "Brand_Product_Size": "Palmolive Men Body Wash Active Shower Gel 1L",
    "WOW Price": 8.5,
    "WOW Size": "1L",
    "WOW ppu": "$0.85 / 100ML"
  },
  {
    "Brand_Product_Size": "Maybelline Color Sensational Lipstick Red 4.2g",
    "WOW Price": 10,
    "WOW Size": "4.2g",
    "WOW ppu": "$23.81 / 10G"
  },
  {
    "Brand_Product_Size": "Brite Semi Permanent Hair Colour Colour Purple 75mL",
    "WOW Price": 10,
    "WOW Size": "75mL",
    "WOW ppu": "$13.33 / 100ML"
  },
  {
    "Brand_Product_Size": "Pepsi Max Bottle 1.25L",
    "WOW Price": 2.35,
    "WOW Size": "1.25L",
    "WOW ppu": "$1.88 / 1L"
  },
  {
    "Brand_Product_Size": "Oscar Orsen Large Flat Hair Elastics Black 10 pack",
    "WOW Price": 4.5,
    "WOW Size": "10 pack",
    "WOW ppu": ""
  },
  {
    "Brand_Product_Size": "Ansell Gloves Dermo Plus Medium 1 pair",
    "WOW Price": 4,
    "WOW Size": "1 pair",
    "WOW ppu": "$4.00 / 1EA"
  },
  {
    "Brand_Product_Size": "Haday Supreme Soy Sauce 750mL",
    "WOW Price": 4.8,
    "WOW Size": "750mL",
    "WOW ppu": "$0.64 / 100ML"
  },
  {
    "Brand_Product_Size": "Plantitude Vegan Mac & Cheeze Original 200g",
    "WOW Price": 6,
    "WOW Size": "200g",
    "WOW ppu": "$3.00 / 100G"
  },
  {
    "Brand_Product_Size": "Veef Plant Based Bacon Bits 300g",
    "WOW Price": 6.5,
    "WOW Size": "300g",
    "WOW ppu": "$2.17 / 100G"
  },
  {
    "Brand_Product_Size": "Elastoplast Sensitive Hypoallergenic Strips Assorted 40 pack",
    "WOW Price": 5,
    "WOW Size": "40 pack",
    "WOW ppu": "$0.13 / 1EA"
  },
  {
    "Brand_Product_Size": "Plumrose Ham Leg 200g",
    "WOW Price": 2.9,
    "WOW Size": "200g",
    "WOW ppu": "$14.50 / 1KG"
  },
  {
    "Brand_Product_Size": "Ajax Eco Multipurpose Cleaner Spray Coconut & Lime 450mL",
    "WOW Price": 2.5,
    "WOW Size": "450mL",
    "WOW ppu": "$0.56 / 100ML"
  },
  {
    "Brand_Product_Size": "Mcclure's Pickles Garlic & Dill 720g",
    "WOW Price": 6,
    "WOW Size": "720g",
    "WOW ppu": "$0.83 / 100G"
  },
  {
    "Brand_Product_Size": "Little One's Baby Wipes 480 pack",
    "WOW Price": 10,
    "WOW Size": "480 pack",
    "WOW ppu": "$2.08 / 100EA"
  },
  {
    "Brand_Product_Size": "Passage To India Simmer Sauce Curry Korma 375g",
    "WOW Price": 4.7,
    "WOW Size": "375g",
    "WOW ppu": "$1.25 / 100G"
  },
  {
    "Brand_Product_Size": "Arnott's Cracker Chips Sour Cream & Chives 150g",
    "WOW Price": 3.5,
    "WOW Size": "150g",
    "WOW ppu": "$2.33 / 100G"
  },
  {
    "Brand_Product_Size": "Jackson 4 Usb Outlet Portable Powerboard each",
    "WOW Price": 29,
    "WOW Size": "each",
    "WOW ppu": ""
  },
  {
    "Brand_Product_Size": "Morning Fresh Dishwashing Liquid Peach & Tangerine 400mL",
    "WOW Price": 4.3,
    "WOW Size": "400mL",
    "WOW ppu": "$1.08 / 100ML"
  },
  {
    "Brand_Product_Size": "Razzamatazz Footlet Assorted 3 To 8 3 pack",
    "WOW Price": 8,
    "WOW Size": "3 pack",
    "WOW ppu": ""
  },
  {
    "Brand_Product_Size": "Frey Milk Crunchy Hazelnuts Chocolate Block 100g",
    "WOW Price": 4,
    "WOW Size": "100g",
    "WOW ppu": "$4.00 / 100G"
  },
  {
    "Brand_Product_Size": "L'oreal Made In Paris Lipstick 5mL",
    "WOW Price": 11,
    "WOW Size": "5mL",
    "WOW ppu": "$22.00 / 10ML"
  },
  {
    "Brand_Product_Size": "Lee Kum Kee Sauce Teriyaki Beef 100g",
    "WOW Price": 1.7,
    "WOW Size": "100g",
    "WOW ppu": "$1.70 / 100G"
  },
  {
    "Brand_Product_Size": "Lighthouse Plain Flour For Pasta Tipo \"00\" 1kg",
    "WOW Price": 3.75,
    "WOW Size": "1kg",
    "WOW ppu": "$3.75 / 1KG"
  },
  {
    "Brand_Product_Size": "Neutrogena Rapid Wrinkle Repair Regenerating Cream 48g",
    "WOW Price": 49,
    "WOW Size": "48g",
    "WOW ppu": "$10.21 / 10G"
  },
  {
    "Brand_Product_Size": "Old El Paso Mexican Mini Tortillas 10 pack",
    "WOW Price": 3.7,
    "WOW Size": "10 pack",
    "WOW ppu": "$1.48 / 100G"
  },
  {
    "Brand_Product_Size": "Oscar Orsen Hair Brush Pad Small each",
    "WOW Price": 6,
    "WOW Size": "each",
    "WOW ppu": ""
  },
  {
    "Brand_Product_Size": "Moro Light Taste Olive Oil 4L",
    "WOW Price": 29,
    "WOW Size": "4L",
    "WOW ppu": "$0.73 / 100ML"
  },
  {
    "Brand_Product_Size": "Nudie Nothing But Orange Pulp Free 400mL",
    "WOW Price": 3.6,
    "WOW Size": "400mL",
    "WOW ppu": "$9.00 / 1L"
  },
  {
    "Brand_Product_Size": "Tasti Nut Bar Peanut Butter 420g",
    "WOW Price": 5,
    "WOW Size": "420g",
    "WOW ppu": "$1.19 / 100G"
  },
  {
    "Brand_Product_Size": "Tasti Nut Bar Peanut Butter 420g",
    "WOW Price": 5,
    "WOW Size": "420g",
    "WOW ppu": "$1.19 / 100G"
  },
  {
    "Brand_Product_Size": "Woolworths Mini Jam Sponge Rolls 6 pack",
    "WOW Price": 2.5,
    "WOW Size": "6 pack",
    "WOW ppu": "$1.00 / 100G"
  },
  {
    "Brand_Product_Size": "Multix Easy Tear Off Freezer Bags Small 120 pack",
    "WOW Price": 2.4,
    "WOW Size": "120 pack",
    "WOW ppu": "$0.02 / 1EA"
  },
  {
    "Brand_Product_Size": "Kirks Creaming Soda Bottle 1.25L",
    "WOW Price": 1.85,
    "WOW Size": "1.25L",
    "WOW ppu": "$1.48 / 1L"
  },
  {
    "Brand_Product_Size": "Masterfoods Hearty Beef Casserole Simmer Sauce 495g",
    "WOW Price": 3.7,
    "WOW Size": "495g",
    "WOW ppu": "$0.75 / 100G"
  },
  {
    "Brand_Product_Size": "Peckish Meal Worms 100g",
    "WOW Price": 6.5,
    "WOW Size": "100g",
    "WOW ppu": "$6.50 / 100G"
  },
  {
    "Brand_Product_Size": "Mitani Chicken Salt 200g",
    "WOW Price": 3.45,
    "WOW Size": "200g",
    "WOW ppu": "$0.17 / 10G"
  },
  {
    "Brand_Product_Size": "Allen's Oak Flavoured Milk Bottles 170g",
    "WOW Price": 3,
    "WOW Size": "170g",
    "WOW ppu": "$1.76 / 100G"
  },
  {
    "Brand_Product_Size": "Csr Raw Sugar 2kg",
    "WOW Price": 2.5,
    "WOW Size": "2kg",
    "WOW ppu": "$0.13 / 100G"
  },
  {
    "Brand_Product_Size": "Symington's Instant Dandelion Tea No Caffeine 250g",
    "WOW Price": 13.2,
    "WOW Size": "250g",
    "WOW ppu": "$5.28 / 100G"
  },
  {
    "Brand_Product_Size": "Symington's Instant Dandelion Tea No Caffeine 250g",
    "WOW Price": 13.2,
    "WOW Size": "250g",
    "WOW ppu": "$5.28 / 100G"
  },
  {
    "Brand_Product_Size": "Queen Finest Single Origin Extract Madagascar 50mL",
    "WOW Price": 7,
    "WOW Size": "50mL",
    "WOW ppu": "$14.00 / 100ML"
  },
  {
    "Brand_Product_Size": "Woolworths Snapz Original 250g",
    "WOW Price": 1.5,
    "WOW Size": "250g",
    "WOW ppu": "$0.60 / 100G"
  },
  {
    "Brand_Product_Size": "Strepsils Soothing Honey & Lemon Lozenge 16 pack",
    "WOW Price": 5.5,
    "WOW Size": "16 pack",
    "WOW ppu": "$0.34 / 1EA"
  },
  {
    "Brand_Product_Size": "Sanitarium Up&go Yoghurt Smooth Banana 120g",
    "WOW Price": 1.1,
    "WOW Size": "120g",
    "WOW ppu": "$0.92 / 100G"
  },
  {
    "Brand_Product_Size": "Supercoat Adult True Origin Chicken & Duck Dry Dog Food 7kg",
    "WOW Price": 33,
    "WOW Size": "7kg",
    "WOW ppu": "$0.47 / 100G"
  },
  {
    "Brand_Product_Size": "Salvital Salts Saline 375g",
    "WOW Price": 7.5,
    "WOW Size": "375g",
    "WOW ppu": "$2.00 / 100G"
  },
  {
    "Brand_Product_Size": "Panadol With Optizorb Paracetamol Pain Relief 12 pack",
    "WOW Price": 3.1,
    "WOW Size": "12 pack",
    "WOW ppu": "$0.26 / 1EA"
  },
  {
    "Brand_Product_Size": "Maui Moisture Thicken & Restore Bamboo Fibre Conditioner 385mL",
    "WOW Price": 22,
    "WOW Size": "385mL",
    "WOW ppu": "$5.71 / 100ML"
  },
  {
    "Brand_Product_Size": "Harris Filter Papers 10-12 Cup 40 pack",
    "WOW Price": 2.2,
    "WOW Size": "40 pack",
    "WOW ppu": "$0.06 / 1EA"
  },
  {
    "Brand_Product_Size": "Thomas Dux Grana Padano 14 Months 250g",
    "WOW Price": 6.9,
    "WOW Size": "250g",
    "WOW ppu": "$27.60 / 1KG"
  },
  {
    "Brand_Product_Size": "Woolworths Mango Jelly 4 pack",
    "WOW Price": 2.2,
    "WOW Size": "4 pack",
    "WOW ppu": "$4.58 / 1KG"
  },
  {
    "Brand_Product_Size": "Essentials Wringing Mop each",
    "WOW Price": 10,
    "WOW Size": "each",
    "WOW ppu": "$10.00 / 1EA"
  },
  {
    "Brand_Product_Size": "San Remo Curls Pasta No 27 500g",
    "WOW Price": 2.6,
    "WOW Size": "500g",
    "WOW ppu": "$0.52 / 100G"
  },
  {
    "Brand_Product_Size": "Banana Boat Kids Sunscreen Spf 50+ 400g",
    "WOW Price": 21,
    "WOW Size": "400g",
    "WOW ppu": "$5.25 / 100G"
  },
  {
    "Brand_Product_Size": "Street Foodie Salt & Pepper Tofu 300g",
    "WOW Price": 7.5,
    "WOW Size": "300g",
    "WOW ppu": "$2.50 / 100G"
  },
  {
    "Brand_Product_Size": "Brut Deodorant Aerosol Anti Perspirant Ultra Dry 150g",
    "WOW Price": 6.3,
    "WOW Size": "150g",
    "WOW ppu": "$2.57 / 100ML"
  },
  {
    "Brand_Product_Size": "Swisse Utliboost Vitamin C Chewable Tablets Orange Flavour 110 pack",
    "WOW Price": 5.5,
    "WOW Size": "110 pack",
    "WOW ppu": "$5.00 / 100EA"
  },
  {
    "Brand_Product_Size": "Razzamatazz Footlet Ast 3pk 8 To 11 3 pack",
    "WOW Price": 8,
    "WOW Size": "3 pack",
    "WOW ppu": ""
  },
  {
    "Brand_Product_Size": "Macro Hemp Seed Protein Powder 200g",
    "WOW Price": 8,
    "WOW Size": "200g",
    "WOW ppu": "$4.00 / 100G"
  },
  {
    "Brand_Product_Size": "Ecs Botanics Italian Borlotti Bean Soup With Hemp 330g",
    "WOW Price": 5,
    "WOW Size": "330g",
    "WOW ppu": "$1.52 / 100G"
  },
  {
    "Brand_Product_Size": "Ob Finest Cracker Cranberry Pumpkin 150g",
    "WOW Price": 6,
    "WOW Size": "150g",
    "WOW ppu": "$4.00 / 100G"
  },
  {
    "Brand_Product_Size": "Bulla Frozen Yoghurt Strawberry, Mango & Wildberry 8 pack",
    "WOW Price": 7,
    "WOW Size": "8 pack",
    "WOW ppu": "$1.48 / 100G"
  },
  {
    "Brand_Product_Size": "Chux Dishwand Non Scratch Refills 6 pack",
    "WOW Price": 8,
    "WOW Size": "6 pack",
    "WOW ppu": "$1.33 / 1EA"
  },
  {
    "Brand_Product_Size": "Sweet William Original Chocolate Dairy Free 100g",
    "WOW Price": 3.6,
    "WOW Size": "100g",
    "WOW ppu": "$3.60 / 100G"
  },
  {
    "Brand_Product_Size": "Maybelline Tattoo Studio Liquid Ink Eyeliner - Black 2.5mL",
    "WOW Price": 11,
    "WOW Size": "2.5mL",
    "WOW ppu": "$44.00 / 10ML"
  },
  {
    "Brand_Product_Size": "Vital Strength Muscle Plus Protein Powder Chocolate 720g",
    "WOW Price": 29.75,
    "WOW Size": "720g",
    "WOW ppu": "$4.13 / 100G"
  },
  {
    "Brand_Product_Size": "Maybelline Fit Me Matte & Poreless Foundation - Creamy Beige 122 30mL",
    "WOW Price": 11,
    "WOW Size": "30mL",
    "WOW ppu": "$3.67 / 10ML"
  },
  {
    "Brand_Product_Size": "Veet Hair Removal Wax Legs 20 pack",
    "WOW Price": 9,
    "WOW Size": "20 pack",
    "WOW ppu": "$0.45 / 1EA"
  },
  {
    "Brand_Product_Size": "Sabco Soft Grip Rainbow Duster each",
    "WOW Price": 4,
    "WOW Size": "each",
    "WOW ppu": "$4.00 / 1EA"
  },
  {
    "Brand_Product_Size": "Paperclick Alphabet Stickers each",
    "WOW Price": 2,
    "WOW Size": "each",
    "WOW ppu": ""
  },
  {
    "Brand_Product_Size": "Schwarzkopf Extra Care Marrakesh Oil Conditioner 900mL",
    "WOW Price": 14,
    "WOW Size": "900mL",
    "WOW ppu": "$1.56 / 100ML"
  },
  {
    "Brand_Product_Size": "Queen Salted Caramel Flavour 50mL",
    "WOW Price": 1.8,
    "WOW Size": "50mL",
    "WOW ppu": "$3.60 / 100ML"
  },
  {
    "Brand_Product_Size": "Wiltshire Cookie & Baking Tray each",
    "WOW Price": 17,
    "WOW Size": "each",
    "WOW ppu": ""
  },
  {
    "Brand_Product_Size": "Norsca Deodorant Aerosol Baby Powder Antiperspirant 150g",
    "WOW Price": 6,
    "WOW Size": "150g",
    "WOW ppu": "$2.45 / 100ML"
  },
  {
    "Brand_Product_Size": "Pedigree Dentastix Large Dog Dental Treat 7 pack",
    "WOW Price": 5,
    "WOW Size": "7 pack",
    "WOW ppu": "$0.71 / 1EA"
  },
  {
    "Brand_Product_Size": "Nature's Way Vitagummies For Adults Vitamin C 120 pack",
    "WOW Price": 10,
    "WOW Size": "120 pack",
    "WOW ppu": "$8.33 / 100EA"
  },
  {
    "Brand_Product_Size": "Whittaker's Block Creamy Milk 33% Cocoa 250g",
    "WOW Price": 6,
    "WOW Size": "250g",
    "WOW ppu": "$2.40 / 100G"
  },
  {
    "Brand_Product_Size": "Essentials Cat Food Beef & Fish 1kg",
    "WOW Price": 2.59,
    "WOW Size": "1kg",
    "WOW ppu": "$0.26 / 100G"
  },
  {
    "Brand_Product_Size": "Tandaco Dry Yeast 5 pack 35g",
    "WOW Price": 2.4,
    "WOW Size": "5 pack 35g",
    "WOW ppu": "$6.86 / 100G"
  },
  {
    "Brand_Product_Size": "Wicked Sister Chocolate Panna Cotta With Salted Caramel 2 x150g",
    "WOW Price": 2.1,
    "WOW Size": "2 x150g",
    "WOW ppu": "$0.70 / 100G"
  },
  {
    "Brand_Product_Size": "Dole Premium Tropical Pineapple Slices In Juice 227g",
    "WOW Price": 1.6,
    "WOW Size": "227g",
    "WOW ppu": "$7.05 / 1KG"
  },
  {
    "Brand_Product_Size": "Thomy Mayonnaise 470g",
    "WOW Price": 6,
    "WOW Size": "470g",
    "WOW ppu": "$1.28 / 100G"
  },
  {
    "Brand_Product_Size": "Dutch Bakehouse Almond Fingers 275g",
    "WOW Price": 2.5,
    "WOW Size": "275g",
    "WOW ppu": "$0.91 / 100G"
  },
  {
    "Brand_Product_Size": "Underworks Sport Low Cut Black Men's Socks 7 To 10 3 pack",
    "WOW Price": 9,
    "WOW Size": "3 pack",
    "WOW ppu": ""
  },
  {
    "Brand_Product_Size": "Pasta Italia Gourmet Spinach & Ricotta Cannelloni 800g",
    "WOW Price": 15,
    "WOW Size": "800g",
    "WOW ppu": "$1.88 / 100G"
  },
  {
    "Brand_Product_Size": "Trill Food Pellets Large Birds 600g",
    "WOW Price": 9.99,
    "WOW Size": "600g",
    "WOW ppu": "$1.67 / 100G"
  },
  {
    "Brand_Product_Size": "Macro Flavoured Textured Vegetable Protein Mexican 100g",
    "WOW Price": 4,
    "WOW Size": "100g",
    "WOW ppu": "$4.00 / 100G"
  },
  {
    "Brand_Product_Size": "Three Threes Olives Stuffed 250g",
    "WOW Price": 2.6,
    "WOW Size": "250g",
    "WOW ppu": "$10.40 / 1KG"
  },
  {
    "Brand_Product_Size": "Carman's Porridge Almond Pecan Hazelnut 320g",
    "WOW Price": 6,
    "WOW Size": "320g",
    "WOW ppu": "$1.88 / 100G"
  },
  {
    "Brand_Product_Size": "Carman's Oat Clusters Grains & Coconut 750g",
    "WOW Price": 8,
    "WOW Size": "750g",
    "WOW ppu": "$1.07 / 100G"
  },
  {
    "Brand_Product_Size": "Gravox Finishing Sauce White Sauce Smooth & Creamy 29g",
    "WOW Price": 1.1,
    "WOW Size": "29g",
    "WOW ppu": "$0.38 / 10G"
  },
  {
    "Brand_Product_Size": "Woolworths Essentials Sticker Small Stars 180 pack",
    "WOW Price": 2,
    "WOW Size": "180 pack",
    "WOW ppu": ""
  },
  {
    "Brand_Product_Size": "Woolworths Yellowfin Tuna Slices In Olive Oil With Chilli 125g",
    "WOW Price": 2,
    "WOW Size": "125g",
    "WOW ppu": "$16.00 / 1KG"
  },
  {
    "Brand_Product_Size": "Cadbury Flake Sharepack 12 pack 168g",
    "WOW Price": 5,
    "WOW Size": "12 pack 168g",
    "WOW ppu": "$2.98 / 100G"
  },
  {
    "Brand_Product_Size": "Musashi High Protein Shake Creamy Vanilla 375mL",
    "WOW Price": 4.05,
    "WOW Size": "375mL",
    "WOW ppu": "$1.08 / 100ML"
  },
  {
    "Brand_Product_Size": "Gourmet Delight With Mackerel & Salmon 80g",
    "WOW Price": 1.2,
    "WOW Size": "80g",
    "WOW ppu": "$1.50 / 100G"
  },
  {
    "Brand_Product_Size": "Scholl Corn Removal Foot Care Plaster Waterproof each",
    "WOW Price": 9.5,
    "WOW Size": "each",
    "WOW ppu": "$1.19 / 1EA"
  },
  {
    "Brand_Product_Size": "Macleans Toothpaste Multi Action Original Fluoride 170g",
    "WOW Price": 3,
    "WOW Size": "170g",
    "WOW ppu": "$1.76 / 100G"
  },
  {
    "Brand_Product_Size": "Woolworths Foldable Bag each",
    "WOW Price": 0.99,
    "WOW Size": "each",
    "WOW ppu": ""
  },
  {
    "Brand_Product_Size": "Carman's Dark Choc Cranberry & Almond Muesli Bars 6 pack",
    "WOW Price": 6,
    "WOW Size": "6 pack",
    "WOW ppu": "$2.86 / 100G"
  },
  {
    "Brand_Product_Size": "Carman's Dark Choc Cranberry & Almond Muesli Bars 6 pack",
    "WOW Price": 6,
    "WOW Size": "6 pack",
    "WOW ppu": "$2.86 / 100G"
  },
  {
    "Brand_Product_Size": "Nature's Way Immunity Defense Garlic & Horseradish Tablets 200 pack",
    "WOW Price": 10,
    "WOW Size": "200 pack",
    "WOW ppu": "$5.00 / 100EA"
  },
  {
    "Brand_Product_Size": "Bonds Baby Low Cut Everyday Value Socks Size 2-4 4 pack",
    "WOW Price": 8,
    "WOW Size": "4 pack",
    "WOW ppu": ""
  },
  {
    "Brand_Product_Size": "Bega Peanut Butter Crunchy 470g",
    "WOW Price": 5.9,
    "WOW Size": "470g",
    "WOW ppu": "$1.26 / 100G"
  },
  {
    "Brand_Product_Size": "Hoyt's Onion Dried 40g",
    "WOW Price": 1.65,
    "WOW Size": "40g",
    "WOW ppu": "$0.41 / 10G"
  },
  {
    "Brand_Product_Size": "Vegemite 40% Less Salt 440g",
    "WOW Price": 8.2,
    "WOW Size": "440g",
    "WOW ppu": "$1.86 / 100G"
  },
  {
    "Brand_Product_Size": "Pandaroo Salad Dressing Vietnamese 270mL",
    "WOW Price": 3.1,
    "WOW Size": "270mL",
    "WOW ppu": "$1.15 / 100ML"
  },
  {
    "Brand_Product_Size": "Grillworx Corn Cob Holders 8 pack",
    "WOW Price": 4.8,
    "WOW Size": "8 pack",
    "WOW ppu": "$4.80 / 1EA"
  },
  {
    "Brand_Product_Size": "Sweet Baby Ray's Sweet N Spicy Bbq Sauce 425mL",
    "WOW Price": 5.35,
    "WOW Size": "425mL",
    "WOW ppu": "$1.26 / 100ML"
  },
  {
    "Brand_Product_Size": "Cenovis St John's Wort 2000 Tablets 60 pack",
    "WOW Price": 14,
    "WOW Size": "60 pack",
    "WOW ppu": "$23.33 / 100EA"
  },
  {
    "Brand_Product_Size": "Whittaker's Artisan West Coast Buttermilk Caramel 28% Cocoa 100g",
    "WOW Price": 4.5,
    "WOW Size": "100g",
    "WOW ppu": "$4.50 / 100G"
  },
  {
    "Brand_Product_Size": "Sipahh Variety Pack Milk Straws 25x88g",
    "WOW Price": 8.4,
    "WOW Size": "25x88g",
    "WOW ppu": "$0.34 / 1EA"
  },
  {
    "Brand_Product_Size": "Nature's Gift Casserole Gravy Style With Kangaroo & Veg Wet Dog Food 1.2kg",
    "WOW Price": 3.5,
    "WOW Size": "1.2kg",
    "WOW ppu": "$0.29 / 100G"
  },
  {
    "Brand_Product_Size": "Continental Recipe Base Shepherds Pie 50g",
    "WOW Price": 1.6,
    "WOW Size": "50g",
    "WOW ppu": "$3.20 / 100G"
  },
  {
    "Brand_Product_Size": "Lucky Dog Adult Minis Minced Beef, Vege & Pasta Dry Dog Food 3kg",
    "WOW Price": 6.99,
    "WOW Size": "3kg",
    "WOW ppu": "$0.23 / 100G"
  },
  {
    "Brand_Product_Size": "Welch's Mixed Fruit Snacks 160g",
    "WOW Price": 5,
    "WOW Size": "160g",
    "WOW ppu": "$3.13 / 100G"
  },
  {
    "Brand_Product_Size": "Old El Paso Nachos Spice Mix Mild 35g",
    "WOW Price": 1.8,
    "WOW Size": "35g",
    "WOW ppu": "$5.14 / 100G"
  },
  {
    "Brand_Product_Size": "Woolworths Unsweetened Almond Milk 1L",
    "WOW Price": 2,
    "WOW Size": "1L",
    "WOW ppu": "$2.00 / 1L"
  },
  {
    "Brand_Product_Size": "Woolworths Unsweetened Almond Milk 1L",
    "WOW Price": 2,
    "WOW Size": "1L",
    "WOW ppu": "$2.00 / 1L"
  },
  {
    "Brand_Product_Size": "Nivea Men Shaving Foam For Sensitive Skin 200mL",
    "WOW Price": 5.8,
    "WOW Size": "200mL",
    "WOW ppu": "$2.90 / 100ML"
  },
  {
    "Brand_Product_Size": "Canon Printer Ink 510 & 511 2 pack",
    "WOW Price": 65,
    "WOW Size": "2 pack",
    "WOW ppu": ""
  },
  {
    "Brand_Product_Size": "Poppin Microwave Popcorn Butter Flavour 100g",
    "WOW Price": 1.75,
    "WOW Size": "100g",
    "WOW ppu": "$1.75 / 100G"
  },
  {
    "Brand_Product_Size": "Mcobeauty Matte Lipstick Kitty 3g",
    "WOW Price": 4.5,
    "WOW Size": "3g",
    "WOW ppu": "$15.00 / 10G"
  },
  {
    "Brand_Product_Size": "Bikano Ajwain Cookies 400g",
    "WOW Price": 5,
    "WOW Size": "400g",
    "WOW ppu": "$1.25 / 100G"
  },
  {
    "Brand_Product_Size": "Jackson 1.5 Metre F-to-f Tv Antenna / Foxtel Cable With Pal Adaptors each",
    "WOW Price": 12,
    "WOW Size": "each",
    "WOW ppu": "$12.00 / 1EA"
  },
  {
    "Brand_Product_Size": "Coon Cheese Slices Tasty 250g",
    "WOW Price": 6,
    "WOW Size": "250g",
    "WOW ppu": "$24.00 / 1KG"
  },
  {
    "Brand_Product_Size": "Palmolive Antibacterial Liquid Hand Wash Soap Pump Orange 250mL",
    "WOW Price": 2.79,
    "WOW Size": "250mL",
    "WOW ppu": "$1.12 / 100ML"
  },
  {
    "Brand_Product_Size": "Continental Recipe Base Creamy Chicken Stroganoff 40g",
    "WOW Price": 1.6,
    "WOW Size": "40g",
    "WOW ppu": "$4.00 / 100G"
  },
  {
    "Brand_Product_Size": "Earth Chickenless Satay, Veggies & Rice 350g",
    "WOW Price": 6.5,
    "WOW Size": "350g",
    "WOW ppu": "$1.86 / 100G"
  },
  {
    "Brand_Product_Size": "Heinz Plant Proteinz Sri Lankan Style 330g",
    "WOW Price": 3.6,
    "WOW Size": "330g",
    "WOW ppu": "$1.09 / 100G"
  },
  {
    "Brand_Product_Size": "Select Vitamin B+c Effervescent Orange 15 tabLets",
    "WOW Price": 4.5,
    "WOW Size": "15 tabLets",
    "WOW ppu": "$30.00 / 100EA"
  },
  {
    "Brand_Product_Size": "Oreo Salted Caramel Cookie 133g",
    "WOW Price": 1,
    "WOW Size": "133g",
    "WOW ppu": "$0.75 / 100G"
  },
  {
    "Brand_Product_Size": "Babylove Nappy Pants Jumbo Walker 12-17kg 50 pack",
    "WOW Price": 27,
    "WOW Size": "50 pack",
    "WOW ppu": "$0.54 / 1EA"
  },
  {
    "Brand_Product_Size": "Woolworths Chocolate & Nut Mix 200g",
    "WOW Price": 6,
    "WOW Size": "200g",
    "WOW ppu": "$30.00 / 1KG"
  },
  {
    "Brand_Product_Size": "Go Natural Beauty Collagen Snap Bars Wild Berry & Yoghurt 40g",
    "WOW Price": 3,
    "WOW Size": "40g",
    "WOW ppu": "$7.50 / 100G"
  },
  {
    "Brand_Product_Size": "Cococoast Natural Coconut Water Lychee 500mL",
    "WOW Price": 2.5,
    "WOW Size": "500mL",
    "WOW ppu": "$5.00 / 1L"
  },
  {
    "Brand_Product_Size": "Hart & Soul Noodle Soup Pho 155g",
    "WOW Price": 4,
    "WOW Size": "155g",
    "WOW ppu": "$2.58 / 100G"
  },
  {
    "Brand_Product_Size": "Jack The Barber Paste 95g",
    "WOW Price": 7.5,
    "WOW Size": "95g",
    "WOW ppu": "$7.89 / 100G"
  },
  {
    "Brand_Product_Size": "Macro Cereal Gentle Fibre 500g",
    "WOW Price": 5,
    "WOW Size": "500g",
    "WOW ppu": "$1.00 / 100G"
  },
  {
    "Brand_Product_Size": "Don Antonio Pasta Sauce Sugo Al Basilico 500g",
    "WOW Price": 6,
    "WOW Size": "500g",
    "WOW ppu": "$1.20 / 100G"
  },
  {
    "Brand_Product_Size": "Gourmet Garden Mixed Herbs Lightly Dried 8g sachet",
    "WOW Price": 3.5,
    "WOW Size": "8g sachet",
    "WOW ppu": "$4.38 / 10G"
  },
  {
    "Brand_Product_Size": "Gourmet Garden Mixed Herbs Lightly Dried 8g sachet",
    "WOW Price": 3.5,
    "WOW Size": "8g sachet",
    "WOW ppu": "$4.38 / 10G"
  },
  {
    "Brand_Product_Size": "Clean & Clear Morning Burst Facial Cleanser 240mL",
    "WOW Price": 9.5,
    "WOW Size": "240mL",
    "WOW ppu": "$3.96 / 100ML"
  },
  {
    "Brand_Product_Size": "Manicare Crystal Nail File each",
    "WOW Price": 8.5,
    "WOW Size": "each",
    "WOW ppu": "$8.50 / 1EA"
  },
  {
    "Brand_Product_Size": "L'oreal Paris Face Cream Cell Renewal Night Cream 30mL",
    "WOW Price": 27,
    "WOW Size": "30mL",
    "WOW ppu": "$54.00 / 100ML"
  },
  {
    "Brand_Product_Size": "Wei Lei Onion Noodles 5 pack",
    "WOW Price": 4,
    "WOW Size": "5 pack",
    "WOW ppu": "$0.94 / 100G"
  },
  {
    "Brand_Product_Size": "Annalisa Beans Borlotti 400g",
    "WOW Price": 1.5,
    "WOW Size": "400g",
    "WOW ppu": "$3.75 / 1KG"
  },
  {
    "Brand_Product_Size": "Selsun Blue Replenishing Anti-dandruff Shampoo 200mL",
    "WOW Price": 5.5,
    "WOW Size": "200mL",
    "WOW ppu": "$2.75 / 100ML"
  },
  {
    "Brand_Product_Size": "Nivea Naturally Good Milky Cleanser 200mL",
    "WOW Price": 7.7,
    "WOW Size": "200mL",
    "WOW ppu": "$3.85 / 100ML"
  },
  {
    "Brand_Product_Size": "Nature Valley Crunchy Bars Oats & Honey 6 pack",
    "WOW Price": 5.5,
    "WOW Size": "6 pack",
    "WOW ppu": "$2.18 / 100G"
  },
  {
    "Brand_Product_Size": "Nice & Natural Roasted Nut Bars Almond 6 pack",
    "WOW Price": 2,
    "WOW Size": "6 pack",
    "WOW ppu": "$1.04 / 100G"
  },
  {
    "Brand_Product_Size": "Masterfoods Marinade Honey Bbq 375g",
    "WOW Price": 2.5,
    "WOW Size": "375g",
    "WOW ppu": "$0.67 / 100G"
  },
  {
    "Brand_Product_Size": "Campbell's Real Chicken Liquid Stock 500mL",
    "WOW Price": 2.29,
    "WOW Size": "500mL",
    "WOW ppu": "$0.46 / 100ML"
  },
  {
    "Brand_Product_Size": "Woolworths Crunchy Taco Shells 12 pack",
    "WOW Price": 2.4,
    "WOW Size": "12 pack",
    "WOW ppu": "$1.43 / 100G"
  },
  {
    "Brand_Product_Size": "Daily Juice Apple Juice No Added Sugar 2L",
    "WOW Price": 5,
    "WOW Size": "2L",
    "WOW ppu": "$2.50 / 1L"
  },
  {
    "Brand_Product_Size": "Maggi Multipack Instant Cups Noodle Beef 4 pack",
    "WOW Price": 5,
    "WOW Size": "4 pack",
    "WOW ppu": "$2.16 / 100G"
  },
  {
    "Brand_Product_Size": "Laundry Basket Oval each",
    "WOW Price": 5,
    "WOW Size": "each",
    "WOW ppu": ""
  },
  {
    "Brand_Product_Size": "Dove Shampoo Daily Care 640mL",
    "WOW Price": 8.4,
    "WOW Size": "640mL",
    "WOW ppu": "$1.31 / 100ML"
  },
  {
    "Brand_Product_Size": "Inspire Contour Bath Mat Bobble 48x 48cm Assorted each",
    "WOW Price": 12,
    "WOW Size": "each",
    "WOW ppu": ""
  },
  {
    "Brand_Product_Size": "Loving Earth Salted Caramel Chocolate Chocolate 80g",
    "WOW Price": 6.9,
    "WOW Size": "80g",
    "WOW ppu": "$8.63 / 100G"
  },
  {
    "Brand_Product_Size": "Macro Organic Chopped Kale Portions 450g",
    "WOW Price": 5,
    "WOW Size": "450g",
    "WOW ppu": "$11.11 / 1KG"
  },
  {
    "Brand_Product_Size": "Swisse High Strength C Immune Health Tablets 150 pack",
    "WOW Price": 20,
    "WOW Size": "150 pack",
    "WOW ppu": "$13.33 / 100EA"
  },
  {
    "Brand_Product_Size": "Woolworths Potato Minis 1kg",
    "WOW Price": 2.9,
    "WOW Size": "1kg",
    "WOW ppu": "$2.90 / 1KG"
  },
  {
    "Brand_Product_Size": "All Natural Bakery Bars Slice Oat Fruit & Nut 100g",
    "WOW Price": 2.7,
    "WOW Size": "100g",
    "WOW ppu": "$2.70 / 100G"
  },
  {
    "Brand_Product_Size": "Elastoplast Marvel Avengers Plasters 20 pack",
    "WOW Price": 3.5,
    "WOW Size": "20 pack",
    "WOW ppu": "$3.50 / 1EA"
  },
  {
    "Brand_Product_Size": "Masterfoods Ground Coriander 25g",
    "WOW Price": 2.3,
    "WOW Size": "25g",
    "WOW ppu": "$0.92 / 10G"
  },
  {
    "Brand_Product_Size": "Masterfoods Red Wine Garlic Marinade 375g",
    "WOW Price": 2.5,
    "WOW Size": "375g",
    "WOW ppu": "$0.67 / 100G"
  },
  {
    "Brand_Product_Size": "Woolworths Notebook A4 120pg 5 pack",
    "WOW Price": 9,
    "WOW Size": "120pg 5 pack",
    "WOW ppu": ""
  },
  {
    "Brand_Product_Size": "Mccain Mixed Vegetables Country Greens 1kg",
    "WOW Price": 4.5,
    "WOW Size": "1kg",
    "WOW ppu": "$4.50 / 1KG"
  },
  {
    "Brand_Product_Size": "Bonds Socks Mens Logo Lowcut Size 6-10 3 pack",
    "WOW Price": 15,
    "WOW Size": "3 pack",
    "WOW ppu": "$5.00 / 1EA"
  },
  {
    "Brand_Product_Size": "L'oreal Brow Artist Xpert Cool Brown each",
    "WOW Price": 10,
    "WOW Size": "each",
    "WOW ppu": "$33.33 / 10G"
  },
  {
    "Brand_Product_Size": "Kinder Bueno Chocolate 43g bar",
    "WOW Price": 2,
    "WOW Size": "43g bar",
    "WOW ppu": "$4.65 / 100G"
  },
  {
    "Brand_Product_Size": "Schwarzkopf Extra Care Hair Spray Super Styling Lacquer 250g",
    "WOW Price": 7,
    "WOW Size": "250g",
    "WOW ppu": "$2.80 / 100G"
  },
  {
    "Brand_Product_Size": "Sunbeam Yoghurt Coated Sultanas 180g",
    "WOW Price": 4,
    "WOW Size": "180g",
    "WOW ppu": "$22.22 / 1KG"
  },
  {
    "Brand_Product_Size": "Sunbeam Yoghurt Coated Sultanas 180g",
    "WOW Price": 4,
    "WOW Size": "180g",
    "WOW ppu": "$22.22 / 1KG"
  },
  {
    "Brand_Product_Size": "Colgate 2 In 1 Toothpaste & Mouthwash Whitening Liquid Gel 130g",
    "WOW Price": 5.35,
    "WOW Size": "130g",
    "WOW ppu": "$4.12 / 100G"
  },
  {
    "Brand_Product_Size": "Woolworths Chocolate Flavoured Milk 2L",
    "WOW Price": 3.85,
    "WOW Size": "2L",
    "WOW ppu": "$1.93 / 1L"
  },
  {
    "Brand_Product_Size": "Lemnos Haloumi Salt Reduced 180g",
    "WOW Price": 6,
    "WOW Size": "180g",
    "WOW ppu": "$33.33 / 1KG"
  },
  {
    "Brand_Product_Size": "Lemnos Haloumi Salt Reduced 180g",
    "WOW Price": 6,
    "WOW Size": "180g",
    "WOW ppu": "$33.33 / 1KG"
  },
  {
    "Brand_Product_Size": "Babylove Nappy Pants Junior 15-25kg 22 pack",
    "WOW Price": 12,
    "WOW Size": "22 pack",
    "WOW ppu": "$0.55 / 1EA"
  },
  {
    "Brand_Product_Size": "Bellamy's Apple & Mango Yoghurt 120g",
    "WOW Price": 2.3,
    "WOW Size": "120g",
    "WOW ppu": "$1.92 / 100G"
  },
  {
    "Brand_Product_Size": "Aussie Bodies Keto Choc Hazelnut Wafer 35g",
    "WOW Price": 3,
    "WOW Size": "35g",
    "WOW ppu": "$8.57 / 100G"
  },
  {
    "Brand_Product_Size": "The Collective Probiotic Mango Kefir Yoghurt With Turmeric 500g",
    "WOW Price": 4,
    "WOW Size": "500g",
    "WOW ppu": "$0.80 / 100G"
  },
  {
    "Brand_Product_Size": "Caltrate Bone & Muscle 50 Plus 100 pack",
    "WOW Price": 10,
    "WOW Size": "100 pack",
    "WOW ppu": "$10.00 / 100EA"
  },
  {
    "Brand_Product_Size": "Woolworths Bolognese Arancini 8 pack",
    "WOW Price": 5,
    "WOW Size": "8 pack",
    "WOW ppu": "$2.08 / 100G"
  },
  {
    "Brand_Product_Size": "Western Star Original Butter Block 500g",
    "WOW Price": 6.5,
    "WOW Size": "500g",
    "WOW ppu": "$1.30 / 100G"
  },
  {
    "Brand_Product_Size": "Essano Collagen Boost Dar Cr?me 140mL",
    "WOW Price": 17.5,
    "WOW Size": "140mL",
    "WOW ppu": "$12.50 / 100ML"
  },
  {
    "Brand_Product_Size": "Weis Sorbet Mango 1L tub",
    "WOW Price": 7,
    "WOW Size": "1L tub",
    "WOW ppu": "$0.70 / 100ML"
  },
  {
    "Brand_Product_Size": "Pauls Caramel Custard Pouch 140g",
    "WOW Price": 2,
    "WOW Size": "140g",
    "WOW ppu": "$1.43 / 100G"
  },
  {
    "Brand_Product_Size": "Papermate Liquid Paper Correction Tape I-mini 3 pack",
    "WOW Price": 4.9,
    "WOW Size": "3 pack",
    "WOW ppu": ""
  },
  {
    "Brand_Product_Size": "Marsh's Extra Tasty Cheese min. 300g",
    "WOW Price": 13.9,
    "WOW Size": "min. 300g",
    "WOW ppu": "$13.90 / 1KG"
  },
  {
    "Brand_Product_Size": "Marsh's Extra Tasty Cheese min. 300g",
    "WOW Price": 13.9,
    "WOW Size": "min. 300g",
    "WOW ppu": "$13.90 / 1KG"
  },
  {
    "Brand_Product_Size": "Tradie Aussie Fit Bikini Diamond Cut Size 12 3 pack",
    "WOW Price": 15,
    "WOW Size": "3 pack",
    "WOW ppu": ""
  },
  {
    "Brand_Product_Size": "Oob Organic Raspberries 450g",
    "WOW Price": 8.5,
    "WOW Size": "450g",
    "WOW ppu": "$18.89 / 1KG"
  },
  {
    "Brand_Product_Size": "Quilton Pocket Packs 4ply Hypo Allergenic 6 pack",
    "WOW Price": 2,
    "WOW Size": "6 pack",
    "WOW ppu": "$3.33 / 100SS"
  },
  {
    "Brand_Product_Size": "Quilton Pocket Packs 4ply Hypo Allergenic 6 pack",
    "WOW Price": 2,
    "WOW Size": "6 pack",
    "WOW ppu": "$3.33 / 100SS"
  },
  {
    "Brand_Product_Size": "Catlux Litter Light Clumping 6L",
    "WOW Price": 6.9,
    "WOW Size": "6L",
    "WOW ppu": "$1.15 / 1L"
  },
  {
    "Brand_Product_Size": "Sunrice White Rice Calrose Medium Grain 1kg",
    "WOW Price": 3.5,
    "WOW Size": "1kg",
    "WOW ppu": "$0.35 / 100G"
  },
  {
    "Brand_Product_Size": "Pringles Sour Cream & Onion Chips 53g",
    "WOW Price": 1.9,
    "WOW Size": "53g",
    "WOW ppu": "$3.58 / 100G"
  },
  {
    "Brand_Product_Size": "Sistema Plasticware Snack To Go each",
    "WOW Price": 5,
    "WOW Size": "each",
    "WOW ppu": ""
  },
  {
    "Brand_Product_Size": "Sistema Plasticware Snack To Go each",
    "WOW Price": 5,
    "WOW Size": "each",
    "WOW ppu": ""
  },
  {
    "Brand_Product_Size": "Fluffy Summer Breeze Concentrate Fabric Softener Conditioner 1L",
    "WOW Price": 7,
    "WOW Size": "1L",
    "WOW ppu": "$7.00 / 1L"
  },
  {
    "Brand_Product_Size": "Woolworths Home Brew Draught 1.7kg",
    "WOW Price": 8.23,
    "WOW Size": "1.7kg",
    "WOW ppu": "$4.84 / 1KG"
  },
  {
    "Brand_Product_Size": "Essentials White Sugar 1kg",
    "WOW Price": 1,
    "WOW Size": "1kg",
    "WOW ppu": "$0.10 / 100G"
  },
  {
    "Brand_Product_Size": "India Gate Golden Sella Rice 5kg",
    "WOW Price": 16.8,
    "WOW Size": "5kg",
    "WOW ppu": "$0.34 / 100G"
  },
  {
    "Brand_Product_Size": "Masterfoods Stir Fry Recipe Base Creamy Thai Chicken 175g",
    "WOW Price": 2.2,
    "WOW Size": "175g",
    "WOW ppu": "$1.26 / 100G"
  },
  {
    "Brand_Product_Size": "Woolworths Lemonade Bottle 1.25L",
    "WOW Price": 1,
    "WOW Size": "1.25L",
    "WOW ppu": "$0.80 / 1L"
  },
  {
    "Brand_Product_Size": "Golden Days Snacks Sesame Snaps 3x40g",
    "WOW Price": 2.5,
    "WOW Size": "3x40g",
    "WOW ppu": "$2.08 / 100G"
  },
  {
    "Brand_Product_Size": "Golden Days Snacks Sesame Snaps 3x40g",
    "WOW Price": 2.5,
    "WOW Size": "3x40g",
    "WOW ppu": "$2.08 / 100G"
  },
  {
    "Brand_Product_Size": "Maggi Brown Onion Gravy 31g",
    "WOW Price": 0.8,
    "WOW Size": "31g",
    "WOW ppu": "$0.26 / 10G"
  },
  {
    "Brand_Product_Size": "Earthstone Bbq Accessory Grill Stone Block each",
    "WOW Price": 10.5,
    "WOW Size": "each",
    "WOW ppu": ""
  },
  {
    "Brand_Product_Size": "Bonds Mens Cushioned Sole Size 6-10 3 pack",
    "WOW Price": 15,
    "WOW Size": "3 pack",
    "WOW ppu": "$5.00 / 1EA"
  },
  {
    "Brand_Product_Size": "Salamanca Seafood Company Salmon Mince 400g",
    "WOW Price": 9,
    "WOW Size": "400g",
    "WOW ppu": "$22.50 / 1KG"
  },
  {
    "Brand_Product_Size": "Dettol Antiseptic Antibacterial Disinfectant Liquid 250mL",
    "WOW Price": 5.7,
    "WOW Size": "250mL",
    "WOW ppu": "$2.28 / 100ML"
  },
  {
    "Brand_Product_Size": "Phillips Avent Teats 6 Months+ Fast Flow 2 pack",
    "WOW Price": 10,
    "WOW Size": "2 pack",
    "WOW ppu": "$5.00 / 1EA"
  },
  {
    "Brand_Product_Size": "Streets Paddle Pop Banana 8 pack",
    "WOW Price": 5,
    "WOW Size": "8 pack",
    "WOW ppu": "$0.92 / 100ML"
  },
  {
    "Brand_Product_Size": "Kirks Lemonade Cans 375mL x10 pack",
    "WOW Price": 6.2,
    "WOW Size": "375mL x10 pack",
    "WOW ppu": "$1.65 / 1L"
  },
  {
    "Brand_Product_Size": "Herron Nicaway Nicotine Lozenges 2mg 72 pack",
    "WOW Price": 20,
    "WOW Size": "72 pack",
    "WOW ppu": "$27.78 / 100EA"
  },
  {
    "Brand_Product_Size": "Sanitarium Up&go Protein Energize Choc 250mL x12 pack",
    "WOW Price": 14,
    "WOW Size": "250mL x12 pack",
    "WOW ppu": "$4.67 / 1L"
  },
  {
    "Brand_Product_Size": "Sanitarium Up&go Protein Energize Choc 250mL x12 pack",
    "WOW Price": 14,
    "WOW Size": "250mL x12 pack",
    "WOW ppu": "$4.67 / 1L"
  },
  {
    "Brand_Product_Size": "Nestle Smarties 50g box",
    "WOW Price": 1,
    "WOW Size": "50g box",
    "WOW ppu": "$2.00 / 100G"
  },
  {
    "Brand_Product_Size": "Tresemme Professional Hair Shampoo Deep Cleansing 900mL",
    "WOW Price": 7,
    "WOW Size": "900mL",
    "WOW ppu": "$0.78 / 100ML"
  },
  {
    "Brand_Product_Size": "Wokka Noodles Wholegrain 400g",
    "WOW Price": 2.7,
    "WOW Size": "400g",
    "WOW ppu": "$0.68 / 100G"
  },
  {
    "Brand_Product_Size": "Balnea Hand Sanitiser 50mL",
    "WOW Price": 2,
    "WOW Size": "50mL",
    "WOW ppu": "$4.00 / 100ML"
  },
  {
    "Brand_Product_Size": "Barilla Egg Tagliatelle 250g",
    "WOW Price": 2.8,
    "WOW Size": "250g",
    "WOW ppu": "$1.12 / 100G"
  },
  {
    "Brand_Product_Size": "Bonds Ladies Boyleg White Size 10 3 pack",
    "WOW Price": 15,
    "WOW Size": "3 pack",
    "WOW ppu": "$5.00 / 1EA"
  },
  {
    "Brand_Product_Size": "Aeroplane Jelly Lite Vanilla Berry 2x9g",
    "WOW Price": 1.8,
    "WOW Size": "2x9g",
    "WOW ppu": "$10.00 / 100G"
  },
  {
    "Brand_Product_Size": "Mint Soft Grip Flexible Turner each",
    "WOW Price": 4,
    "WOW Size": "each",
    "WOW ppu": ""
  },
  {
    "Brand_Product_Size": "Calidad Canon 681 Black Xxl each",
    "WOW Price": 28,
    "WOW Size": "each",
    "WOW ppu": ""
  },
  {
    "Brand_Product_Size": "Nivea Q10 Firming Anti-wrinkle Night Cream Face Moisturiser 50mL",
    "WOW Price": 22,
    "WOW Size": "50mL",
    "WOW ppu": "$44.00 / 100ML"
  },
  {
    "Brand_Product_Size": "Temptations Cat Treats Tasty Chicken 180g",
    "WOW Price": 8,
    "WOW Size": "180g",
    "WOW ppu": "$4.44 / 100G"
  },
  {
    "Brand_Product_Size": "Whittaker's Block Coconut 33% Cocoa 250g",
    "WOW Price": 6,
    "WOW Size": "250g",
    "WOW ppu": "$2.40 / 100G"
  },
  {
    "Brand_Product_Size": "Ambi Pur Plug In Air Freshener Set Linen & Sky 20mL",
    "WOW Price": 10.5,
    "WOW Size": "20mL",
    "WOW ppu": "$5.25 / 10ML"
  },
  {
    "Brand_Product_Size": "Naty Baby Wipes Unscented 56 pack",
    "WOW Price": 3.5,
    "WOW Size": "56 pack",
    "WOW ppu": "$6.25 / 100EA"
  },
  {
    "Brand_Product_Size": "Woolworths Cumin Ground Ground 30g",
    "WOW Price": 1.9,
    "WOW Size": "30g",
    "WOW ppu": "$0.63 / 10G"
  },
  {
    "Brand_Product_Size": "Mcobeauty Duo Brow Crayon & Highlighter Blonde Light/medium each",
    "WOW Price": 7.5,
    "WOW Size": "each",
    "WOW ppu": "$78.13 / 10G"
  },
  {
    "Brand_Product_Size": "Sshmallows Cake Decoration Mallows Mini Assorted 100g",
    "WOW Price": 2,
    "WOW Size": "100g",
    "WOW ppu": "$2.00 / 100G"
  },
  {
    "Brand_Product_Size": "Woolworths Frozen Meat Pies 4 pack",
    "WOW Price": 3.85,
    "WOW Size": "4 pack",
    "WOW ppu": "$0.55 / 100G"
  },
  {
    "Brand_Product_Size": "Mcvitie's Go Ahead Crispy Slices Sultana & Raspberry (5x3pk) 218g",
    "WOW Price": 1.97,
    "WOW Size": "218g",
    "WOW ppu": "$0.90 / 100G"
  },
  {
    "Brand_Product_Size": "Essentials Olive Oil Spray 400g",
    "WOW Price": 5.5,
    "WOW Size": "400g",
    "WOW ppu": "$1.38 / 100G"
  },
  {
    "Brand_Product_Size": "Solo Lemon Cans 6x200mL pack",
    "WOW Price": 6.2,
    "WOW Size": "6x200mL pack",
    "WOW ppu": "$5.17 / 1L"
  },
  {
    "Brand_Product_Size": "Ardmona Crushed Tomatoes Vine Ripened 410g",
    "WOW Price": 1.4,
    "WOW Size": "410g",
    "WOW ppu": "$3.41 / 1KG"
  },
  {
    "Brand_Product_Size": "Manamin Snacks Wafers Chocolate Cubes 200g",
    "WOW Price": 3,
    "WOW Size": "200g",
    "WOW ppu": "$1.50 / 100G"
  },
  {
    "Brand_Product_Size": "Carman's Chocolate Caramel Aussie Oat Bars 6 pack",
    "WOW Price": 5,
    "WOW Size": "6 pack",
    "WOW ppu": "$2.78 / 100G"
  },
  {
    "Brand_Product_Size": "Korbond Sewing Kit Box each",
    "WOW Price": 3,
    "WOW Size": "each",
    "WOW ppu": ""
  },
  {
    "Brand_Product_Size": "Betty Crocker Cinnamon Crumble Muffin Mix 500g",
    "WOW Price": 5.2,
    "WOW Size": "500g",
    "WOW ppu": "$1.04 / 100G"
  },
  {
    "Brand_Product_Size": "Vegemite Spread 280g",
    "WOW Price": 5,
    "WOW Size": "280g",
    "WOW ppu": "$1.79 / 100G"
  },
  {
    "Brand_Product_Size": "Vegemite Spread 280g",
    "WOW Price": 5,
    "WOW Size": "280g",
    "WOW ppu": "$1.79 / 100G"
  },
  {
    "Brand_Product_Size": "Masterfoods Sweet Plum Marinade 375g",
    "WOW Price": 2.5,
    "WOW Size": "375g",
    "WOW ppu": "$0.67 / 100G"
  },
  {
    "Brand_Product_Size": "Lipton Quality Black Tea 25 pack",
    "WOW Price": 2.2,
    "WOW Size": "25 pack",
    "WOW ppu": "$0.09 / 1EA"
  },
  {
    "Brand_Product_Size": "Lipton Quality Black Tea 25 pack",
    "WOW Price": 2.2,
    "WOW Size": "25 pack",
    "WOW ppu": "$0.09 / 1EA"
  },
  {
    "Brand_Product_Size": "Blackmores Vitamin C & Elderberry Gummies 120 pack",
    "WOW Price": 25,
    "WOW Size": "120 pack",
    "WOW ppu": "$20.83 / 100EA"
  },
  {
    "Brand_Product_Size": "Sanitarium Up&go Liquid Breakfast No Added Sugar Vanilla Ice 250mL x3 pack",
    "WOW Price": 4.95,
    "WOW Size": "250mL x3 pack",
    "WOW ppu": "$6.60 / 1L"
  },
  {
    "Brand_Product_Size": "Bonds Ladies Cottontails Full Brief Modern Size 16 2 pack",
    "WOW Price": 20,
    "WOW Size": "2 pack",
    "WOW ppu": ""
  },
  {
    "Brand_Product_Size": "Anusol Haemorrhoidal Ointment 50g",
    "WOW Price": 9.4,
    "WOW Size": "50g",
    "WOW ppu": "$18.80 / 100G"
  },
  {
    "Brand_Product_Size": "Eastcoast Orange Juice Pulp Free 2L",
    "WOW Price": 5.5,
    "WOW Size": "2L",
    "WOW ppu": "$2.75 / 1L"
  },
  {
    "Brand_Product_Size": "Cracker Barrel Block Extra Sharp 250g",
    "WOW Price": 6.6,
    "WOW Size": "250g",
    "WOW ppu": "$26.40 / 1KG"
  },
  {
    "Brand_Product_Size": "Leggos Pasta Sauce Napoletana 500g",
    "WOW Price": 3,
    "WOW Size": "500g",
    "WOW ppu": "$0.60 / 100G"
  },
  {
    "Brand_Product_Size": "Mr Chen's Steam Selection 240g",
    "WOW Price": 7.5,
    "WOW Size": "240g",
    "WOW ppu": "$3.13 / 100G"
  },
  {
    "Brand_Product_Size": "Primo Duos Mild Twiggy Bites & Cheddar Cheese 50g",
    "WOW Price": 4,
    "WOW Size": "50g",
    "WOW ppu": "$80.00 / 1KG"
  },
  {
    "Brand_Product_Size": "Pureharvest Rice Malt Syrup 500g",
    "WOW Price": 3.8,
    "WOW Size": "500g",
    "WOW ppu": "$0.76 / 100G"
  },
  {
    "Brand_Product_Size": "Breville 2 Slice Sandwich Maker each",
    "WOW Price": 49,
    "WOW Size": "each",
    "WOW ppu": ""
  },
  {
    "Brand_Product_Size": "Glad Resealable Medium Storage Bags 15 pack",
    "WOW Price": 3.3,
    "WOW Size": "15 pack",
    "WOW ppu": "$0.22 / 1EA"
  },
  {
    "Brand_Product_Size": "Podravka European Foods Semolina Dumplings Soup 58g",
    "WOW Price": 2.25,
    "WOW Size": "58g",
    "WOW ppu": "$3.88 / 100G"
  },
  {
    "Brand_Product_Size": "Calidad Canon 680 Black Xxl each",
    "WOW Price": 28,
    "WOW Size": "each",
    "WOW ppu": ""
  },
  {
    "Brand_Product_Size": "For Him Low Cut Sport Socks Black Size 6-10 5 pack",
    "WOW Price": 10,
    "WOW Size": "5 pack",
    "WOW ppu": ""
  },
  {
    "Brand_Product_Size": "Hoyt's Pickling Dried Spices 35g",
    "WOW Price": 2.11,
    "WOW Size": "35g",
    "WOW ppu": "$0.60 / 10G"
  },
  {
    "Brand_Product_Size": "Swisse Ultiboost Daily Immune Support Tablets 60 pack",
    "WOW Price": 10,
    "WOW Size": "60 pack",
    "WOW ppu": "$16.67 / 100EA"
  },
  {
    "Brand_Product_Size": "Evamay Tampons Regular 20 pack",
    "WOW Price": 2.25,
    "WOW Size": "20 pack",
    "WOW ppu": "$0.11 / 1EA"
  },
  {
    "Brand_Product_Size": "Just For Men Hair Colour Dark Brown 100g",
    "WOW Price": 12,
    "WOW Size": "100g",
    "WOW ppu": "$12.00 / 100G"
  },
  {
    "Brand_Product_Size": "Adesso Mini Chopper each",
    "WOW Price": 16,
    "WOW Size": "each",
    "WOW ppu": ""
  },
  {
    "Brand_Product_Size": "Betty Crocker Gooey Salted Caramel Brownie Mix 430g",
    "WOW Price": 5.2,
    "WOW Size": "430g",
    "WOW ppu": "$1.21 / 100G"
  },
  {
    "Brand_Product_Size": "Liddells Lactose Free Spreadable Salted Butter Blend 250g",
    "WOW Price": 4.5,
    "WOW Size": "250g",
    "WOW ppu": "$1.80 / 100G"
  },
  {
    "Brand_Product_Size": "Arnott's Tim Tam Chewy Caramel 175g",
    "WOW Price": 4,
    "WOW Size": "175g",
    "WOW ppu": "$2.29 / 100G"
  },
  {
    "Brand_Product_Size": "Hoyt's Coriander Ground 25g",
    "WOW Price": 1.6,
    "WOW Size": "25g",
    "WOW ppu": "$0.64 / 10G"
  },
  {
    "Brand_Product_Size": "Hart & Soul All Natural Pho Soup Cup 100g",
    "WOW Price": 1.8,
    "WOW Size": "100g",
    "WOW ppu": "$1.80 / 100G"
  },
  {
    "Brand_Product_Size": "Bonds Newbies Coverall each",
    "WOW Price": 10.8,
    "WOW Size": "each",
    "WOW ppu": ""
  },
  {
    "Brand_Product_Size": "Pandaroo Japanese Sushi Bamboo Mat 24cm 1 pack",
    "WOW Price": 2.2,
    "WOW Size": "1 pack",
    "WOW ppu": ""
  },
  {
    "Brand_Product_Size": "Smiling Fish Sardines In Tomato Sauce 155g",
    "WOW Price": 1.25,
    "WOW Size": "155g",
    "WOW ppu": "$0.81 / 100G"
  },
  {
    "Brand_Product_Size": "Spc Baked Beans Ham Sauce 4x220g",
    "WOW Price": 5,
    "WOW Size": "4x220g",
    "WOW ppu": "$0.57 / 100G"
  },
  {
    "Brand_Product_Size": "Obento Japanese Rice Wine Vinegar 250mL",
    "WOW Price": 2.3,
    "WOW Size": "250mL",
    "WOW ppu": "$0.92 / 100ML"
  },
  {
    "Brand_Product_Size": "No Nasties Sugar Free-zies Marvel's Avengers Fruity Sour Flavours 60mL x15 pack",
    "WOW Price": 3.5,
    "WOW Size": "60mL x15 pack",
    "WOW ppu": "$0.39 / 100ML"
  },
  {
    "Brand_Product_Size": "Dollar Sweets Tutti Frutti Sprinkles 110g",
    "WOW Price": 5,
    "WOW Size": "110g",
    "WOW ppu": "$4.55 / 100G"
  },
  {
    "Brand_Product_Size": "Earthwise Bubble Bath 275mL",
    "WOW Price": 8,
    "WOW Size": "275mL",
    "WOW ppu": "$2.91 / 100ML"
  },
  {
    "Brand_Product_Size": "The Detangler Coconut Scented Detangler each",
    "WOW Price": 12,
    "WOW Size": "each",
    "WOW ppu": ""
  },
  {
    "Brand_Product_Size": "Dove Triple Moisturising Body Wash 500mL",
    "WOW Price": 4,
    "WOW Size": "500mL",
    "WOW ppu": "$0.80 / 100ML"
  },
  {
    "Brand_Product_Size": "Nando's Peri Peri Salt 50g",
    "WOW Price": 4,
    "WOW Size": "50g",
    "WOW ppu": "$0.80 / 10G"
  },
  {
    "Brand_Product_Size": "Garnier Skinactive Nutri Bomb Milky Tissue Mask Coconut each",
    "WOW Price": 3.55,
    "WOW Size": "each",
    "WOW ppu": "$3.55 / 1EA"
  },
  {
    "Brand_Product_Size": "Qiushi Hot Pot Egg Noodle 300g",
    "WOW Price": 2.5,
    "WOW Size": "300g",
    "WOW ppu": "$0.83 / 100G"
  },
  {
    "Brand_Product_Size": "Jase's Kitchen Frozen Pizza Base Gluten Free 2 pack",
    "WOW Price": 8,
    "WOW Size": "2 pack",
    "WOW ppu": "$2.11 / 100G"
  },
  {
    "Brand_Product_Size": "Dollar Sweets Choclettes 150g",
    "WOW Price": 2,
    "WOW Size": "150g",
    "WOW ppu": "$1.33 / 100G"
  },
  {
    "Brand_Product_Size": "Keep It Cleaner Plant Based Protein Powder Natural Flavour 375g",
    "WOW Price": 30,
    "WOW Size": "375g",
    "WOW ppu": "$8.00 / 100G"
  },
  {
    "Brand_Product_Size": "Schwarzkopf Live Colour Chocolate 75mL",
    "WOW Price": 14,
    "WOW Size": "75mL",
    "WOW ppu": "$18.67 / 100ML"
  },
  {
    "Brand_Product_Size": "Sirena Tuna In Oil With Lemon Pepper 95g",
    "WOW Price": 2.7,
    "WOW Size": "95g",
    "WOW ppu": "$28.42 / 1KG"
  },
  {
    "Brand_Product_Size": "Oral-b Sensitivity & Gum Extra Fresh Breath Toothpaste Soft Mint 90g",
    "WOW Price": 8,
    "WOW Size": "90g",
    "WOW ppu": "$8.89 / 100G"
  },
  {
    "Brand_Product_Size": "Vitapet Treatment Water Ager 125mL",
    "WOW Price": 5.15,
    "WOW Size": "125mL",
    "WOW ppu": "$4.12 / 100ML"
  },
  {
    "Brand_Product_Size": "Seymours Folding Basket each",
    "WOW Price": 10,
    "WOW Size": "each",
    "WOW ppu": ""
  },
  {
    "Brand_Product_Size": "Betty Crocker Salted Caramel Frosting 400g",
    "WOW Price": 4,
    "WOW Size": "400g",
    "WOW ppu": "$1.00 / 100G"
  },
  {
    "Brand_Product_Size": "Macro Organic Strong Industrially Compostable Coffee Capsules 10 pack",
    "WOW Price": 6,
    "WOW Size": "10 pack",
    "WOW ppu": "$0.60 / 1EA"
  },
  {
    "Brand_Product_Size": "Macro Organic Strong Industrially Compostable Coffee Capsules 10 pack",
    "WOW Price": 6,
    "WOW Size": "10 pack",
    "WOW ppu": "$0.60 / 1EA"
  },
  {
    "Brand_Product_Size": "Scholl Eulactol Gold Foot Care Heel Balm 60mL",
    "WOW Price": 13.5,
    "WOW Size": "60mL",
    "WOW ppu": "$22.50 / 100ML"
  },
  {
    "Brand_Product_Size": "Erawan Rice Stick Large 375g",
    "WOW Price": 2.1,
    "WOW Size": "375g",
    "WOW ppu": "$0.56 / 100G"
  },
  {
    "Brand_Product_Size": "Nature's Way Slim Right Slimming Meal Replacement Chocolate Flavour 500g",
    "WOW Price": 20,
    "WOW Size": "500g",
    "WOW ppu": "$4.00 / 100G"
  },
  {
    "Brand_Product_Size": "Zafarelli Piccolo Pasta No 40 500g",
    "WOW Price": 1.2,
    "WOW Size": "500g",
    "WOW ppu": "$0.24 / 100G"
  },
  {
    "Brand_Product_Size": "Bonds Baby Bucket Hat One Size each",
    "WOW Price": 8.4,
    "WOW Size": "each",
    "WOW ppu": "$8.40 / 1EA"
  },
  {
    "Brand_Product_Size": "Combat Ant Rid Insect Control Ant Baits 4x6g",
    "WOW Price": 5.45,
    "WOW Size": "4x6g",
    "WOW ppu": "$2.27 / 10G"
  },
  {
    "Brand_Product_Size": "Fancy Feast Adult Savory Centers Pat Salmon Gravy Wet Cat Food 85g",
    "WOW Price": 2,
    "WOW Size": "85g",
    "WOW ppu": "$2.35 / 100G"
  },
  {
    "Brand_Product_Size": "Woolworths Pure Honey 400g",
    "WOW Price": 5.7,
    "WOW Size": "400g",
    "WOW ppu": "$1.43 / 100G"
  },
  {
    "Brand_Product_Size": "Peters Rabbit & Guinea Pig Lucerne Pellets 2kg",
    "WOW Price": 6.69,
    "WOW Size": "2kg",
    "WOW ppu": "$0.33 / 100G"
  },
  {
    "Brand_Product_Size": "Ogx Renewing & Argan Oil Extra Penetrating 100mL",
    "WOW Price": 25,
    "WOW Size": "100mL",
    "WOW ppu": "$25.00 / 100ML"
  },
  {
    "Brand_Product_Size": "Woolworths Macadamias Kernels Raw 400g pack",
    "WOW Price": 17,
    "WOW Size": "400g pack",
    "WOW ppu": "$42.50 / 1KG"
  },
  {
    "Brand_Product_Size": "Masterfoods Garlic Salt 210g",
    "WOW Price": 3.6,
    "WOW Size": "210g",
    "WOW ppu": "$0.17 / 10G"
  },
  {
    "Brand_Product_Size": "Bref Fresh Boost Flower Blossom 450mL",
    "WOW Price": 3.5,
    "WOW Size": "450mL",
    "WOW ppu": "$0.78 / 100ML"
  },
  {
    "Brand_Product_Size": "Ob Finest Date & Pistachio Specialty Cracker 150g",
    "WOW Price": 6,
    "WOW Size": "150g",
    "WOW ppu": "$4.00 / 100G"
  },
  {
    "Brand_Product_Size": "Noshu 97% Sugar Free Protein Pancake Mix 200g",
    "WOW Price": 6,
    "WOW Size": "200g",
    "WOW ppu": "$3.00 / 100G"
  },
  {
    "Brand_Product_Size": "Essentials Travel Mug Stainless Steel Black each",
    "WOW Price": 10,
    "WOW Size": "each",
    "WOW ppu": ""
  },
  {
    "Brand_Product_Size": "Carman's Apple Pie & Custard Aussie Oat Bars 6 pack",
    "WOW Price": 5,
    "WOW Size": "6 pack",
    "WOW ppu": "$2.78 / 100G"
  },
  {
    "Brand_Product_Size": "Heinz 8 Months Chicken & Vegetable Risotto 170g",
    "WOW Price": 1.5,
    "WOW Size": "170g",
    "WOW ppu": "$0.88 / 100G"
  },
  {
    "Brand_Product_Size": "Armor All Wash & Wax Wipes 12 pack",
    "WOW Price": 12,
    "WOW Size": "12 pack",
    "WOW ppu": "$1.00 / 1EA"
  },
  {
    "Brand_Product_Size": "Coca-cola Diet Soft Drink Bottle 2L",
    "WOW Price": 2.85,
    "WOW Size": "2L",
    "WOW ppu": "$1.43 / 1L"
  },
  {
    "Brand_Product_Size": "Woolworths 3d Gummy Cupcake 200g",
    "WOW Price": 2,
    "WOW Size": "200g",
    "WOW ppu": "$1.00 / 100G"
  },
  {
    "Brand_Product_Size": "Local Legends Beef Jerky Original 55g",
    "WOW Price": 4.3,
    "WOW Size": "55g",
    "WOW ppu": "$7.82 / 100G"
  },
  {
    "Brand_Product_Size": "Bellamy's Organic Baby Rice With Prebiotic 4+ Months 125g",
    "WOW Price": 4.2,
    "WOW Size": "125g",
    "WOW ppu": "$3.36 / 100G"
  },
  {
    "Brand_Product_Size": "Corams Pain Relief Gripe Water 200mL",
    "WOW Price": 8,
    "WOW Size": "200mL",
    "WOW ppu": "$4.00 / 100ML"
  },
  {
    "Brand_Product_Size": "St.dalfour Thick Apricot Spread 284g",
    "WOW Price": 4.5,
    "WOW Size": "284g",
    "WOW ppu": "$1.58 / 100G"
  },
  {
    "Brand_Product_Size": "Woolworths Fruit Drink 35% Tropical 6x250mL",
    "WOW Price": 2.65,
    "WOW Size": "6x250mL",
    "WOW ppu": "$1.77 / 1L"
  },
  {
    "Brand_Product_Size": "Woolworths Fruit Drink 35% Tropical 6x250mL",
    "WOW Price": 2.65,
    "WOW Size": "6x250mL",
    "WOW ppu": "$1.77 / 1L"
  },
  {
    "Brand_Product_Size": "Oscar Orsen Large Flat Hair Elastics Blonde 30 pack",
    "WOW Price": 6.8,
    "WOW Size": "30 pack",
    "WOW ppu": ""
  },
  {
    "Brand_Product_Size": "San Remo Lasagne Gluten Free 200g",
    "WOW Price": 4.2,
    "WOW Size": "200g",
    "WOW ppu": "$2.10 / 100G"
  },
  {
    "Brand_Product_Size": "Schweppes Raspberry Zero Sugar 1.1L",
    "WOW Price": 1.25,
    "WOW Size": "1.1L",
    "WOW ppu": "$1.14 / 1L"
  },
  {
    "Brand_Product_Size": "Picante Chargrilled Peppers Smoky Chipotle & Panela Cheese 170g",
    "WOW Price": 4.5,
    "WOW Size": "170g",
    "WOW ppu": "$2.65 / 100G"
  },
  {
    "Brand_Product_Size": "Masterfoods Classic Gherkin Relish 260g",
    "WOW Price": 2.7,
    "WOW Size": "260g",
    "WOW ppu": "$10.38 / 1KG"
  },
  {
    "Brand_Product_Size": "Australian Organic Food Co Pumpkin & Sweet Potato Soup Pouch 330g",
    "WOW Price": 4.5,
    "WOW Size": "330g",
    "WOW ppu": "$1.36 / 100G"
  },
  {
    "Brand_Product_Size": "Woolworths Beef & Lamb Meatballs 400g",
    "WOW Price": 7.5,
    "WOW Size": "400g",
    "WOW ppu": "$18.75 / 1KG"
  },
  {
    "Brand_Product_Size": "Inspire Embossed Bowl With Lid Large each",
    "WOW Price": 8,
    "WOW Size": "each",
    "WOW ppu": ""
  },
  {
    "Brand_Product_Size": "Jack Hammer Removable Strips Medium 8 pack",
    "WOW Price": 9,
    "WOW Size": "8 pack",
    "WOW ppu": "$1.13 / 1EA"
  },
  {
    "Brand_Product_Size": "Organic Choice Anti-bacterial Cleaning Wipes Lemongrass & Myrtle 96 pack",
    "WOW Price": 8,
    "WOW Size": "96 pack",
    "WOW ppu": "$0.08 / 1EA"
  },
  {
    "Brand_Product_Size": "Nivea Black & White Aerosol Antiperspirant Deodorant 250mL",
    "WOW Price": 6.5,
    "WOW Size": "250mL",
    "WOW ppu": "$2.60 / 100ML"
  },
  {
    "Brand_Product_Size": "Telfast Hay Fever Tablets 60mg 10 pack",
    "WOW Price": 6,
    "WOW Size": "10 pack",
    "WOW ppu": "$0.60 / 1EA"
  },
  {
    "Brand_Product_Size": "Toni & Guy Grooming Brush each",
    "WOW Price": 18.2,
    "WOW Size": "each",
    "WOW ppu": ""
  },
  {
    "Brand_Product_Size": "La Zuppa Microwave Soup Curry Laksa 420g",
    "WOW Price": 4,
    "WOW Size": "420g",
    "WOW ppu": "$0.95 / 100G"
  },
  {
    "Brand_Product_Size": "Energizer Photo Lithium 3v Batteries each",
    "WOW Price": 10,
    "WOW Size": "each",
    "WOW ppu": "$10.00 / 1EA"
  },
  {
    "Brand_Product_Size": "Noshu 97% Sugar Free Strawberry Donut 45g",
    "WOW Price": 3.75,
    "WOW Size": "45g",
    "WOW ppu": "$8.33 / 100G"
  },
  {
    "Brand_Product_Size": "Pine O Cleen Simply Multi Purpose Cleaner Trigger Grapefruit 500mL",
    "WOW Price": 5,
    "WOW Size": "500mL",
    "WOW ppu": "$1.00 / 100ML"
  },
  {
    "Brand_Product_Size": "Regal Easy Pet Pots Vita-mince Chicken & Roo 90g x8 pack",
    "WOW Price": 6,
    "WOW Size": "90g x8 pack",
    "WOW ppu": "$0.83 / 100G"
  },
  {
    "Brand_Product_Size": "First Response Test & Reassure Pregnancy Test 3 pack",
    "WOW Price": 20,
    "WOW Size": "3 pack",
    "WOW ppu": "$6.67 / 1EA"
  },
  {
    "Brand_Product_Size": "Tresemme Violet Blonde Shine Conditioner 675mL",
    "WOW Price": 6.5,
    "WOW Size": "675mL",
    "WOW ppu": "$0.96 / 100ML"
  },
  {
    "Brand_Product_Size": "Daly Potato Co. Bacon & Dijon Potato Salad 400g",
    "WOW Price": 5,
    "WOW Size": "400g",
    "WOW ppu": "$1.25 / 100G"
  },
  {
    "Brand_Product_Size": "Daly Potato Co. Bacon & Dijon Potato Salad 400g",
    "WOW Price": 5,
    "WOW Size": "400g",
    "WOW ppu": "$1.25 / 100G"
  },
  {
    "Brand_Product_Size": "Harris Coffee Beans Smooth 1kg",
    "WOW Price": 15,
    "WOW Size": "1kg",
    "WOW ppu": "$1.50 / 100G"
  },
  {
    "Brand_Product_Size": "Harris Coffee Beans Smooth 1kg",
    "WOW Price": 15,
    "WOW Size": "1kg",
    "WOW ppu": "$1.50 / 100G"
  },
  {
    "Brand_Product_Size": "Colgate Savacol Antiseptic Mouth & Throat Rinse 300mL",
    "WOW Price": 9.7,
    "WOW Size": "300mL",
    "WOW ppu": "$3.23 / 100ML"
  },
  {
    "Brand_Product_Size": "Darrell Lea All Sorts Liquorice 450g",
    "WOW Price": 6,
    "WOW Size": "450g",
    "WOW ppu": "$1.33 / 100G"
  },
  {
    "Brand_Product_Size": "Bref Fresh Boost Juicy Lemon 450mL",
    "WOW Price": 3.5,
    "WOW Size": "450mL",
    "WOW ppu": "$0.78 / 100ML"
  },
  {
    "Brand_Product_Size": "Herbal Essences Sulfate Free Potent Aloe & Eucalyptus Shampoo 400mL",
    "WOW Price": 10,
    "WOW Size": "400mL",
    "WOW ppu": "$2.50 / 100ML"
  },
  {
    "Brand_Product_Size": "Pantene Cheat Day Dry Shampoo Foam 169g",
    "WOW Price": 10.9,
    "WOW Size": "169g",
    "WOW ppu": "$6.45 / 100G"
  },
  {
    "Brand_Product_Size": "Farex Breakfast On The Go 6 Months Creamy Baby Porridge W/ Apple 120g",
    "WOW Price": 1.5,
    "WOW Size": "120g",
    "WOW ppu": "$1.25 / 100G"
  },
  {
    "Brand_Product_Size": "Sanitarium Up&go Yoghurt Wild Strawberry 120g",
    "WOW Price": 1.1,
    "WOW Size": "120g",
    "WOW ppu": "$0.92 / 100G"
  },
  {
    "Brand_Product_Size": "Urbane Mess Hair Pliable Putty 85g",
    "WOW Price": 8,
    "WOW Size": "85g",
    "WOW ppu": "$9.41 / 100G"
  },
  {
    "Brand_Product_Size": "Mccain Mansize Southern Style Chicken With Mac'n Cheese Peas & Corn 480g",
    "WOW Price": 8,
    "WOW Size": "480g",
    "WOW ppu": "$1.67 / 100G"
  },
  {
    "Brand_Product_Size": "The Salad Servers Salad Bean Medley 300g",
    "WOW Price": 6,
    "WOW Size": "300g",
    "WOW ppu": "$2.00 / 100G"
  },
  {
    "Brand_Product_Size": "The Salad Servers Salad Bean Medley 300g",
    "WOW Price": 6,
    "WOW Size": "300g",
    "WOW ppu": "$2.00 / 100G"
  },
  {
    "Brand_Product_Size": "The Salad Servers Salad Bean Medley 300g",
    "WOW Price": 6,
    "WOW Size": "300g",
    "WOW ppu": "$2.00 / 100G"
  },
  {
    "Brand_Product_Size": "Cuddly Concentrate Extra Care Fabric Conditioner Sea Spray 850mL",
    "WOW Price": 10,
    "WOW Size": "850mL",
    "WOW ppu": "$11.76 / 1L"
  },
  {
    "Brand_Product_Size": "Perfect Italiano Original Ricotta 250g",
    "WOW Price": 4.3,
    "WOW Size": "250g",
    "WOW ppu": "$17.20 / 1KG"
  },
  {
    "Brand_Product_Size": "Perfect Italiano Original Ricotta 250g",
    "WOW Price": 4.3,
    "WOW Size": "250g",
    "WOW ppu": "$17.20 / 1KG"
  },
  {
    "Brand_Product_Size": "Mighty Spice Chicken Curry 80g",
    "WOW Price": 4,
    "WOW Size": "80g",
    "WOW ppu": "$5.00 / 100G"
  },
  {
    "Brand_Product_Size": "Bundaberg Ginger Beer 375mL",
    "WOW Price": 2.9,
    "WOW Size": "375mL",
    "WOW ppu": "$7.73 / 1L"
  },
  {
    "Brand_Product_Size": "Five Tastes Thai Green Curry Paste 210g",
    "WOW Price": 3,
    "WOW Size": "210g",
    "WOW ppu": "$1.43 / 100G"
  },
  {
    "Brand_Product_Size": "Uncle Ben's Lightly Flavoured Garlic Rice 250g",
    "WOW Price": 3.25,
    "WOW Size": "250g",
    "WOW ppu": "$1.30 / 100G"
  },
  {
    "Brand_Product_Size": "Continental Cup A Soup Classic Hearty Beef 4 pack",
    "WOW Price": 2,
    "WOW Size": "4 pack",
    "WOW ppu": "$3.64 / 100G"
  },
  {
    "Brand_Product_Size": "Barkers Anathoth Farm Three Berry Jam 455g",
    "WOW Price": 4,
    "WOW Size": "455g",
    "WOW ppu": "$0.88 / 100G"
  },
  {
    "Brand_Product_Size": "The Complete Dairy Full Cream Milk 1L",
    "WOW Price": 2.5,
    "WOW Size": "1L",
    "WOW ppu": "$2.50 / 1L"
  },
  {
    "Brand_Product_Size": "Culinare Magican Can Opener each",
    "WOW Price": 14.4,
    "WOW Size": "each",
    "WOW ppu": ""
  },
  {
    "Brand_Product_Size": "Pantene Pro V Blends Micellar Shampoo 530mL",
    "WOW Price": 10.8,
    "WOW Size": "530mL",
    "WOW ppu": "$2.04 / 100ML"
  },
  {
    "Brand_Product_Size": "Decor Go Bento Box 2L",
    "WOW Price": 7.5,
    "WOW Size": "2L",
    "WOW ppu": ""
  },
  {
    "Brand_Product_Size": "Macro Flavoured Textured Vegetable Protein Asian 100g",
    "WOW Price": 4,
    "WOW Size": "100g",
    "WOW ppu": "$4.00 / 100G"
  },
  {
    "Brand_Product_Size": "Corelle Winter Frost White Rice Bowl 354ml each",
    "WOW Price": 6,
    "WOW Size": "each",
    "WOW ppu": ""
  },
  {
    "Brand_Product_Size": "Trident Chilli Sauce Sweet Chilli 730mL",
    "WOW Price": 4.3,
    "WOW Size": "730mL",
    "WOW ppu": "$0.59 / 100ML"
  },
  {
    "Brand_Product_Size": "John West Street Asian Tuna Malaysian Curry 95g",
    "WOW Price": 1.15,
    "WOW Size": "95g",
    "WOW ppu": "$12.11 / 1KG"
  },
  {
    "Brand_Product_Size": "Fantastic Cup Noodles Chicken 6 pack",
    "WOW Price": 6,
    "WOW Size": "6 pack",
    "WOW ppu": "$1.43 / 100G"
  },
  {
    "Brand_Product_Size": "Old El Paso Refried Beans 435g",
    "WOW Price": 3,
    "WOW Size": "435g",
    "WOW ppu": "$0.69 / 100G"
  },
  {
    "Brand_Product_Size": "Jade Phoenix Mix Assorted Mushroom Mushroom Mix Assorted 100g",
    "WOW Price": 3.25,
    "WOW Size": "100g",
    "WOW ppu": "$32.50 / 1KG"
  },
  {
    "Brand_Product_Size": "E45 Moisturising Cream Pump For Dry Skin & Eczema 500g",
    "WOW Price": 27,
    "WOW Size": "500g",
    "WOW ppu": "$5.40 / 100G"
  },
  {
    "Brand_Product_Size": "Cover Girl Perfect Blend Eye Pencil 130 Smokey Taupe each",
    "WOW Price": 6.5,
    "WOW Size": "each",
    "WOW ppu": "$6.50 / 1EA"
  },
  {
    "Brand_Product_Size": "Tommee Tippee Closer To Nature Feeding Bottles 340ml 2 pack",
    "WOW Price": 14,
    "WOW Size": "2 pack",
    "WOW ppu": "$7.00 / 1EA"
  },
  {
    "Brand_Product_Size": "Woolworths Microwave Quick Pasta Penne 300g",
    "WOW Price": 2.5,
    "WOW Size": "300g",
    "WOW ppu": "$0.83 / 100G"
  },
  {
    "Brand_Product_Size": "Natures Commonscents Goats Milk Body Wash 600mL",
    "WOW Price": 7.5,
    "WOW Size": "600mL",
    "WOW ppu": "$1.25 / 100ML"
  },
  {
    "Brand_Product_Size": "Telstra Essential Smart 3 each",
    "WOW Price": 99,
    "WOW Size": "each",
    "WOW ppu": ""
  },
  {
    "Brand_Product_Size": "Maharajah's Choice Cardamom Green Pods 50g",
    "WOW Price": 4.8,
    "WOW Size": "50g",
    "WOW ppu": "$9.60 / 100G"
  },
  {
    "Brand_Product_Size": "Oscar Orsen Hair Claw Grip each",
    "WOW Price": 5.25,
    "WOW Size": "each",
    "WOW ppu": ""
  },
  {
    "Brand_Product_Size": "Omo Ultimate Laundry Liquid Detergent Front & Top Loader 1.8L",
    "WOW Price": 22,
    "WOW Size": "1.8L",
    "WOW ppu": "$12.22 / 1L"
  },
  {
    "Brand_Product_Size": "Optimum Ocean Fish Adult Dry Cat Food 2kg",
    "WOW Price": 13.5,
    "WOW Size": "2kg",
    "WOW ppu": "$0.68 / 100G"
  },
  {
    "Brand_Product_Size": "Nice & Natural Nut Bar Chocolate 6 pack",
    "WOW Price": 2,
    "WOW Size": "6 pack",
    "WOW ppu": "$1.04 / 100G"
  },
  {
    "Brand_Product_Size": "Nice & Natural Nut Bar Chocolate 6 pack",
    "WOW Price": 2,
    "WOW Size": "6 pack",
    "WOW ppu": "$1.04 / 100G"
  },
  {
    "Brand_Product_Size": "Nivea Men Sensitive Protect Aerosol Antiperspirant Deodorant 250mL",
    "WOW Price": 6.5,
    "WOW Size": "250mL",
    "WOW ppu": "$2.60 / 100ML"
  },
  {
    "Brand_Product_Size": "Kenco Good Vibes Air Freshener New Car each",
    "WOW Price": 2.5,
    "WOW Size": "each",
    "WOW ppu": "$2.50 / 1EA"
  },
  {
    "Brand_Product_Size": "Palmolive Naturals Body Wash Anti Stress Shower Gel 500mL",
    "WOW Price": 3.8,
    "WOW Size": "500mL",
    "WOW ppu": "$0.76 / 100ML"
  },
  {
    "Brand_Product_Size": "Halo Top Plant Based Peanut Butter Choc Overload Frozen Dessert 473mL",
    "WOW Price": 7,
    "WOW Size": "473mL",
    "WOW ppu": "$1.48 / 100ML"
  },
  {
    "Brand_Product_Size": "De Costi Whiting Fillets Crumbed 275g",
    "WOW Price": 10,
    "WOW Size": "275g",
    "WOW ppu": "$36.36 / 1KG"
  },
  {
    "Brand_Product_Size": "Love'em Puppy Rewards Dog Treats 200g",
    "WOW Price": 6,
    "WOW Size": "200g",
    "WOW ppu": "$3.00 / 100G"
  },
  {
    "Brand_Product_Size": "Woolworths Diced Pumpkin & Sweet Potato 500g",
    "WOW Price": 4,
    "WOW Size": "500g",
    "WOW ppu": "$8.00 / 1KG"
  },
  {
    "Brand_Product_Size": "Tassal Hot Smoked Salmon Peppercorn 150g",
    "WOW Price": 9,
    "WOW Size": "150g",
    "WOW ppu": "$60.00 / 1KG"
  },
  {
    "Brand_Product_Size": "L'oreal Paris Golden Age Night Cream Rich 50mL",
    "WOW Price": 22.2,
    "WOW Size": "50mL",
    "WOW ppu": "$44.40 / 100ML"
  },
  {
    "Brand_Product_Size": "Woolworths Turmeric & Vegetable Rice 300g",
    "WOW Price": 4,
    "WOW Size": "300g",
    "WOW ppu": "$1.33 / 100G"
  },
  {
    "Brand_Product_Size": "Glad Resealable Snack Bags 60 pack",
    "WOW Price": 3.3,
    "WOW Size": "60 pack",
    "WOW ppu": "$0.06 / 1EA"
  },
  {
    "Brand_Product_Size": "Glad Resealable Snack Bags 60 pack",
    "WOW Price": 3.3,
    "WOW Size": "60 pack",
    "WOW ppu": "$0.06 / 1EA"
  },
  {
    "Brand_Product_Size": "Woolworths Simply Roast Beef Marinated In A Classic Herb Mix 900g - 1.65kg",
    "WOW Price": 21.45,
    "WOW Size": "900g - 1.65kg",
    "WOW ppu": "$13.00 / 1KG"
  },
  {
    "Brand_Product_Size": "Hans Danish Salami Knobs 200g",
    "WOW Price": 8.5,
    "WOW Size": "200g",
    "WOW ppu": "$42.50 / 1KG"
  },
  {
    "Brand_Product_Size": "Mtr Ready To Eat Pav Bhaji 300g",
    "WOW Price": 2.75,
    "WOW Size": "300g",
    "WOW ppu": "$0.92 / 100G"
  },
  {
    "Brand_Product_Size": "Coco Earth Satay Chicken With Jasmine Rice 400g",
    "WOW Price": 3.5,
    "WOW Size": "400g",
    "WOW ppu": "$0.88 / 100G"
  },
  {
    "Brand_Product_Size": "Woolworths Tomato Sauce Squeeze 500mL",
    "WOW Price": 1.5,
    "WOW Size": "500mL",
    "WOW ppu": "$0.30 / 100ML"
  },
  {
    "Brand_Product_Size": "Armada Metallic Paper Cups Assorted 10 pack",
    "WOW Price": 3,
    "WOW Size": "10 pack",
    "WOW ppu": "$0.30 / 1EA"
  },
  {
    "Brand_Product_Size": "Frys Chocolate Bar Peppermint Cream 49g",
    "WOW Price": 2.6,
    "WOW Size": "49g",
    "WOW ppu": "$5.31 / 100G"
  },
  {
    "Brand_Product_Size": "Mud Lip Pencil Dusty Pink 0.95g",
    "WOW Price": 5.5,
    "WOW Size": "0.95g",
    "WOW ppu": "$5.50 / 1EA"
  },
  {
    "Brand_Product_Size": "Mutti Whole Peeled Tomatoes 400g",
    "WOW Price": 1.7,
    "WOW Size": "400g",
    "WOW ppu": "$4.25 / 1KG"
  },
  {
    "Brand_Product_Size": "Doritos Medium Salsa 300g",
    "WOW Price": 2.5,
    "WOW Size": "300g",
    "WOW ppu": "$0.83 / 100G"
  },
  {
    "Brand_Product_Size": "Woolworths Cloves Ground 30g",
    "WOW Price": 3.2,
    "WOW Size": "30g",
    "WOW ppu": "$1.07 / 10G"
  },
  {
    "Brand_Product_Size": "Rexona Men Antiperspirant Aerosol Deodorant Sport Fresh 250mL",
    "WOW Price": 5,
    "WOW Size": "250mL",
    "WOW ppu": "$2.00 / 100ML"
  },
  {
    "Brand_Product_Size": "Streets Blue Ribbon Light Vanilla Ice Cream 2L",
    "WOW Price": 4.9,
    "WOW Size": "2L",
    "WOW ppu": "$0.25 / 100ML"
  },
  {
    "Brand_Product_Size": "Pine O Cleen Surface Wipes 180 pack",
    "WOW Price": 12,
    "WOW Size": "180 pack",
    "WOW ppu": "$0.07 / 1EA"
  },
  {
    "Brand_Product_Size": "Chupa Chups Assorted Flavour Lollipops 6 pack",
    "WOW Price": 2,
    "WOW Size": "6 pack",
    "WOW ppu": "$2.22 / 100G"
  },
  {
    "Brand_Product_Size": "Ambi Pur Air Bathroom Spray Garden Fresh 275g",
    "WOW Price": 7,
    "WOW Size": "275g",
    "WOW ppu": "$2.55 / 100G"
  },
  {
    "Brand_Product_Size": "Olay Scrubs Detoxifying Vitamin C & Black Charcoal 125mL",
    "WOW Price": 19,
    "WOW Size": "125mL",
    "WOW ppu": "$15.20 / 100ML"
  },
  {
    "Brand_Product_Size": "Sabco Slide-to-wring Hands Free Mop Refill each",
    "WOW Price": 6,
    "WOW Size": "each",
    "WOW ppu": "$6.00 / 1EA"
  },
  {
    "Brand_Product_Size": "Whiskas 1+ Years Mixed Favourites In Gravy 12 x85g",
    "WOW Price": 8,
    "WOW Size": "12 x85g",
    "WOW ppu": "$0.78 / 100G"
  },
  {
    "Brand_Product_Size": "Well Naturally No Sugar Added Milk Choc Coconut 90g",
    "WOW Price": 3.5,
    "WOW Size": "90g",
    "WOW ppu": "$3.89 / 100G"
  },
  {
    "Brand_Product_Size": "Bff Best Furry Friends Mystery each",
    "WOW Price": 4,
    "WOW Size": "each",
    "WOW ppu": ""
  },
  {
    "Brand_Product_Size": "Gardener Mixed Blossom Honey 400g",
    "WOW Price": 4.7,
    "WOW Size": "400g",
    "WOW ppu": "$1.18 / 100G"
  },
  {
    "Brand_Product_Size": "Woolworths Sweet & Salty Microwave Popcorn 100g",
    "WOW Price": 0.95,
    "WOW Size": "100g",
    "WOW ppu": "$0.95 / 100G"
  },
  {
    "Brand_Product_Size": "Doritos Corn Chips Cheese Supreme 60g",
    "WOW Price": 2.1,
    "WOW Size": "60g",
    "WOW ppu": "$3.50 / 100G"
  },
  {
    "Brand_Product_Size": "Farmers Union Greek Style Yogurt Pouch Natural 130g",
    "WOW Price": 1.5,
    "WOW Size": "130g",
    "WOW ppu": "$1.15 / 100G"
  },
  {
    "Brand_Product_Size": "Woolworths Lamb Leg Steak 270g",
    "WOW Price": 7.5,
    "WOW Size": "270g",
    "WOW ppu": "$27.78 / 1KG"
  },
  {
    "Brand_Product_Size": "Peters Light & Creamy Choc Caramel & Vanilla Swirl Ice Cream 1.8L",
    "WOW Price": 5,
    "WOW Size": "1.8L",
    "WOW ppu": "$0.28 / 100ML"
  },
  {
    "Brand_Product_Size": "Riviana Bamboo Shoots 230g",
    "WOW Price": 1.75,
    "WOW Size": "230g",
    "WOW ppu": "$7.61 / 1KG"
  },
  {
    "Brand_Product_Size": "Maggi Side Dish Creamy Cheese Garlic Potato Bake 24g",
    "WOW Price": 1.75,
    "WOW Size": "24g",
    "WOW ppu": "$7.29 / 100G"
  },
  {
    "Brand_Product_Size": "Lindt 70% Cocoa Bag 123g",
    "WOW Price": 6,
    "WOW Size": "123g",
    "WOW ppu": "$4.88 / 100G"
  },
  {
    "Brand_Product_Size": "Nicorette Quit Smoking Gum Icy Mint Reg Strength 2mg 75 pack",
    "WOW Price": 29,
    "WOW Size": "75 pack",
    "WOW ppu": "$38.67 / 100EA"
  },
  {
    "Brand_Product_Size": "Kleenex Large & Thick Aloe Vera & Vitamin E Facial Tissues 70 pack",
    "WOW Price": 2.6,
    "WOW Size": "70 pack",
    "WOW ppu": "$3.71 / 100SS"
  },
  {
    "Brand_Product_Size": "Kleenex Large & Thick Aloe Vera & Vitamin E Facial Tissues 70 pack",
    "WOW Price": 2.6,
    "WOW Size": "70 pack",
    "WOW ppu": "$3.71 / 100SS"
  },
  {
    "Brand_Product_Size": "Schwarzkopf Extra Care Powder Instant Volume 10g",
    "WOW Price": 9,
    "WOW Size": "10g",
    "WOW ppu": "$90.00 / 100G"
  },
  {
    "Brand_Product_Size": "Weight Watchers Macadamia & Cranberry Bars 4 pack",
    "WOW Price": 3.7,
    "WOW Size": "4 pack",
    "WOW ppu": "$2.72 / 100G"
  },
  {
    "Brand_Product_Size": "Cc's Three Cheese Fiesta Chips 175g",
    "WOW Price": 3.5,
    "WOW Size": "175g",
    "WOW ppu": "$2.00 / 100G"
  },
  {
    "Brand_Product_Size": "Masterfoods Aussie Farmers Tomato Sauce 500mL",
    "WOW Price": 2.5,
    "WOW Size": "500mL",
    "WOW ppu": "$0.50 / 100ML"
  },
  {
    "Brand_Product_Size": "Red Seal Lemon & Lime Hot Or Cold Brew Tea 20 pack",
    "WOW Price": 4.5,
    "WOW Size": "20 pack",
    "WOW ppu": "$0.23 / 1EA"
  },
  {
    "Brand_Product_Size": "Red Seal Lemon & Lime Hot Or Cold Brew Tea 20 pack",
    "WOW Price": 4.5,
    "WOW Size": "20 pack",
    "WOW ppu": "$0.23 / 1EA"
  },
  {
    "Brand_Product_Size": "Swisse Charcoal Face Wash For Men 120mL",
    "WOW Price": 12,
    "WOW Size": "120mL",
    "WOW ppu": "$10.00 / 100ML"
  },
  {
    "Brand_Product_Size": "Fehlbergs Onions Pickled 500g",
    "WOW Price": 4.8,
    "WOW Size": "500g",
    "WOW ppu": "$9.60 / 1KG"
  },
  {
    "Brand_Product_Size": "Glee Blue Lemonade Flavoured Cordial 350mL",
    "WOW Price": 1.5,
    "WOW Size": "350mL",
    "WOW ppu": "$4.29 / 1L"
  },
  {
    "Brand_Product_Size": "Oh So Comfy Satin Eye Mask each",
    "WOW Price": 7,
    "WOW Size": "each",
    "WOW ppu": ""
  },
  {
    "Brand_Product_Size": "L'oreal Men Expert Barber Club Matte Molding Clay Medium Hold 75mL",
    "WOW Price": 9,
    "WOW Size": "75mL",
    "WOW ppu": "$12.00 / 100ML"
  },
  {
    "Brand_Product_Size": "For Her Bikini Assorted 10-12 5 pack",
    "WOW Price": 10,
    "WOW Size": "5 pack",
    "WOW ppu": ""
  },
  {
    "Brand_Product_Size": "Cool Pak Cheese Popcorn Multipacks 11g x6 pack",
    "WOW Price": 3.15,
    "WOW Size": "11g x6 pack",
    "WOW ppu": "$47.73 / 1KG"
  },
  {
    "Brand_Product_Size": "Impulse Body Spray Aerosol Deodorant Illusions 75mL",
    "WOW Price": 4,
    "WOW Size": "75mL",
    "WOW ppu": "$5.33 / 100ML"
  },
  {
    "Brand_Product_Size": "Decor Match Ups Clips Juice Jug 2.4l each",
    "WOW Price": 16,
    "WOW Size": "each",
    "WOW ppu": ""
  },
  {
    "Brand_Product_Size": "Pura Pure Cream 300mL",
    "WOW Price": 3,
    "WOW Size": "300mL",
    "WOW ppu": "$1.00 / 100ML"
  },
  {
    "Brand_Product_Size": "No Nasties Sugar Free-zies Frozen 2 Summer Fruity Flavours 60mL x15 pack",
    "WOW Price": 3.5,
    "WOW Size": "60mL x15 pack",
    "WOW ppu": "$0.39 / 100ML"
  },
  {
    "Brand_Product_Size": "Old El Paso Nacho Kit 505g",
    "WOW Price": 6.5,
    "WOW Size": "505g",
    "WOW ppu": "$1.29 / 100G"
  },
  {
    "Brand_Product_Size": "Listerine Fresh Burst Mouthwash 250mL",
    "WOW Price": 4.7,
    "WOW Size": "250mL",
    "WOW ppu": "$1.88 / 100ML"
  },
  {
    "Brand_Product_Size": "San Marino Artisan Sriracha Salami 200g",
    "WOW Price": 8.5,
    "WOW Size": "200g",
    "WOW ppu": "$42.50 / 1KG"
  },
  {
    "Brand_Product_Size": "Revlon Age Defying Firm & Lift Make Up Natural Beige 30mL",
    "WOW Price": 20,
    "WOW Size": "30mL",
    "WOW ppu": "$6.67 / 10ML"
  },
  {
    "Brand_Product_Size": "Oli & Vine Balsamic And Fig 250mL",
    "WOW Price": 5,
    "WOW Size": "250mL",
    "WOW ppu": "$2.00 / 100ML"
  },
  {
    "Brand_Product_Size": "Nivea Men Shower Gel & Body Wash For Sensitive Skin 500mL",
    "WOW Price": 6,
    "WOW Size": "500mL",
    "WOW ppu": "$1.20 / 100ML"
  },
  {
    "Brand_Product_Size": "Balnea Body Wash Jasmine Coconut & Vanilla 500mL",
    "WOW Price": 6,
    "WOW Size": "500mL",
    "WOW ppu": "$1.20 / 100ML"
  },
  {
    "Brand_Product_Size": "Praise Deli Style Balsamic & Roasted Garlic 250mL",
    "WOW Price": 2.95,
    "WOW Size": "250mL",
    "WOW ppu": "$1.18 / 100ML"
  },
  {
    "Brand_Product_Size": "Covergirl Clean Fresh Skin Milk Foundation Medium 30mL",
    "WOW Price": 10,
    "WOW Size": "30mL",
    "WOW ppu": "$3.33 / 10ML"
  },
  {
    "Brand_Product_Size": "Arnott's Mini Scotch Finger 8 pack",
    "WOW Price": 3,
    "WOW Size": "8 pack",
    "WOW ppu": "$1.50 / 100G"
  },
  {
    "Brand_Product_Size": "Arnott's Mini Scotch Finger 8 pack",
    "WOW Price": 3,
    "WOW Size": "8 pack",
    "WOW ppu": "$1.50 / 100G"
  },
  {
    "Brand_Product_Size": "Mistral 4 Pie Maker each",
    "WOW Price": 29,
    "WOW Size": "each",
    "WOW ppu": ""
  },
  {
    "Brand_Product_Size": "Yeo's Isoy Soy Bean Milk Drink 300mL",
    "WOW Price": 0.8,
    "WOW Size": "300mL",
    "WOW ppu": "$0.27 / 100ML"
  },
  {
    "Brand_Product_Size": "Masterfoods Loaded Fries Topper Nacho Cheese 160g",
    "WOW Price": 2.7,
    "WOW Size": "160g",
    "WOW ppu": "$1.69 / 100G"
  },
  {
    "Brand_Product_Size": "Golden Circle Beetroot Sliced 225g",
    "WOW Price": 1.2,
    "WOW Size": "225g",
    "WOW ppu": "$5.33 / 1KG"
  },
  {
    "Brand_Product_Size": "Vittoria Espressotoria Maragogype Coffee Capsules 12 pack",
    "WOW Price": 5.88,
    "WOW Size": "12 pack",
    "WOW ppu": "$0.49 / 1EA"
  },
  {
    "Brand_Product_Size": "Vittoria Espressotoria Maragogype Coffee Capsules 12 pack",
    "WOW Price": 5.88,
    "WOW Size": "12 pack",
    "WOW ppu": "$0.49 / 1EA"
  },
  {
    "Brand_Product_Size": "Applaws Cat Food Oceanfish With Salmon 450g",
    "WOW Price": 5,
    "WOW Size": "450g",
    "WOW ppu": "$1.11 / 100G"
  },
  {
    "Brand_Product_Size": "One Night In Mexico Smokey Chipotle Seasoning 35g",
    "WOW Price": 2.5,
    "WOW Size": "35g",
    "WOW ppu": "$7.14 / 100G"
  },
  {
    "Brand_Product_Size": "Poonsin Canned Stir Fry Vegetables Mixed 425g",
    "WOW Price": 2.35,
    "WOW Size": "425g",
    "WOW ppu": "$5.53 / 1KG"
  },
  {
    "Brand_Product_Size": "Applaws Dry Cat Food: Chicken 450g",
    "WOW Price": 5,
    "WOW Size": "450g",
    "WOW ppu": "$1.11 / 100G"
  },
  {
    "Brand_Product_Size": "Masterfoods Marinade Satay 375g",
    "WOW Price": 2.5,
    "WOW Size": "375g",
    "WOW ppu": "$0.67 / 100G"
  },
  {
    "Brand_Product_Size": "Twinings Raspberry Strawberry & Loganberry Tea Bags 10 pack 15g",
    "WOW Price": 2.9,
    "WOW Size": "10 pack 15g",
    "WOW ppu": "$0.29 / 1EA"
  },
  {
    "Brand_Product_Size": "Twinings Raspberry Strawberry & Loganberry Tea Bags 10 pack 15g",
    "WOW Price": 2.9,
    "WOW Size": "10 pack 15g",
    "WOW ppu": "$0.29 / 1EA"
  },
  {
    "Brand_Product_Size": "Colgate Total Charcoal Toothpaste 200g",
    "WOW Price": 8,
    "WOW Size": "200g",
    "WOW ppu": "$4.00 / 100G"
  },
  {
    "Brand_Product_Size": "Essentials Paper Straws White 30 pack",
    "WOW Price": 1,
    "WOW Size": "30 pack",
    "WOW ppu": ""
  },
  {
    "Brand_Product_Size": "Swisse Deep Face Scrub For Men 120mL",
    "WOW Price": 12,
    "WOW Size": "120mL",
    "WOW ppu": ""
  },
  {
    "Brand_Product_Size": "Spc Apple Puree 4 pack 480g",
    "WOW Price": 4,
    "WOW Size": "4 pack 480g",
    "WOW ppu": "$8.33 / 1KG"
  },
  {
    "Brand_Product_Size": "Spc Apple Puree 4 pack 480g",
    "WOW Price": 4,
    "WOW Size": "4 pack 480g",
    "WOW ppu": "$8.33 / 1KG"
  },
  {
    "Brand_Product_Size": "Ryvita Thins Flatbread Cheddar & Black Pepper 125g",
    "WOW Price": 2,
    "WOW Size": "125g",
    "WOW ppu": "$1.60 / 100G"
  },
  {
    "Brand_Product_Size": "Hapi Dry Roasted Edamame 100g",
    "WOW Price": 2.5,
    "WOW Size": "100g",
    "WOW ppu": "$2.50 / 100G"
  },
  {
    "Brand_Product_Size": "Glad Cling Wrap 150m",
    "WOW Price": 9.95,
    "WOW Size": "150m",
    "WOW ppu": "$0.07 / 1M"
  },
  {
    "Brand_Product_Size": "Glad Cling Wrap 150m",
    "WOW Price": 9.95,
    "WOW Size": "150m",
    "WOW ppu": "$0.07 / 1M"
  },
  {
    "Brand_Product_Size": "Pantene Pro-v Sheer Volume Conditioner 375mL",
    "WOW Price": 4,
    "WOW Size": "375mL",
    "WOW ppu": "$1.07 / 100ML"
  },
  {
    "Brand_Product_Size": "Nutella B-ready 6 pack",
    "WOW Price": 4,
    "WOW Size": "6 pack",
    "WOW ppu": "$3.03 / 100G"
  },
  {
    "Brand_Product_Size": "Underworks Mens Sport Quarter Crew White 7 To 10 3 pack",
    "WOW Price": 9,
    "WOW Size": "3 pack",
    "WOW ppu": ""
  },
  {
    "Brand_Product_Size": "Uncle Tobys Cereal Oat Crisp Honey & Macadamia 475g",
    "WOW Price": 5,
    "WOW Size": "475g",
    "WOW ppu": "$1.05 / 100G"
  },
  {
    "Brand_Product_Size": "Lindt Excellence Milk Chocolate Seasalt & Caramel 100g bLock",
    "WOW Price": 2.7,
    "WOW Size": "100g bLock",
    "WOW ppu": "$2.70 / 100G"
  },
  {
    "Brand_Product_Size": "Kleenex Eco 100% Bamboo Fibre Double Length Toilet Paper 8 pack",
    "WOW Price": 14.5,
    "WOW Size": "8 pack",
    "WOW ppu": "$0.50 / 100SS"
  },
  {
    "Brand_Product_Size": "Val Verde Basil & Oregano Pizza Sauce 280g",
    "WOW Price": 2.8,
    "WOW Size": "280g",
    "WOW ppu": "$1.00 / 100G"
  },
  {
    "Brand_Product_Size": "Eveready Gold Aaa Batteries 20 pack",
    "WOW Price": 20,
    "WOW Size": "20 pack",
    "WOW ppu": "$1.00 / 1EA"
  },
  {
    "Brand_Product_Size": "Ritz Dipz Sour Cream & Chives 185g",
    "WOW Price": 2,
    "WOW Size": "185g",
    "WOW ppu": "$1.08 / 100G"
  },
  {
    "Brand_Product_Size": "Mr Chen's Chive & Prawn Wonton 240g",
    "WOW Price": 7.5,
    "WOW Size": "240g",
    "WOW ppu": "$3.13 / 100G"
  },
  {
    "Brand_Product_Size": "Bubble Solution Assorted 1L",
    "WOW Price": 3,
    "WOW Size": "1L",
    "WOW ppu": ""
  },
  {
    "Brand_Product_Size": "Aunt Betty's Chocolate Steamy Puds 2x95g",
    "WOW Price": 4,
    "WOW Size": "2x95g",
    "WOW ppu": "$2.11 / 100G"
  },
  {
    "Brand_Product_Size": "The Collective Probiotic Kefir Yoghurt With Super Berries & Echinacea 500g",
    "WOW Price": 4,
    "WOW Size": "500g",
    "WOW ppu": "$0.80 / 100G"
  },
  {
    "Brand_Product_Size": "Thursday Plantation Tea Tree Antiseptic Spray 100mL",
    "WOW Price": 9.2,
    "WOW Size": "100mL",
    "WOW ppu": "$9.20 / 100ML"
  },
  {
    "Brand_Product_Size": "Raid Max Auto Refill Odourless 185g",
    "WOW Price": 17.5,
    "WOW Size": "185g",
    "WOW ppu": "$9.46 / 100G"
  },
  {
    "Brand_Product_Size": "Vitasoy Soy & Protein Unsweetened Milk 1L",
    "WOW Price": 4.5,
    "WOW Size": "1L",
    "WOW ppu": "$4.50 / 1L"
  },
  {
    "Brand_Product_Size": "Vitasoy Soy & Protein Unsweetened Milk 1L",
    "WOW Price": 4.5,
    "WOW Size": "1L",
    "WOW ppu": "$4.50 / 1L"
  },
  {
    "Brand_Product_Size": "Sally Hansen Xtreme Wear Nail Polish Cloud Shine 11.8mL",
    "WOW Price": 3.5,
    "WOW Size": "11.8mL",
    "WOW ppu": "$2.97 / 10ML"
  },
  {
    "Brand_Product_Size": "Dove Men Antiperspirant Aerosol Deodorant Clean Comfort 254mL",
    "WOW Price": 3.5,
    "WOW Size": "254mL",
    "WOW ppu": "$1.38 / 100ML"
  },
  {
    "Brand_Product_Size": "Maybelline Superstay Matte Ink Liquid Lipstick - Pioneer 20 5mL",
    "WOW Price": 11,
    "WOW Size": "5mL",
    "WOW ppu": "$22.00 / 10ML"
  },
  {
    "Brand_Product_Size": "Essentials Iron Aid 400g",
    "WOW Price": 1.59,
    "WOW Size": "400g",
    "WOW ppu": "$3.98 / 1KG"
  },
  {
    "Brand_Product_Size": "Heinz Smooth Food 6 Months Creamy Banana Porridge 110g",
    "WOW Price": 1,
    "WOW Size": "110g",
    "WOW ppu": "$0.91 / 100G"
  },
  {
    "Brand_Product_Size": "Masterfoods Thai Green Curry Recipe Base 175g",
    "WOW Price": 2.2,
    "WOW Size": "175g",
    "WOW ppu": "$1.26 / 100G"
  },
  {
    "Brand_Product_Size": "Chris' Dips Sweet Potato & Cashew 200g",
    "WOW Price": 3.5,
    "WOW Size": "200g",
    "WOW ppu": "$1.75 / 100G"
  },
  {
    "Brand_Product_Size": "Mint Bottle Opener Stainless Steel each",
    "WOW Price": 1,
    "WOW Size": "each",
    "WOW ppu": ""
  },
  {
    "Brand_Product_Size": "Mentos Fruit Chews 37.5g roLL",
    "WOW Price": 1,
    "WOW Size": "37.5g roLL",
    "WOW ppu": "$2.67 / 100G"
  },
  {
    "Brand_Product_Size": "Dollar Sweets Happy Birthday Silver Cake Topper each",
    "WOW Price": 3,
    "WOW Size": "each",
    "WOW ppu": "$3.00 / 1EA"
  },
  {
    "Brand_Product_Size": "Uncle Tobys Oats Traditional Porridge 500g",
    "WOW Price": 4.25,
    "WOW Size": "500g",
    "WOW ppu": "$0.85 / 100G"
  },
  {
    "Brand_Product_Size": "Nicabate Quit Smoking Extra Fresh Mint Gum 2 Mg 100 pack",
    "WOW Price": 28,
    "WOW Size": "100 pack",
    "WOW ppu": "$28.00 / 100EA"
  },
  {
    "Brand_Product_Size": "Hot Pot Casserole Base French Onion 80g",
    "WOW Price": 2.99,
    "WOW Size": "80g",
    "WOW ppu": "$3.74 / 100G"
  },
  {
    "Brand_Product_Size": "Continental Nutrish Soup Tomtation 123g",
    "WOW Price": 4.3,
    "WOW Size": "123g",
    "WOW ppu": "$3.50 / 100G"
  },
  {
    "Brand_Product_Size": "Vital Strength Muscle Plus Protein Powder Vanilla 720g",
    "WOW Price": 29.75,
    "WOW Size": "720g",
    "WOW ppu": "$4.13 / 100G"
  },
  {
    "Brand_Product_Size": "Revlon Colorstay Brow Fibre Filler Brow Gel each",
    "WOW Price": 11.5,
    "WOW Size": "each",
    "WOW ppu": "$16.91 / 10ML"
  },
  {
    "Brand_Product_Size": "Devondale Vital Kids Vitamin Milk Vanilla Thrilla 3 pack",
    "WOW Price": 3,
    "WOW Size": "3 pack",
    "WOW ppu": "$5.00 / 1L"
  },
  {
    "Brand_Product_Size": "Sharwood's Paste Korma Mild 280g",
    "WOW Price": 4.5,
    "WOW Size": "280g",
    "WOW ppu": "$1.61 / 100G"
  },
  {
    "Brand_Product_Size": "Rexona Women Advanced Protection Antiperspirant Shower Fresh 220mL",
    "WOW Price": 7.5,
    "WOW Size": "220mL",
    "WOW ppu": "$3.41 / 100ML"
  },
  {
    "Brand_Product_Size": "Maped Sharpener 1 Hole Shaker each",
    "WOW Price": 2.5,
    "WOW Size": "each",
    "WOW ppu": ""
  },
  {
    "Brand_Product_Size": "Bic Razor Disposable Twin Easy Sensitive 10 pack",
    "WOW Price": 4,
    "WOW Size": "10 pack",
    "WOW ppu": "$0.40 / 1EA"
  },
  {
    "Brand_Product_Size": "Woolworths Banana Muffin Bars 10 pack",
    "WOW Price": 5,
    "WOW Size": "10 pack",
    "WOW ppu": "$1.25 / 100G"
  },
  {
    "Brand_Product_Size": "Arizona Iced Tea Peach 1.5L",
    "WOW Price": 3.4,
    "WOW Size": "1.5L",
    "WOW ppu": "$2.27 / 1L"
  },
  {
    "Brand_Product_Size": "Oscar Orsen Small Thin Elastic Black 30 pack",
    "WOW Price": 4.5,
    "WOW Size": "30 pack",
    "WOW ppu": ""
  },
  {
    "Brand_Product_Size": "Woolworths Cream Cheese 250g",
    "WOW Price": 2.75,
    "WOW Size": "250g",
    "WOW ppu": "$11.00 / 1KG"
  },
  {
    "Brand_Product_Size": "San Marino Sopressa Mild Salami 100g",
    "WOW Price": 5.5,
    "WOW Size": "100g",
    "WOW ppu": "$55.00 / 1KG"
  },
  {
    "Brand_Product_Size": "Green's Cake Mix Caramel Mud 600g",
    "WOW Price": 4,
    "WOW Size": "600g",
    "WOW ppu": "$0.67 / 100G"
  },
  {
    "Brand_Product_Size": "Sandhurst Tomatoes Sundried Strips 125g",
    "WOW Price": 4,
    "WOW Size": "125g",
    "WOW ppu": "$32.00 / 1KG"
  },
  {
    "Brand_Product_Size": "Chux Extra Comfort Gloves Sensitive Skin Medium 1 pair",
    "WOW Price": 3,
    "WOW Size": "1 pair",
    "WOW ppu": "$3.00 / 1EA"
  },
  {
    "Brand_Product_Size": "Gourmet Garden Paste Coriander 80g",
    "WOW Price": 3.5,
    "WOW Size": "80g",
    "WOW ppu": "$0.44 / 10G"
  },
  {
    "Brand_Product_Size": "Gourmet Garden Paste Coriander 80g",
    "WOW Price": 3.5,
    "WOW Size": "80g",
    "WOW ppu": "$0.44 / 10G"
  },
  {
    "Brand_Product_Size": "Greenies Petite Dog Dental Treat 170g",
    "WOW Price": 15,
    "WOW Size": "170g",
    "WOW ppu": "$8.82 / 100G"
  },
  {
    "Brand_Product_Size": "Talon Insect Control Ant Kill Gel 5g",
    "WOW Price": 8,
    "WOW Size": "5g",
    "WOW ppu": "$160.00 / 100G"
  },
  {
    "Brand_Product_Size": "Crave Dry Dog Food Beef & Lamb 2.8kg",
    "WOW Price": 25,
    "WOW Size": "2.8kg",
    "WOW ppu": "$0.89 / 100G"
  },
  {
    "Brand_Product_Size": "Only Organic Kumara Crt & Coco Rice 170g",
    "WOW Price": 2,
    "WOW Size": "170g",
    "WOW ppu": "$1.18 / 100G"
  },
  {
    "Brand_Product_Size": "Goulburn Valley Pear Sliced In Juice 700g",
    "WOW Price": 3.7,
    "WOW Size": "700g",
    "WOW ppu": "$5.29 / 1KG"
  },
  {
    "Brand_Product_Size": "Pine O Cleen Simply Biodegradeable Wipes Apple 90 pack",
    "WOW Price": 10,
    "WOW Size": "90 pack",
    "WOW ppu": "$11.11 / 100EA"
  },
  {
    "Brand_Product_Size": "Brownes Wiggles Mango Pouch Lactose Free 90g",
    "WOW Price": 1,
    "WOW Size": "90g",
    "WOW ppu": "$1.11 / 100G"
  },
  {
    "Brand_Product_Size": "Mojo Kombucha Berrytown Gut Shot 55mL",
    "WOW Price": 3.5,
    "WOW Size": "55mL",
    "WOW ppu": "$63.64 / 1L"
  },
  {
    "Brand_Product_Size": "Exelpet Vet Series Spot On Allwormer For Cats 2 pack",
    "WOW Price": 32,
    "WOW Size": "2 pack",
    "WOW ppu": "$16.00 / 1EA"
  },
  {
    "Brand_Product_Size": "Maybelline Face Studio Prime Protect Spf8 30mL",
    "WOW Price": 9,
    "WOW Size": "30mL",
    "WOW ppu": "$3.00 / 10ML"
  },
  {
    "Brand_Product_Size": "Woolworths Rolled Traditional Oats 750g",
    "WOW Price": 1.4,
    "WOW Size": "750g",
    "WOW ppu": "$0.19 / 100G"
  },
  {
    "Brand_Product_Size": "Pantene Pro-v Classic Clean Conditioner 375mL",
    "WOW Price": 4,
    "WOW Size": "375mL",
    "WOW ppu": "$1.07 / 100ML"
  },
  {
    "Brand_Product_Size": "Korbond Variety Foil Balloon 10 pack",
    "WOW Price": 5,
    "WOW Size": "10 pack",
    "WOW ppu": "$0.50 / 1EA"
  },
  {
    "Brand_Product_Size": "Pets Own Dog & Puppy Milk 1L",
    "WOW Price": 3.9,
    "WOW Size": "1L",
    "WOW ppu": "$0.39 / 100ML"
  },
  {
    "Brand_Product_Size": "Tom's Of Maine Natural Powder Women Antiperspirant Deodorant Stick 64g",
    "WOW Price": 7.7,
    "WOW Size": "64g",
    "WOW ppu": "$12.03 / 100G"
  },
  {
    "Brand_Product_Size": "Woolworths Fairtrade Nespresso Compatible Coffee Capsules Intense 10 pack",
    "WOW Price": 3.7,
    "WOW Size": "10 pack",
    "WOW ppu": "$0.37 / 1EA"
  },
  {
    "Brand_Product_Size": "Woolworths Fairtrade Nespresso Compatible Coffee Capsules Intense 10 pack",
    "WOW Price": 3.7,
    "WOW Size": "10 pack",
    "WOW ppu": "$0.37 / 1EA"
  },
  {
    "Brand_Product_Size": "La Famiglia Garlic Bread Ciabatta 330g",
    "WOW Price": 5.5,
    "WOW Size": "330g",
    "WOW ppu": "$1.67 / 100G"
  },
  {
    "Brand_Product_Size": "L'oreal Paris Preference Mango 74 each",
    "WOW Price": 11.4,
    "WOW Size": "each",
    "WOW ppu": ""
  },
  {
    "Brand_Product_Size": "Mutti Baby Roma Tomatoes 400g",
    "WOW Price": 2,
    "WOW Size": "400g",
    "WOW ppu": "$5.00 / 1KG"
  },
  {
    "Brand_Product_Size": "Matchbox Metal Cars 9 pack",
    "WOW Price": 14,
    "WOW Size": "9 pack",
    "WOW ppu": ""
  },
  {
    "Brand_Product_Size": "Essentials Essential Gravy Bowl each",
    "WOW Price": 5,
    "WOW Size": "each",
    "WOW ppu": ""
  },
  {
    "Brand_Product_Size": "Boost All Berry Bang Juice 1L",
    "WOW Price": 5.8,
    "WOW Size": "1L",
    "WOW ppu": "$5.80 / 1L"
  },
  {
    "Brand_Product_Size": "Sanpellegrino Natural Mineral Water 750mL bottLe",
    "WOW Price": 3.1,
    "WOW Size": "750mL bottLe",
    "WOW ppu": "$4.13 / 1L"
  },
  {
    "Brand_Product_Size": "Barilla Penne Rigate Pasta No 73 500g",
    "WOW Price": 2.4,
    "WOW Size": "500g",
    "WOW ppu": "$0.48 / 100G"
  },
  {
    "Brand_Product_Size": "Tresemme Shampoo Thick & Full 350mL",
    "WOW Price": 4.5,
    "WOW Size": "350mL",
    "WOW ppu": "$1.29 / 100ML"
  },
  {
    "Brand_Product_Size": "Garnier Fructis Full & Luscious Shampoo 315mL",
    "WOW Price": 7,
    "WOW Size": "315mL",
    "WOW ppu": "$2.22 / 100ML"
  },
  {
    "Brand_Product_Size": "Pringles Chicken Salt Flavour Chips 134g",
    "WOW Price": 3,
    "WOW Size": "134g",
    "WOW ppu": "$2.24 / 100G"
  },
  {
    "Brand_Product_Size": "Nescafe Blend 43 Instant Coffee Tin 500g",
    "WOW Price": 14,
    "WOW Size": "500g",
    "WOW ppu": "$2.80 / 100G"
  },
  {
    "Brand_Product_Size": "Nescafe Blend 43 Instant Coffee Tin 500g",
    "WOW Price": 14,
    "WOW Size": "500g",
    "WOW ppu": "$2.80 / 100G"
  },
  {
    "Brand_Product_Size": "Bref Scent Switch Juicy Peach & Sweet Apple 50g",
    "WOW Price": 6,
    "WOW Size": "50g",
    "WOW ppu": "$12.00 / 100G"
  },
  {
    "Brand_Product_Size": "Old El Paso Taco Shells Shell 156g 12 pack",
    "WOW Price": 3.2,
    "WOW Size": "156g 12 pack",
    "WOW ppu": "$2.05 / 100G"
  },
  {
    "Brand_Product_Size": "Tom Piper Beef Braised Steak & Onions 400g",
    "WOW Price": 3,
    "WOW Size": "400g",
    "WOW ppu": "$7.50 / 1KG"
  },
  {
    "Brand_Product_Size": "Woolworths Colby Cheese Block 250g",
    "WOW Price": 4,
    "WOW Size": "250g",
    "WOW ppu": "$16.00 / 1KG"
  },
  {
    "Brand_Product_Size": "Vileda Mop Supermocio Extra Long Refill each",
    "WOW Price": 12.5,
    "WOW Size": "each",
    "WOW ppu": ""
  },
  {
    "Brand_Product_Size": "Masterfoods Butter Chicken Recipe Base 175g",
    "WOW Price": 2.2,
    "WOW Size": "175g",
    "WOW ppu": "$1.26 / 100G"
  },
  {
    "Brand_Product_Size": "Mother's Day Llama In Bag each",
    "WOW Price": 8,
    "WOW Size": "each",
    "WOW ppu": ""
  },
  {
    "Brand_Product_Size": "Glad Oven Bag Regular Regular 5 pack",
    "WOW Price": 2.4,
    "WOW Size": "5 pack",
    "WOW ppu": "$0.48 / 1EA"
  },
  {
    "Brand_Product_Size": "For Her Control Brief Pantyhose Black Average 3 pack",
    "WOW Price": 4,
    "WOW Size": "3 pack",
    "WOW ppu": ""
  },
  {
    "Brand_Product_Size": "Yates Scale Gun 750mL",
    "WOW Price": 12.5,
    "WOW Size": "750mL",
    "WOW ppu": ""
  },
  {
    "Brand_Product_Size": "Oscar Orsen Large Flat Hair Elastics Brown 10 pack",
    "WOW Price": 4.5,
    "WOW Size": "10 pack",
    "WOW ppu": ""
  },
  {
    "Brand_Product_Size": "Woolworths Garden Peas Green 420g",
    "WOW Price": 0.85,
    "WOW Size": "420g",
    "WOW ppu": "$2.02 / 1KG"
  },
  {
    "Brand_Product_Size": "Heinz Big N Chunky Canned Soup Beef & Vegetable 535g",
    "WOW Price": 2,
    "WOW Size": "535g",
    "WOW ppu": "$0.37 / 100G"
  },
  {
    "Brand_Product_Size": "Vo5 Hairspray Extra Hold 200g",
    "WOW Price": 4,
    "WOW Size": "200g",
    "WOW ppu": "$2.00 / 100G"
  },
  {
    "Brand_Product_Size": "Cheezels Cheese Box 125g",
    "WOW Price": 1.25,
    "WOW Size": "125g",
    "WOW ppu": "$1.00 / 100G"
  },
  {
    "Brand_Product_Size": "Queen Metallic Icing Writing Gel 5 pack",
    "WOW Price": 5,
    "WOW Size": "5 pack",
    "WOW ppu": "$4.76 / 100G"
  },
  {
    "Brand_Product_Size": "Korbond Embroidery Handy Scissors 12cm each",
    "WOW Price": 6,
    "WOW Size": "each",
    "WOW ppu": ""
  },
  {
    "Brand_Product_Size": "Nature's Way Magnesium Tablets 150 pack",
    "WOW Price": 8,
    "WOW Size": "150 pack",
    "WOW ppu": "$5.33 / 100EA"
  },
  {
    "Brand_Product_Size": "Nescafe Blend 43 Smooth & Creamy Instant Coffee 140g",
    "WOW Price": 9.4,
    "WOW Size": "140g",
    "WOW ppu": "$6.71 / 100G"
  },
  {
    "Brand_Product_Size": "Nescafe Blend 43 Smooth & Creamy Instant Coffee 140g",
    "WOW Price": 9.4,
    "WOW Size": "140g",
    "WOW ppu": "$6.71 / 100G"
  },
  {
    "Brand_Product_Size": "Barilla Spaghetti Spaghettini Pasta No 3 500g",
    "WOW Price": 2.4,
    "WOW Size": "500g",
    "WOW ppu": "$0.48 / 100G"
  },
  {
    "Brand_Product_Size": "Pg Tips Tea Bags 116g each",
    "WOW Price": 4.5,
    "WOW Size": "each",
    "WOW ppu": "$11.25 / 100EA"
  },
  {
    "Brand_Product_Size": "Maybelline Fit Me True-to-tone Blush - Nude 4.5g",
    "WOW Price": 7.5,
    "WOW Size": "4.5g",
    "WOW ppu": "$16.67 / 10G"
  },
  {
    "Brand_Product_Size": "Tresemme Professional Hair Conditioner Colour Revitalise 900mL",
    "WOW Price": 7,
    "WOW Size": "900mL",
    "WOW ppu": "$0.78 / 100ML"
  },
  {
    "Brand_Product_Size": "Wrigley's Juicy Fruit Chewing Gum Multipack 5x10 Piece 70g",
    "WOW Price": 3.5,
    "WOW Size": "70g",
    "WOW ppu": "$5.00 / 100G"
  },
  {
    "Brand_Product_Size": "Felix Adult SensationsJellies Fish Selection Wet Cat Food 85g x12 pack",
    "WOW Price": 11.5,
    "WOW Size": "85g x12 pack",
    "WOW ppu": "$1.13 / 100G"
  },
  {
    "Brand_Product_Size": "Five:am Organic Coffee Bean Yoghurt 170g",
    "WOW Price": 2.6,
    "WOW Size": "170g",
    "WOW ppu": "$1.53 / 100G"
  },
  {
    "Brand_Product_Size": "Nestle Kitkat Original Bar 45g",
    "WOW Price": 1,
    "WOW Size": "45g",
    "WOW ppu": "$2.22 / 100G"
  },
  {
    "Brand_Product_Size": "L'oreal True Match Concealer 4n Beige 10mL",
    "WOW Price": 10,
    "WOW Size": "10mL",
    "WOW ppu": "$10.00 / 10ML"
  },
  {
    "Brand_Product_Size": "Woolworths Multivitamin Juice 2L",
    "WOW Price": 2,
    "WOW Size": "2L",
    "WOW ppu": "$1.00 / 1L"
  },
  {
    "Brand_Product_Size": "Dairy Farmers Permeate Free Full Cream Milk 3L",
    "WOW Price": 4.9,
    "WOW Size": "3L",
    "WOW ppu": "$1.63 / 1L"
  },
  {
    "Brand_Product_Size": "Bic Multi Purpose Pocket & Flex Wand Lighter 3 pack",
    "WOW Price": 13.5,
    "WOW Size": "3 pack",
    "WOW ppu": "$4.50 / 1EA"
  },
  {
    "Brand_Product_Size": "Inspire Soap Dish each",
    "WOW Price": 6,
    "WOW Size": "each",
    "WOW ppu": ""
  },
  {
    "Brand_Product_Size": "Nestle Nan Supreme 2 Follow-on 6-12 Months Baby Formula Powder 800g",
    "WOW Price": 30,
    "WOW Size": "800g",
    "WOW ppu": "$3.75 / 100G"
  },
  {
    "Brand_Product_Size": "Kleenex Facial Tissues Pocket Pack 4ply 6 pack",
    "WOW Price": 3,
    "WOW Size": "6 pack",
    "WOW ppu": "$5.56 / 100SS"
  },
  {
    "Brand_Product_Size": "Kleenex Facial Tissues Pocket Pack 4ply 6 pack",
    "WOW Price": 3,
    "WOW Size": "6 pack",
    "WOW ppu": "$5.56 / 100SS"
  },
  {
    "Brand_Product_Size": "Calbee Harvest Snaps Salt & Vinegar 16g x 5 pack",
    "WOW Price": 3.5,
    "WOW Size": "16g x 5 pack",
    "WOW ppu": "$4.38 / 100G"
  },
  {
    "Brand_Product_Size": "Lynx Black Antiperspirant Deodorant 165mL",
    "WOW Price": 3.5,
    "WOW Size": "165mL",
    "WOW ppu": "$2.12 / 100ML"
  },
  {
    "Brand_Product_Size": "Philips Led 470lm Bc Fancy Round Ww Frosted each",
    "WOW Price": 6.5,
    "WOW Size": "each",
    "WOW ppu": "$6.50 / 1EA"
  },
  {
    "Brand_Product_Size": "Redheads Handy Pack Matches Handy Pack 3 x90 pack",
    "WOW Price": 2.75,
    "WOW Size": "3 x90 pack",
    "WOW ppu": "$1.02 / 100EA"
  },
  {
    "Brand_Product_Size": "Mud Nail Polish Au Naturale 13mL",
    "WOW Price": 2,
    "WOW Size": "13mL",
    "WOW ppu": "$2.00 / 1EA"
  },
  {
    "Brand_Product_Size": "Bertolli Organic Extra Virgin Olive Oil Spray 145mL",
    "WOW Price": 5.5,
    "WOW Size": "145mL",
    "WOW ppu": "$3.79 / 100ML"
  },
  {
    "Brand_Product_Size": "Chicken Tonight Simmer Sauce Creamy Cheese & Bacon 490g",
    "WOW Price": 2.5,
    "WOW Size": "490g",
    "WOW ppu": "$0.51 / 100G"
  },
  {
    "Brand_Product_Size": "Woolworths Swiss Cheese Slices 200g",
    "WOW Price": 3.7,
    "WOW Size": "200g",
    "WOW ppu": "$18.50 / 1KG"
  },
  {
    "Brand_Product_Size": "Caffe Aurora Ground Coffee Italian Style 250g",
    "WOW Price": 5,
    "WOW Size": "250g",
    "WOW ppu": "$2.00 / 100G"
  },
  {
    "Brand_Product_Size": "Caffe Aurora Ground Coffee Italian Style 250g",
    "WOW Price": 5,
    "WOW Size": "250g",
    "WOW ppu": "$2.00 / 100G"
  },
  {
    "Brand_Product_Size": "Bonds Girls Underwear Cotton Brief 12-14 & 14-16 4 pack",
    "WOW Price": 10.5,
    "WOW Size": "4 pack",
    "WOW ppu": "$2.63 / 1EA"
  },
  {
    "Brand_Product_Size": "Sally Hansen Nail Polish Maximum Growth 13mL",
    "WOW Price": 7.5,
    "WOW Size": "13mL",
    "WOW ppu": "$5.77 / 10ML"
  },
  {
    "Brand_Product_Size": "Yates Garden Zero Bindii And Clover Killer 500mL",
    "WOW Price": 11,
    "WOW Size": "500mL",
    "WOW ppu": "$2.20 / 100ML"
  },
  {
    "Brand_Product_Size": "Mckenzie's Whole Black Peppercorns Grinder 200g",
    "WOW Price": 7.5,
    "WOW Size": "200g",
    "WOW ppu": "$0.38 / 10G"
  },
  {
    "Brand_Product_Size": "Glow Lab Purple Conditioner 300mL",
    "WOW Price": 18,
    "WOW Size": "300mL",
    "WOW ppu": "$6.00 / 100ML"
  },
  {
    "Brand_Product_Size": "Oreo Chocolate Coated 204g",
    "WOW Price": 3.8,
    "WOW Size": "204g",
    "WOW ppu": "$1.86 / 100G"
  },
  {
    "Brand_Product_Size": "Edge Mens 5 Blade Kit Plus 2 pack",
    "WOW Price": 6.5,
    "WOW Size": "2 pack",
    "WOW ppu": "$6.50 / 1EA"
  },
  {
    "Brand_Product_Size": "Sam's Pantry Baked Berry Clusters 750g",
    "WOW Price": 5,
    "WOW Size": "750g",
    "WOW ppu": "$0.67 / 100G"
  },
  {
    "Brand_Product_Size": "Applaws Whole Mackerel Loin 30g",
    "WOW Price": 2.7,
    "WOW Size": "30g",
    "WOW ppu": "$9.00 / 100G"
  },
  {
    "Brand_Product_Size": "Woolworths Oven Roasted Turkey Breast 800g - 1.1kg",
    "WOW Price": 25.85,
    "WOW Size": "800g - 1.1kg",
    "WOW ppu": "$23.50 / 1KG"
  },
  {
    "Brand_Product_Size": "Yoodles Brown Rice Noodles Chicken 70g",
    "WOW Price": 2,
    "WOW Size": "70g",
    "WOW ppu": "$2.86 / 100G"
  },
  {
    "Brand_Product_Size": "Korbond Party Candles Metallic Coloured 12 pack",
    "WOW Price": 3,
    "WOW Size": "12 pack",
    "WOW ppu": "$0.25 / 1EA"
  },
  {
    "Brand_Product_Size": "Brita Active Lime Filter Bottle 600mL",
    "WOW Price": 16,
    "WOW Size": "600mL",
    "WOW ppu": ""
  },
  {
    "Brand_Product_Size": "Brita Active Lime Filter Bottle 600mL",
    "WOW Price": 16,
    "WOW Size": "600mL",
    "WOW ppu": ""
  },
  {
    "Brand_Product_Size": "Woolworths Peach Slices In Juice 410g",
    "WOW Price": 2,
    "WOW Size": "410g",
    "WOW ppu": "$4.88 / 1KG"
  },
  {
    "Brand_Product_Size": "San Remo La Pasta Creamy Bacon 160g",
    "WOW Price": 2,
    "WOW Size": "160g",
    "WOW ppu": "$1.25 / 100G"
  },
  {
    "Brand_Product_Size": "Woolworths Washed Potatoes 2kg",
    "WOW Price": 4,
    "WOW Size": "2kg",
    "WOW ppu": "$2.00 / 1KG"
  },
  {
    "Brand_Product_Size": "Woolworths Apricot Dried 500g",
    "WOW Price": 4.6,
    "WOW Size": "500g",
    "WOW ppu": "$9.20 / 1KG"
  },
  {
    "Brand_Product_Size": "Energizer Phone Case Iphone 11 Pro Max each",
    "WOW Price": 20,
    "WOW Size": "each",
    "WOW ppu": ""
  },
  {
    "Brand_Product_Size": "Maggi Fusian 2 Minute Instant Mi Goreng Soy & Mild Spice Cup 64g",
    "WOW Price": 1.8,
    "WOW Size": "64g",
    "WOW ppu": "$2.81 / 100G"
  },
  {
    "Brand_Product_Size": "Ayam Oyster Sauce 420mL",
    "WOW Price": 4.5,
    "WOW Size": "420mL",
    "WOW ppu": "$1.07 / 100ML"
  },
  {
    "Brand_Product_Size": "Gourmet Delight With Snapper & Tuna In Gravy 80g",
    "WOW Price": 1.2,
    "WOW Size": "80g",
    "WOW ppu": "$1.50 / 100G"
  },
  {
    "Brand_Product_Size": "Essano Shampoo Soothing Keratin Complex 300mL",
    "WOW Price": 16,
    "WOW Size": "300mL",
    "WOW ppu": "$5.33 / 100ML"
  },
  {
    "Brand_Product_Size": "Woolworths Corn Sweet Kernels 420g",
    "WOW Price": 1,
    "WOW Size": "420g",
    "WOW ppu": "$2.38 / 1KG"
  },
  {
    "Brand_Product_Size": "Poise Incontinence Pads Regular Absorbency 16 pack",
    "WOW Price": 6,
    "WOW Size": "16 pack",
    "WOW ppu": "$0.38 / 1EA"
  },
  {
    "Brand_Product_Size": "Sup Multi Essentials Gummies Berry Orange & Lemon Flavour 65 pack",
    "WOW Price": 12,
    "WOW Size": "65 pack",
    "WOW ppu": "$18.46 / 100EA"
  },
  {
    "Brand_Product_Size": "Csr Icing Sugar Soft Mixture 1kg",
    "WOW Price": 2.8,
    "WOW Size": "1kg",
    "WOW ppu": "$0.28 / 100G"
  },
  {
    "Brand_Product_Size": "San Remo Wholemeal Cous Cous 500g",
    "WOW Price": 2.8,
    "WOW Size": "500g",
    "WOW ppu": "$0.56 / 100G"
  },
  {
    "Brand_Product_Size": "Earth Choice Wool Wash 1L",
    "WOW Price": 2.2,
    "WOW Size": "1L",
    "WOW ppu": "$2.20 / 1L"
  },
  {
    "Brand_Product_Size": "Cleansing Hand Wash Antibacterial Citrus 500mL",
    "WOW Price": 5,
    "WOW Size": "500mL",
    "WOW ppu": "$1.00 / 100ML"
  },
  {
    "Brand_Product_Size": "Libra Invisible Pads Ultra Thin Regular Value Pack 20 pack",
    "WOW Price": 7.25,
    "WOW Size": "20 pack",
    "WOW ppu": "$0.36 / 1EA"
  },
  {
    "Brand_Product_Size": "Bonds Low Cut Heel Grip Footlets Black each",
    "WOW Price": 6,
    "WOW Size": "each",
    "WOW ppu": ""
  },
  {
    "Brand_Product_Size": "Dove Women Antiperspirant Aerosol Invisible Dry Anti White Marks 250mL",
    "WOW Price": 3.5,
    "WOW Size": "250mL",
    "WOW ppu": "$1.40 / 100ML"
  },
  {
    "Brand_Product_Size": "Birds Eye Deli Hash Browns Sea Salt 500g",
    "WOW Price": 5,
    "WOW Size": "500g",
    "WOW ppu": "$10.00 / 1KG"
  },
  {
    "Brand_Product_Size": "Mother Earth Oaty Slice Black Forest 240g",
    "WOW Price": 3,
    "WOW Size": "240g",
    "WOW ppu": "$1.25 / 100G"
  },
  {
    "Brand_Product_Size": "Praise 99% Fat Free Squeeze Mayonnaise 555g",
    "WOW Price": 3.5,
    "WOW Size": "555g",
    "WOW ppu": "$0.63 / 100G"
  },
  {
    "Brand_Product_Size": "Praise 99% Fat Free Squeeze Mayonnaise 555g",
    "WOW Price": 3.5,
    "WOW Size": "555g",
    "WOW ppu": "$0.63 / 100G"
  },
  {
    "Brand_Product_Size": "The Bar Counter Protein Balls Red Velvet Cupcake 30g",
    "WOW Price": 2.5,
    "WOW Size": "30g",
    "WOW ppu": "$8.33 / 100G"
  },
  {
    "Brand_Product_Size": "Three Threes Pickles Mustard 250g",
    "WOW Price": 1.8,
    "WOW Size": "250g",
    "WOW ppu": "$7.20 / 1KG"
  },
  {
    "Brand_Product_Size": "Tassal Salmon Sweet Chilli 95g",
    "WOW Price": 2,
    "WOW Size": "95g",
    "WOW ppu": "$21.05 / 1KG"
  },
  {
    "Brand_Product_Size": "Remington Personal Haircut Kit each",
    "WOW Price": 25,
    "WOW Size": "each",
    "WOW ppu": ""
  },
  {
    "Brand_Product_Size": "Mud Liquid Foundation 001 Ivory 30mL",
    "WOW Price": 5.5,
    "WOW Size": "30mL",
    "WOW ppu": "$1.83 / 10ML"
  },
  {
    "Brand_Product_Size": "Weight Watchers Healthy Kitchen Lamb Meatballs 400g",
    "WOW Price": 10,
    "WOW Size": "400g",
    "WOW ppu": "$2.50 / 100G"
  },
  {
    "Brand_Product_Size": "Woolworths Cottage Pie 350g",
    "WOW Price": 7.5,
    "WOW Size": "350g",
    "WOW ppu": "$2.14 / 100G"
  },
  {
    "Brand_Product_Size": "Woolworths Prep Set Go Sweet Potato Chunks 500g",
    "WOW Price": 4,
    "WOW Size": "500g",
    "WOW ppu": "$8.00 / 1KG"
  },
  {
    "Brand_Product_Size": "Cenovis Easysleep Valerian 2000 Tablets 30 pack",
    "WOW Price": 12,
    "WOW Size": "30 pack",
    "WOW ppu": "$40.00 / 100EA"
  },
  {
    "Brand_Product_Size": "Woolworths Asparagus Green each",
    "WOW Price": 2.9,
    "WOW Size": "each",
    "WOW ppu": ""
  },
  {
    "Brand_Product_Size": "Nivea Men Protect & Care Face Moisturiser Cream Spf15 75mL",
    "WOW Price": 7.2,
    "WOW Size": "75mL",
    "WOW ppu": "$9.60 / 100ML"
  },
  {
    "Brand_Product_Size": "D'orsogna 100% Natural Kransky Wood Smoked 250g",
    "WOW Price": 7,
    "WOW Size": "250g",
    "WOW ppu": "$28.00 / 1KG"
  },
  {
    "Brand_Product_Size": "Aveeno Skin Relief Moisturising Cream 312g",
    "WOW Price": 15,
    "WOW Size": "312g",
    "WOW ppu": "$0.48 / 10G"
  },
  {
    "Brand_Product_Size": "Leggos Pasta Sauce Spaghetti With Beef 680g",
    "WOW Price": 3.9,
    "WOW Size": "680g",
    "WOW ppu": "$0.57 / 100G"
  },
  {
    "Brand_Product_Size": "Country Chef Lemon & Blueberry Loaf Slices 5 pack",
    "WOW Price": 4.5,
    "WOW Size": "5 pack",
    "WOW ppu": "$0.90 / 100G"
  },
  {
    "Brand_Product_Size": "Swedes Fresh each",
    "WOW Price": 1.38,
    "WOW Size": "each",
    "WOW ppu": "$1.38 / 1EA"
  },
  {
    "Brand_Product_Size": "Bonds Mens Everyday Value No Hole Crew Size 6-10 3 pack",
    "WOW Price": 12,
    "WOW Size": "3 pack",
    "WOW ppu": ""
  },
  {
    "Brand_Product_Size": "Primo Rindless Middle Bacon 250g",
    "WOW Price": 5,
    "WOW Size": "250g",
    "WOW ppu": "$20.00 / 1KG"
  },
  {
    "Brand_Product_Size": "Sustagen Dutch Chocolate Flavour 550g",
    "WOW Price": 9.5,
    "WOW Size": "550g",
    "WOW ppu": "$1.73 / 100G"
  },
  {
    "Brand_Product_Size": "Macro Organic Veggie & Baby Leaf Salad Bowl Mix 100g",
    "WOW Price": 4,
    "WOW Size": "100g",
    "WOW ppu": "$40.00 / 1KG"
  },
  {
    "Brand_Product_Size": "Brasso Polish Metal 250mL",
    "WOW Price": 10,
    "WOW Size": "250mL",
    "WOW ppu": "$4.00 / 100ML"
  },
  {
    "Brand_Product_Size": "Chilli Jalapeno Hot each",
    "WOW Price": 1.9,
    "WOW Size": "each",
    "WOW ppu": "$1.90 / 1EA"
  },
  {
    "Brand_Product_Size": "Babylove Sleepy Nights 2-4 Years Overnight Pants 12 pack",
    "WOW Price": 11,
    "WOW Size": "12 pack",
    "WOW ppu": "$0.92 / 1EA"
  },
  {
    "Brand_Product_Size": "On The Menu Pub Favourites Beef Meatloaf 320g",
    "WOW Price": 4.8,
    "WOW Size": "320g",
    "WOW ppu": "$1.50 / 100G"
  },
  {
    "Brand_Product_Size": "Darikay Chicken Noodle Soup 550g",
    "WOW Price": 6.5,
    "WOW Size": "550g",
    "WOW ppu": "$1.18 / 100G"
  },
  {
    "Brand_Product_Size": "Woolworths Tuna & Crackers Snack Pack Red Capsicum & Hummus 112g",
    "WOW Price": 2.1,
    "WOW Size": "112g",
    "WOW ppu": "$18.75 / 1KG"
  },
  {
    "Brand_Product_Size": "Woolworths Potato Wedges 750g",
    "WOW Price": 2,
    "WOW Size": "750g",
    "WOW ppu": "$2.67 / 1KG"
  },
  {
    "Brand_Product_Size": "Woolworths Free From Gluten Apple Pie 750g",
    "WOW Price": 12,
    "WOW Size": "750g",
    "WOW ppu": "$1.60 / 100G"
  },
  {
    "Brand_Product_Size": "Woolworths Chicken Breast Kiev 350g",
    "WOW Price": 5.5,
    "WOW Size": "350g",
    "WOW ppu": "$15.71 / 1KG"
  },
  {
    "Brand_Product_Size": "The Odd Bunch Zucchini Prepacked 750g",
    "WOW Price": 4.4,
    "WOW Size": "750g",
    "WOW ppu": "$5.87 / 1KG"
  },
  {
    "Brand_Product_Size": "Edgell Creamed Corn Creamed 420g",
    "WOW Price": 1.5,
    "WOW Size": "420g",
    "WOW ppu": "$3.57 / 1KG"
  },
  {
    "Brand_Product_Size": "Truss Tomatoes each",
    "WOW Price": 0.83,
    "WOW Size": "each",
    "WOW ppu": "$0.83 / 1EA"
  },
  {
    "Brand_Product_Size": "Select Royal Gala Apple 1kg punnet",
    "WOW Price": 3.9,
    "WOW Size": "1kg punnet",
    "WOW ppu": "$3.90 / 1KG"
  },
  {
    "Brand_Product_Size": "Select Royal Gala Apple 1kg punnet",
    "WOW Price": 3.9,
    "WOW Size": "1kg punnet",
    "WOW ppu": "$3.90 / 1KG"
  },
  {
    "Brand_Product_Size": "Lifesavers Musk 34g",
    "WOW Price": 0.9,
    "WOW Size": "34g",
    "WOW ppu": "$2.65 / 100G"
  },
  {
    "Brand_Product_Size": "Huggies Infant Nappies 48 pack",
    "WOW Price": 16,
    "WOW Size": "48 pack",
    "WOW ppu": "$0.33 / 1EA"
  },
  {
    "Brand_Product_Size": "Dove Women Antiperspirant Deodorant Spray Original 250mL",
    "WOW Price": 3.5,
    "WOW Size": "250mL",
    "WOW ppu": "$1.40 / 100ML"
  },
  {
    "Brand_Product_Size": "Gravy Beef Slow Cook 400g - 750g",
    "WOW Price": 13.5,
    "WOW Size": "400g - 750g",
    "WOW ppu": "$18.00 / 1KG"
  },
  {
    "Brand_Product_Size": "Talley's Chilled Mussels Marinated Plain 375g",
    "WOW Price": 7.75,
    "WOW Size": "375g",
    "WOW ppu": "$20.67 / 1KG"
  },
  {
    "Brand_Product_Size": "Ansell Handy Clean Gloves Disposable Multi-purpose 100 pack",
    "WOW Price": 18,
    "WOW Size": "100 pack",
    "WOW ppu": "$0.18 / 1EA"
  },
  {
    "Brand_Product_Size": "Armada Baking Paper 15m",
    "WOW Price": 2.7,
    "WOW Size": "15m",
    "WOW ppu": "$0.18 / 1M"
  },
  {
    "Brand_Product_Size": "Sunny Queen 12 Extra Large Free Range Eggs 700g",
    "WOW Price": 6,
    "WOW Size": "700g",
    "WOW ppu": "$0.86 / 100G"
  },
  {
    "Brand_Product_Size": "Evergreen Hard Tofu Firm 500g",
    "WOW Price": 6,
    "WOW Size": "500g",
    "WOW ppu": "$12.00 / 1KG"
  },
  {
    "Brand_Product_Size": "Woolworths Tropical Avocado Mango Salad 200g",
    "WOW Price": 6,
    "WOW Size": "200g",
    "WOW ppu": "$30.00 / 1KG"
  },
  {
    "Brand_Product_Size": "Woolworths Tropical Avocado Mango Salad 200g",
    "WOW Price": 6,
    "WOW Size": "200g",
    "WOW ppu": "$30.00 / 1KG"
  },
  {
    "Brand_Product_Size": "Woolworths Family Classics Cottage Pie 1.1kg",
    "WOW Price": 10,
    "WOW Size": "1.1kg",
    "WOW ppu": "$0.91 / 100G"
  },
  {
    "Brand_Product_Size": "Woolworths Baby Leaf Spinach 120g",
    "WOW Price": 3,
    "WOW Size": "120g",
    "WOW ppu": "$25.00 / 1KG"
  },
  {
    "Brand_Product_Size": "Woolworths Baby Leaf Spinach 120g",
    "WOW Price": 3,
    "WOW Size": "120g",
    "WOW ppu": "$25.00 / 1KG"
  },
  {
    "Brand_Product_Size": "Woolworths Baby Leaf Spinach 120g",
    "WOW Price": 3,
    "WOW Size": "120g",
    "WOW ppu": "$25.00 / 1KG"
  },
  {
    "Brand_Product_Size": "Maybelline Full 'n Soft Volumizing Mascara - Very Black 8.2mL",
    "WOW Price": 9.5,
    "WOW Size": "8.2mL",
    "WOW ppu": "$11.59 / 10ML"
  },
  {
    "Brand_Product_Size": "Betty Crocker Vanilla Cupcake Mix 450g",
    "WOW Price": 5.2,
    "WOW Size": "450g",
    "WOW ppu": "$1.16 / 100G"
  },
  {
    "Brand_Product_Size": "Bulla Real Dairy Chocolate Ice Cream 2L",
    "WOW Price": 4,
    "WOW Size": "2L",
    "WOW ppu": "$0.20 / 100ML"
  },
  {
    "Brand_Product_Size": "Mint Soft Grip Can Opener each",
    "WOW Price": 6,
    "WOW Size": "each",
    "WOW ppu": ""
  },
  {
    "Brand_Product_Size": "Rafferty's Garden Blueberry Sticks 15g",
    "WOW Price": 1.9,
    "WOW Size": "15g",
    "WOW ppu": "$12.67 / 100G"
  },
  {
    "Brand_Product_Size": "Harmony Bird Food Wild Bird Mix 4kg",
    "WOW Price": 9,
    "WOW Size": "4kg",
    "WOW ppu": "$0.23 / 100G"
  },
  {
    "Brand_Product_Size": "Rana Four Cheese Ravioli Fresh Pasta 325g",
    "WOW Price": 5,
    "WOW Size": "325g",
    "WOW ppu": "$1.54 / 100G"
  },
  {
    "Brand_Product_Size": "Saxa Cooking Salt 2kg",
    "WOW Price": 2.29,
    "WOW Size": "2kg",
    "WOW ppu": "$0.01 / 10G"
  },
  {
    "Brand_Product_Size": "Cobs Pop'd Chips Salt Of The Sea Gluten Free 110g",
    "WOW Price": 4,
    "WOW Size": "110g",
    "WOW ppu": "$3.64 / 100G"
  },
  {
    "Brand_Product_Size": "Golden Circle Beetroot Sliced 850g",
    "WOW Price": 2,
    "WOW Size": "850g",
    "WOW ppu": "$2.35 / 1KG"
  },
  {
    "Brand_Product_Size": "Woolworths Cracked Pepper Water Crackers 125g",
    "WOW Price": 0.95,
    "WOW Size": "125g",
    "WOW ppu": "$0.76 / 100G"
  },
  {
    "Brand_Product_Size": "Billy Tea Campfire Brew Tea Bags 100 pack",
    "WOW Price": 4.35,
    "WOW Size": "100 pack",
    "WOW ppu": "$0.04 / 1EA"
  },
  {
    "Brand_Product_Size": "Billy Tea Campfire Brew Tea Bags 100 pack",
    "WOW Price": 4.35,
    "WOW Size": "100 pack",
    "WOW ppu": "$0.04 / 1EA"
  },
  {
    "Brand_Product_Size": "Olay Total Effects Touch Of Foundation Moisturiser 50g",
    "WOW Price": 24.5,
    "WOW Size": "50g",
    "WOW ppu": "$49.00 / 100G"
  },
  {
    "Brand_Product_Size": "Woolworths Butter Chicken With Wholegrain Rice 350g",
    "WOW Price": 7.5,
    "WOW Size": "350g",
    "WOW ppu": "$2.14 / 100G"
  },
  {
    "Brand_Product_Size": "Olay Moisturising Lotion 150mL",
    "WOW Price": 9.1,
    "WOW Size": "150mL",
    "WOW ppu": "$6.07 / 100ML"
  },
  {
    "Brand_Product_Size": "Little One's Size 6 Ultra Dry Nappies Junior 15-25kg Boys & Girls 40 pack",
    "WOW Price": 10,
    "WOW Size": "40 pack",
    "WOW ppu": "$0.25 / 1EA"
  },
  {
    "Brand_Product_Size": "Optus X Lite 4g each",
    "WOW Price": 34,
    "WOW Size": "each",
    "WOW ppu": ""
  },
  {
    "Brand_Product_Size": "Pauls Premium Vanilla Bean Custard 170g",
    "WOW Price": 2.5,
    "WOW Size": "170g",
    "WOW ppu": "$1.47 / 100G"
  },
  {
    "Brand_Product_Size": "Bonne Maman Caramel Spread 380g",
    "WOW Price": 5.2,
    "WOW Size": "380g",
    "WOW ppu": "$1.37 / 100G"
  },
  {
    "Brand_Product_Size": "Woolworths Mud Cake White 600g",
    "WOW Price": 4.8,
    "WOW Size": "600g",
    "WOW ppu": "$0.80 / 100G"
  },
  {
    "Brand_Product_Size": "Decor Double Wall Insulated Bullet Bottle 500mL each",
    "WOW Price": 10,
    "WOW Size": "500mL each",
    "WOW ppu": ""
  },
  {
    "Brand_Product_Size": "Decor Double Wall Insulated Bullet Bottle 500mL each",
    "WOW Price": 10,
    "WOW Size": "500mL each",
    "WOW ppu": ""
  },
  {
    "Brand_Product_Size": "L'oreal Excellence Creme Hair Colour 9.1 Light Ash Blonde each",
    "WOW Price": 16,
    "WOW Size": "each",
    "WOW ppu": ""
  },
  {
    "Brand_Product_Size": "Woolworths Cook Lamb Strips Mongolian Style 500g",
    "WOW Price": 13,
    "WOW Size": "500g",
    "WOW ppu": "$26.00 / 1KG"
  },
  {
    "Brand_Product_Size": "Woolworths White Cup Sliced Mushroom Punnet 200g",
    "WOW Price": 3,
    "WOW Size": "200g",
    "WOW ppu": "$15.00 / 1KG"
  },
  {
    "Brand_Product_Size": "Maximus Game On Blackcurrant 1L",
    "WOW Price": 2.15,
    "WOW Size": "1L",
    "WOW ppu": "$2.15 / 1L"
  },
  {
    "Brand_Product_Size": "Woolworths Roasted Garlic Mash 475g",
    "WOW Price": 5.99,
    "WOW Size": "475g",
    "WOW ppu": "$1.26 / 100G"
  },
  {
    "Brand_Product_Size": "Woolworths Strawberry Iced Donuts 4 pack",
    "WOW Price": 5,
    "WOW Size": "4 pack",
    "WOW ppu": "$1.25 / 1EA"
  },
  {
    "Brand_Product_Size": "Jumpy's Chicken Chips 5 pack",
    "WOW Price": 3.35,
    "WOW Size": "5 pack",
    "WOW ppu": "$3.72 / 100G"
  },
  {
    "Brand_Product_Size": "Woolworths Peach In Strawberry Jelly 4 pack 480g",
    "WOW Price": 2.2,
    "WOW Size": "4 pack 480g",
    "WOW ppu": "$4.58 / 1KG"
  },
  {
    "Brand_Product_Size": "Woolworths Peach In Strawberry Jelly 4 pack 480g",
    "WOW Price": 2.2,
    "WOW Size": "4 pack 480g",
    "WOW ppu": "$4.58 / 1KG"
  },
  {
    "Brand_Product_Size": "Calbee Harvest Snaps Lightly Salted 93g",
    "WOW Price": 3,
    "WOW Size": "93g",
    "WOW ppu": "$32.26 / 1KG"
  },
  {
    "Brand_Product_Size": "Armada Resealable Sandwich Bags 120 pack",
    "WOW Price": 3.5,
    "WOW Size": "120 pack",
    "WOW ppu": "$0.03 / 1EA"
  },
  {
    "Brand_Product_Size": "Armada Resealable Sandwich Bags 120 pack",
    "WOW Price": 3.5,
    "WOW Size": "120 pack",
    "WOW ppu": "$0.03 / 1EA"
  },
  {
    "Brand_Product_Size": "Airborne Manuka 30+ Multifloral Honey 500g",
    "WOW Price": 6,
    "WOW Size": "500g",
    "WOW ppu": "$1.20 / 100G"
  },
  {
    "Brand_Product_Size": "Four'n Twenty Pies Angus Beef 4 pack",
    "WOW Price": 7.5,
    "WOW Size": "4 pack",
    "WOW ppu": "$0.99 / 100G"
  },
  {
    "Brand_Product_Size": "Halo Top Plant Based Choc Hazelnut Frozen Dessert 473mL",
    "WOW Price": 7,
    "WOW Size": "473mL",
    "WOW ppu": "$1.48 / 100ML"
  },
  {
    "Brand_Product_Size": "First Force Fast Acting Ant Killer Powder 500g",
    "WOW Price": 6,
    "WOW Size": "500g",
    "WOW ppu": "$1.20 / 100G"
  },
  {
    "Brand_Product_Size": "Evergreen Original Tofu Regular Firm 900g",
    "WOW Price": 5,
    "WOW Size": "900g",
    "WOW ppu": "$5.56 / 1KG"
  },
  {
    "Brand_Product_Size": "Toni & Guy Geom Hair Barrette Silver 2 pack",
    "WOW Price": 4.9,
    "WOW Size": "2 pack",
    "WOW ppu": ""
  },
  {
    "Brand_Product_Size": "Ice Break Regular Strength 500mL",
    "WOW Price": 2.7,
    "WOW Size": "500mL",
    "WOW ppu": "$5.40 / 1L"
  },
  {
    "Brand_Product_Size": "Woolworths Heart Smart Veal Rump Medallion 290g - 500g",
    "WOW Price": 15,
    "WOW Size": "290g - 500g",
    "WOW ppu": "$30.00 / 1KG"
  },
  {
    "Brand_Product_Size": "Sellotape Sticky Tape Refill 18mmx25m 2 pack",
    "WOW Price": 3,
    "WOW Size": "2 pack",
    "WOW ppu": ""
  },
  {
    "Brand_Product_Size": "Angas Park Prunes Large 1kg",
    "WOW Price": 8.25,
    "WOW Size": "1kg",
    "WOW ppu": "$8.25 / 1KG"
  },
  {
    "Brand_Product_Size": "The Happy Snack Company Roasted Chick Peas Lightly Salted 200g",
    "WOW Price": 5.35,
    "WOW Size": "200g",
    "WOW ppu": "$2.68 / 100G"
  },
  {
    "Brand_Product_Size": "The Happy Snack Company Roasted Chick Peas Lightly Salted 200g",
    "WOW Price": 5.35,
    "WOW Size": "200g",
    "WOW ppu": "$2.68 / 100G"
  },
  {
    "Brand_Product_Size": "Ruffie Rustic Foods Smoky Bacon Leek & Cheddar Quiche 2 pack",
    "WOW Price": 12,
    "WOW Size": "2 pack",
    "WOW ppu": "$3.00 / 100G"
  },
  {
    "Brand_Product_Size": "Persimmon Fresh each",
    "WOW Price": 2,
    "WOW Size": "each",
    "WOW ppu": "$2.00 / 1EA"
  },
  {
    "Brand_Product_Size": "Earth Choice Front Loader Laundry Powder 2kg",
    "WOW Price": 11,
    "WOW Size": "2kg",
    "WOW ppu": "$5.50 / 1KG"
  },
  {
    "Brand_Product_Size": "Primo Hungarian Salami Hot 80g",
    "WOW Price": 3.25,
    "WOW Size": "80g",
    "WOW ppu": "$40.63 / 1KG"
  },
  {
    "Brand_Product_Size": "Yoplait Mini Go Passionfruit & Mango 145g",
    "WOW Price": 1.2,
    "WOW Size": "145g",
    "WOW ppu": "$0.83 / 100G"
  },
  {
    "Brand_Product_Size": "Woolworths Cocoa Puffs 500g",
    "WOW Price": 3.15,
    "WOW Size": "500g",
    "WOW ppu": "$0.63 / 100G"
  },
  {
    "Brand_Product_Size": "Cracker Barrel Infused Cheddar Cheese With Jalapeno & Honeycomb 130g",
    "WOW Price": 5.15,
    "WOW Size": "130g",
    "WOW ppu": "$39.62 / 1KG"
  },
  {
    "Brand_Product_Size": "Cracker Barrel Infused Cheddar Cheese With Jalapeno & Honeycomb 130g",
    "WOW Price": 5.15,
    "WOW Size": "130g",
    "WOW ppu": "$39.62 / 1KG"
  },
  {
    "Brand_Product_Size": "Philips Cfl Tornado Warm White 15w Bc Base each",
    "WOW Price": 6.5,
    "WOW Size": "each",
    "WOW ppu": "$6.50 / 1EA"
  },
  {
    "Brand_Product_Size": "Toscano Caramel Stroopwafels 8 pack",
    "WOW Price": 3,
    "WOW Size": "8 pack",
    "WOW ppu": "$1.20 / 100G"
  },
  {
    "Brand_Product_Size": "Mcobeauty Double Ended Fibre Lash 5mL",
    "WOW Price": 9,
    "WOW Size": "5mL",
    "WOW ppu": "$180.00 / 100ML"
  },
  {
    "Brand_Product_Size": "Take 5 Magazine each",
    "WOW Price": 3.9,
    "WOW Size": "each",
    "WOW ppu": ""
  },
  {
    "Brand_Product_Size": "Haven Scented Glass Candle Vanilla Sugar each",
    "WOW Price": 6.5,
    "WOW Size": "each",
    "WOW ppu": ""
  },
  {
    "Brand_Product_Size": "Menissez Bake At Home White Baguettes 2 pack",
    "WOW Price": 2,
    "WOW Size": "2 pack",
    "WOW ppu": "$1.00 / 1EA"
  },
  {
    "Brand_Product_Size": "Woolworths Fully Loaded Cookies Chocolate 210g",
    "WOW Price": 4,
    "WOW Size": "210g",
    "WOW ppu": "$1.90 / 100G"
  },
  {
    "Brand_Product_Size": "Macro Ancient Grain & Sprout Loaf Bread 450g",
    "WOW Price": 5,
    "WOW Size": "450g",
    "WOW ppu": "$1.11 / 100G"
  },
  {
    "Brand_Product_Size": "Bosisto's Floor Cleaner 750mL",
    "WOW Price": 4,
    "WOW Size": "750mL",
    "WOW ppu": "$0.53 / 100ML"
  },
  {
    "Brand_Product_Size": "Fancy Plants Plant Based Chocolate Silky Pot 95g x2 pack",
    "WOW Price": 4,
    "WOW Size": "95g x2 pack",
    "WOW ppu": "$2.11 / 100G"
  },
  {
    "Brand_Product_Size": "Gillette Mach3+ Razor each",
    "WOW Price": 12,
    "WOW Size": "each",
    "WOW ppu": "$12.00 / 1EA"
  },
  {
    "Brand_Product_Size": "Woolworths Vinegar Balsamic Glaze 215mL",
    "WOW Price": 6,
    "WOW Size": "215mL",
    "WOW ppu": "$2.79 / 100ML"
  },
  {
    "Brand_Product_Size": "Woolworths Almond Ice Cream Sticks 4 pack",
    "WOW Price": 3.8,
    "WOW Size": "4 pack",
    "WOW ppu": "$0.90 / 100ML"
  },
  {
    "Brand_Product_Size": "Ribena Syrup Blackcurrant 1L",
    "WOW Price": 6,
    "WOW Size": "1L",
    "WOW ppu": "$6.00 / 1L"
  },
  {
    "Brand_Product_Size": "Maybelline Instant Age Rewind Dark Circle Concealer - Medium 6mL",
    "WOW Price": 10,
    "WOW Size": "6mL",
    "WOW ppu": "$16.67 / 10ML"
  },
  {
    "Brand_Product_Size": "Woolworths Apple Pie Family 600g",
    "WOW Price": 3.2,
    "WOW Size": "600g",
    "WOW ppu": "$0.53 / 100G"
  },
  {
    "Brand_Product_Size": "Macro Organic Basmati Rice 1kg",
    "WOW Price": 5,
    "WOW Size": "1kg",
    "WOW ppu": "$0.50 / 100G"
  },
  {
    "Brand_Product_Size": "Harry's Ice Cream Peppermint Brownie 475mL",
    "WOW Price": 6,
    "WOW Size": "475mL",
    "WOW ppu": "$1.26 / 100ML"
  },
  {
    "Brand_Product_Size": "Woolworths Cook Chicken Kebab Sweet Smokey Bbq 375g",
    "WOW Price": 6,
    "WOW Size": "375g",
    "WOW ppu": "$16.00 / 1KG"
  },
  {
    "Brand_Product_Size": "Woolworths Cook Beef Pepper Steaks 300g",
    "WOW Price": 7.5,
    "WOW Size": "300g",
    "WOW ppu": "$25.00 / 1KG"
  },
  {
    "Brand_Product_Size": "Chilli Baby Hot each",
    "WOW Price": 0.42,
    "WOW Size": "each",
    "WOW ppu": "$0.42 / 1EA"
  },
  {
    "Brand_Product_Size": "Woolworths Cook Stir Fry Hokkien Noodles 450g",
    "WOW Price": 2,
    "WOW Size": "450g",
    "WOW ppu": "$0.44 / 100G"
  },
  {
    "Brand_Product_Size": "Woolworths Fresh Granny Smith Apples 1kg",
    "WOW Price": 3.9,
    "WOW Size": "1kg",
    "WOW ppu": "$3.90 / 1KG"
  },
  {
    "Brand_Product_Size": "Woolworths Fresh Granny Smith Apples 1kg",
    "WOW Price": 3.9,
    "WOW Size": "1kg",
    "WOW ppu": "$3.90 / 1KG"
  },
  {
    "Brand_Product_Size": "Nestle Pauls Chokito Choc-caramel Custard 170g",
    "WOW Price": 2.5,
    "WOW Size": "170g",
    "WOW ppu": "$1.47 / 100G"
  },
  {
    "Brand_Product_Size": "Yumi's Sesame Falafel Balls 225g",
    "WOW Price": 5,
    "WOW Size": "225g",
    "WOW ppu": "$22.22 / 1KG"
  },
  {
    "Brand_Product_Size": "Chris' Heritage Smoked Gouda & Jalapeno Dip 170g",
    "WOW Price": 8,
    "WOW Size": "170g",
    "WOW ppu": "$4.71 / 100G"
  },
  {
    "Brand_Product_Size": "Chris' Heritage Smoked Gouda & Jalapeno Dip 170g",
    "WOW Price": 8,
    "WOW Size": "170g",
    "WOW ppu": "$4.71 / 100G"
  },
  {
    "Brand_Product_Size": "Lexar High Performance 633x Sdmi Card 32gb each",
    "WOW Price": 25,
    "WOW Size": "each",
    "WOW ppu": ""
  },
  {
    "Brand_Product_Size": "Kellogg's Crunchy Nut White Chocolate Bars 6 pack",
    "WOW Price": 2.5,
    "WOW Size": "6 pack",
    "WOW ppu": "$1.54 / 100G"
  },
  {
    "Brand_Product_Size": "Kellogg's Crunchy Nut White Chocolate Bars 6 pack",
    "WOW Price": 2.5,
    "WOW Size": "6 pack",
    "WOW ppu": "$1.54 / 100G"
  },
  {
    "Brand_Product_Size": "Macro Organic Frozen Mixed Berries 450g",
    "WOW Price": 7.5,
    "WOW Size": "450g",
    "WOW ppu": "$16.67 / 1KG"
  },
  {
    "Brand_Product_Size": "Baby Bellies Organic Puffs Blueberry 12g",
    "WOW Price": 1.7,
    "WOW Size": "12g",
    "WOW ppu": "$14.17 / 100G"
  },
  {
    "Brand_Product_Size": "Nanna's Multipack Pies & Desserts Apple Pie 4 pack",
    "WOW Price": 4,
    "WOW Size": "4 pack",
    "WOW ppu": "$0.89 / 100G"
  },
  {
    "Brand_Product_Size": "Maggie Beer Ash Triple Cream Brie 200g",
    "WOW Price": 8,
    "WOW Size": "200g",
    "WOW ppu": "$40.00 / 1KG"
  },
  {
    "Brand_Product_Size": "Maggie Beer Ash Triple Cream Brie 200g",
    "WOW Price": 8,
    "WOW Size": "200g",
    "WOW ppu": "$40.00 / 1KG"
  },
  {
    "Brand_Product_Size": "Macro Chickpea Corn Chips Spicy Tomato Salsa 175g",
    "WOW Price": 3.5,
    "WOW Size": "175g",
    "WOW ppu": "$2.00 / 100G"
  },
  {
    "Brand_Product_Size": "Woolworths After Sun Aloe Vera Tube 200mL",
    "WOW Price": 4,
    "WOW Size": "200mL",
    "WOW ppu": "$2.00 / 100ML"
  },
  {
    "Brand_Product_Size": "Madura Green Tea Bags 50 pack 75g",
    "WOW Price": 4.55,
    "WOW Size": "50 pack 75g",
    "WOW ppu": "$0.09 / 1EA"
  },
  {
    "Brand_Product_Size": "Madura Green Tea Bags 50 pack 75g",
    "WOW Price": 4.55,
    "WOW Size": "50 pack 75g",
    "WOW ppu": "$0.09 / 1EA"
  },
  {
    "Brand_Product_Size": "Inside Out Almond Milk Cold Brew Coffee 350mL",
    "WOW Price": 3,
    "WOW Size": "350mL",
    "WOW ppu": "$8.57 / 1L"
  },
  {
    "Brand_Product_Size": "Brut Deodorant Roll On Stick Original 75g",
    "WOW Price": 5.5,
    "WOW Size": "75g",
    "WOW ppu": "$7.33 / 100G"
  },
  {
    "Brand_Product_Size": "Nature's Way Beauty Collagen Mature Skin Gummies Orange Flavoured 40 pack",
    "WOW Price": 25,
    "WOW Size": "40 pack",
    "WOW ppu": "$62.50 / 100EA"
  },
  {
    "Brand_Product_Size": "Bulla Nourish Mango And Coconut Sticks 6 pack",
    "WOW Price": 7,
    "WOW Size": "6 pack",
    "WOW ppu": "$1.56 / 100ML"
  },
  {
    "Brand_Product_Size": "Sacred Grounds Single Origin Peru Ground Coffee 200g",
    "WOW Price": 10,
    "WOW Size": "200g",
    "WOW ppu": "$5.00 / 100G"
  },
  {
    "Brand_Product_Size": "Sacred Grounds Single Origin Peru Ground Coffee 200g",
    "WOW Price": 10,
    "WOW Size": "200g",
    "WOW ppu": "$5.00 / 100G"
  },
  {
    "Brand_Product_Size": "Bondi Sands Aero Ultra Dark Self Tanning Foam 225mL",
    "WOW Price": 27,
    "WOW Size": "225mL",
    "WOW ppu": "$12.00 / 100ML"
  },
  {
    "Brand_Product_Size": "Fanta Orange Cans 375mL x10 pack",
    "WOW Price": 7.9,
    "WOW Size": "375mL x10 pack",
    "WOW ppu": "$2.11 / 1L"
  },
  {
    "Brand_Product_Size": "Bref Duo Active Mediterranean Lemon 50mL",
    "WOW Price": 3.5,
    "WOW Size": "50mL",
    "WOW ppu": "$7.00 / 100ML"
  },
  {
    "Brand_Product_Size": "Bertocchi Authentic Leg Ham Boneless 500g - 1kg",
    "WOW Price": 20,
    "WOW Size": "500g - 1kg",
    "WOW ppu": "$20.00 / 1KG"
  },
  {
    "Brand_Product_Size": "Le Tan Uber Stay Self Tanning Foam - Ash Base 200mL",
    "WOW Price": 18,
    "WOW Size": "200mL",
    "WOW ppu": "$18.00 / 1EA"
  },
  {
    "Brand_Product_Size": "Queen Organic Vanilla Bean Paste 140g",
    "WOW Price": 16.5,
    "WOW Size": "140g",
    "WOW ppu": "$11.79 / 100G"
  },
  {
    "Brand_Product_Size": "Lucky Slivered Almonds 110g",
    "WOW Price": 5,
    "WOW Size": "110g",
    "WOW ppu": "$45.45 / 1KG"
  },
  {
    "Brand_Product_Size": "Alameed Coffee Medium Without Cardamom Turkish Coffee 250g",
    "WOW Price": 8,
    "WOW Size": "250g",
    "WOW ppu": "$3.20 / 100G"
  },
  {
    "Brand_Product_Size": "Bulldog Original Beard Balm 75mL",
    "WOW Price": 12,
    "WOW Size": "75mL",
    "WOW ppu": "$16.00 / 100ML"
  },
  {
    "Brand_Product_Size": "Difflam Sore Throat Lozenges Honey & Lemon 16 pack",
    "WOW Price": 6.5,
    "WOW Size": "16 pack",
    "WOW ppu": "$0.41 / 1EA"
  },
  {
    "Brand_Product_Size": "Australian Organic Food Co Fruit Puree Apple & Strawberry 120g",
    "WOW Price": 2,
    "WOW Size": "120g",
    "WOW ppu": "$16.67 / 1KG"
  },
  {
    "Brand_Product_Size": "Neat Feat Spandex Gel Metatarsal Cushion each",
    "WOW Price": 21,
    "WOW Size": "each",
    "WOW ppu": "$21.00 / 1EA"
  },
  {
    "Brand_Product_Size": "Tonka Mighty Rescue Vehicle Assorted each",
    "WOW Price": 16,
    "WOW Size": "each",
    "WOW ppu": ""
  },
  {
    "Brand_Product_Size": "Woolworths Almonds Tamari 225g",
    "WOW Price": 6,
    "WOW Size": "225g",
    "WOW ppu": "$26.67 / 1KG"
  },
  {
    "Brand_Product_Size": "Bonds Mens Guyfront Mid Length Trunk Large Assorted each",
    "WOW Price": 25,
    "WOW Size": "each",
    "WOW ppu": ""
  },
  {
    "Brand_Product_Size": "Cadbury Dairy Milk Peppermint 180g",
    "WOW Price": 3.5,
    "WOW Size": "180g",
    "WOW ppu": "$1.94 / 100G"
  },
  {
    "Brand_Product_Size": "Karicare 3 Toddler Milk Drink Formula From 12+ Months 900g",
    "WOW Price": 15,
    "WOW Size": "900g",
    "WOW ppu": "$1.67 / 100G"
  },
  {
    "Brand_Product_Size": "Masterfoods All Purpose Spicy Seasoning 190g",
    "WOW Price": 5.3,
    "WOW Size": "190g",
    "WOW ppu": "$0.28 / 10G"
  },
  {
    "Brand_Product_Size": "Hakka Fried Fish Slices 200g",
    "WOW Price": 3.8,
    "WOW Size": "200g",
    "WOW ppu": "$19.00 / 1KG"
  },
  {
    "Brand_Product_Size": "Dentalife Activfresh Adult Small/medium Breed Dog Dental Treats 9 pack",
    "WOW Price": 6.5,
    "WOW Size": "9 pack",
    "WOW ppu": "$3.76 / 100G"
  },
  {
    "Brand_Product_Size": "Calidad Canon 520/521 Bbcmy Ink Cartridge 5 pack",
    "WOW Price": 55,
    "WOW Size": "5 pack",
    "WOW ppu": ""
  },
  {
    "Brand_Product_Size": "Dettol Parents Approved Jasmine Handwash 250mL",
    "WOW Price": 3,
    "WOW Size": "250mL",
    "WOW ppu": "$1.20 / 100ML"
  },
  {
    "Brand_Product_Size": "Gravox Gravy Mix Traditional 120g",
    "WOW Price": 3.5,
    "WOW Size": "120g",
    "WOW ppu": "$0.29 / 10G"
  },
  {
    "Brand_Product_Size": "Darrell Lea Milk Chocolate Coated Original Liquorice Twists 200g",
    "WOW Price": 3.5,
    "WOW Size": "200g",
    "WOW ppu": "$1.75 / 100G"
  },
  {
    "Brand_Product_Size": "Birds Eye Oven Bake Lightly Battered Fish 6 pack",
    "WOW Price": 10,
    "WOW Size": "6 pack",
    "WOW ppu": "$23.53 / 1KG"
  },
  {
    "Brand_Product_Size": "Sistema Klip It Plus Value Pack 6 pack",
    "WOW Price": 12,
    "WOW Size": "6 pack",
    "WOW ppu": "$12.00 / 1EA"
  },
  {
    "Brand_Product_Size": "Green's Gravy Granules For Chicken 120g",
    "WOW Price": 3.8,
    "WOW Size": "120g",
    "WOW ppu": "$0.32 / 10G"
  },
  {
    "Brand_Product_Size": "Greenseas Tuna Chunk In Olive Oil 95g",
    "WOW Price": 1.7,
    "WOW Size": "95g",
    "WOW ppu": "$17.89 / 1KG"
  },
  {
    "Brand_Product_Size": "The Collective Dairy Free Plant Fudge 450g",
    "WOW Price": 5,
    "WOW Size": "450g",
    "WOW ppu": "$1.11 / 100G"
  },
  {
    "Brand_Product_Size": "Purina Dog Collar Medium Assorted each",
    "WOW Price": 18,
    "WOW Size": "each",
    "WOW ppu": "$18.00 / 1EA"
  },
  {
    "Brand_Product_Size": "Nature's Cuppa Freeze Dried Coffee Eco Organic 100g",
    "WOW Price": 8,
    "WOW Size": "100g",
    "WOW ppu": "$8.00 / 100G"
  },
  {
    "Brand_Product_Size": "Nature's Cuppa Freeze Dried Coffee Eco Organic 100g",
    "WOW Price": 8,
    "WOW Size": "100g",
    "WOW ppu": "$8.00 / 100G"
  },
  {
    "Brand_Product_Size": "Woolworths Hearty Vegetable Lasagne 700g",
    "WOW Price": 11,
    "WOW Size": "700g",
    "WOW ppu": "$1.57 / 100G"
  },
  {
    "Brand_Product_Size": "Woolworths Black Forest Gateau Cake 1.4kg",
    "WOW Price": 25,
    "WOW Size": "1.4kg",
    "WOW ppu": "$1.79 / 100G"
  },
  {
    "Brand_Product_Size": "Mr Chen's Ginger Prawn Dumplings 450g",
    "WOW Price": 12,
    "WOW Size": "450g",
    "WOW ppu": "$2.67 / 100G"
  },
  {
    "Brand_Product_Size": "Woolworths Chicken Breast Crumbed Tenders 400g",
    "WOW Price": 3.5,
    "WOW Size": "400g",
    "WOW ppu": "$8.75 / 1KG"
  },
  {
    "Brand_Product_Size": "I & J Fish Fillets Beer Battered 1.03kg",
    "WOW Price": 11,
    "WOW Size": "1.03kg",
    "WOW ppu": "$10.68 / 1KG"
  },
  {
    "Brand_Product_Size": "Gm Housebrand Paint Your Own Piggy Bank Assorted each",
    "WOW Price": 6,
    "WOW Size": "each",
    "WOW ppu": ""
  },
  {
    "Brand_Product_Size": "Hydralyte Sachets Orange 24 pack",
    "WOW Price": 24.5,
    "WOW Size": "24 pack",
    "WOW ppu": "$1.02 / 1EA"
  },
  {
    "Brand_Product_Size": "Darrell Lea Raspberry Liquorice Block Milk Chocolate Block 180g",
    "WOW Price": 5,
    "WOW Size": "180g",
    "WOW ppu": "$2.78 / 100G"
  },
  {
    "Brand_Product_Size": "Korbond Paper Animal Masks 6 pack",
    "WOW Price": 2,
    "WOW Size": "6 pack",
    "WOW ppu": "$2.00 / 1EA"
  },
  {
    "Brand_Product_Size": "Woolworths Bubble Umbrella each",
    "WOW Price": 14.95,
    "WOW Size": "each",
    "WOW ppu": ""
  },
  {
    "Brand_Product_Size": "Masterfoods Vanillin Sugar 65g",
    "WOW Price": 2,
    "WOW Size": "65g",
    "WOW ppu": "$0.31 / 10G"
  },
  {
    "Brand_Product_Size": "Woolworths Lightly Fruited Cake 700g",
    "WOW Price": 4.3,
    "WOW Size": "700g",
    "WOW ppu": "$0.61 / 100G"
  },
  {
    "Brand_Product_Size": "Whiskas 1+ Years Wet Cat Food Favourites Beef In Gravy Pouch 85g x12 pack",
    "WOW Price": 8,
    "WOW Size": "85g x12 pack",
    "WOW ppu": "$0.78 / 100G"
  },
  {
    "Brand_Product_Size": "U By Kotex Regular Extra Pads With Wings 16 pack",
    "WOW Price": 3.2,
    "WOW Size": "16 pack",
    "WOW ppu": "$0.20 / 1EA"
  },
  {
    "Brand_Product_Size": "Just Gloves Multi Purpose Latex Free Disposable Gloves Medium 24 pack",
    "WOW Price": 4.95,
    "WOW Size": "24 pack",
    "WOW ppu": "$0.21 / 1EA"
  },
  {
    "Brand_Product_Size": "Bactive Hand Sanitizer 50mL",
    "WOW Price": 3,
    "WOW Size": "50mL",
    "WOW ppu": "$6.00 / 100ML"
  },
  {
    "Brand_Product_Size": "Mount Franklin Lightly Sparkling Lime 375mL x10 pack",
    "WOW Price": 7.9,
    "WOW Size": "375mL x10 pack",
    "WOW ppu": "$2.11 / 1L"
  },
  {
    "Brand_Product_Size": "Woolworths Asian Salad With Crunchy Noodles Bowl 150g",
    "WOW Price": 5,
    "WOW Size": "150g",
    "WOW ppu": "$33.33 / 1KG"
  },
  {
    "Brand_Product_Size": "Woolworths Asian Salad With Crunchy Noodles Bowl 150g",
    "WOW Price": 5,
    "WOW Size": "150g",
    "WOW ppu": "$33.33 / 1KG"
  },
  {
    "Brand_Product_Size": "Woolworths Asian Salad With Crunchy Noodles Bowl 150g",
    "WOW Price": 5,
    "WOW Size": "150g",
    "WOW ppu": "$33.33 / 1KG"
  },
  {
    "Brand_Product_Size": "Schweppes Infused Natural Mineral Water With Lime 1.1L",
    "WOW Price": 1.25,
    "WOW Size": "1.1L",
    "WOW ppu": "$1.14 / 1L"
  },
  {
    "Brand_Product_Size": "Thirst Busters Raspberry Cordial 2L",
    "WOW Price": 2.2,
    "WOW Size": "2L",
    "WOW ppu": "$1.10 / 1L"
  },
  {
    "Brand_Product_Size": "Oates Carpet Sweeper each",
    "WOW Price": 30,
    "WOW Size": "each",
    "WOW ppu": ""
  },
  {
    "Brand_Product_Size": "Purina Pixar Buzz Dog Toy each",
    "WOW Price": 18,
    "WOW Size": "each",
    "WOW ppu": "$18.00 / 1EA"
  },
  {
    "Brand_Product_Size": "Skittles Fruits Lollies Box 45g",
    "WOW Price": 1.55,
    "WOW Size": "45g",
    "WOW ppu": "$3.44 / 100G"
  },
  {
    "Brand_Product_Size": "L'oreal Mascara False Lash Bambi Black each",
    "WOW Price": 13,
    "WOW Size": "each",
    "WOW ppu": "$14.44 / 10ML"
  },
  {
    "Brand_Product_Size": "Continental Chicken Stock Powder Salt Reduced 120g",
    "WOW Price": 2.99,
    "WOW Size": "120g",
    "WOW ppu": "$0.25 / 10G"
  },
  {
    "Brand_Product_Size": "Aussie Bodies Lo Carb Whipped Mint Choc Bar 50g",
    "WOW Price": 3,
    "WOW Size": "50g",
    "WOW ppu": "$6.00 / 100G"
  },
  {
    "Brand_Product_Size": "Yumi's Sundried Tomato With Olive & Eggplant 200g",
    "WOW Price": 4,
    "WOW Size": "200g",
    "WOW ppu": "$2.00 / 100G"
  },
  {
    "Brand_Product_Size": "Twinings Pure African Rooibos Herbal Infusions 40 pack",
    "WOW Price": 5,
    "WOW Size": "40 pack",
    "WOW ppu": "$0.13 / 1EA"
  },
  {
    "Brand_Product_Size": "Twinings Pure African Rooibos Herbal Infusions 40 pack",
    "WOW Price": 5,
    "WOW Size": "40 pack",
    "WOW ppu": "$0.13 / 1EA"
  },
  {
    "Brand_Product_Size": "The Alternative Meat Co The Alternative Chicken Tenders Plant Based Chicken 300g",
    "WOW Price": 8,
    "WOW Size": "300g",
    "WOW ppu": "$2.67 / 100G"
  },
  {
    "Brand_Product_Size": "Sorbent Facial Tissues Thick & Large White 95 pack",
    "WOW Price": 1.85,
    "WOW Size": "95 pack",
    "WOW ppu": "$1.95 / 100SS"
  },
  {
    "Brand_Product_Size": "Sorbent Facial Tissues Thick & Large White 95 pack",
    "WOW Price": 1.85,
    "WOW Size": "95 pack",
    "WOW ppu": "$1.95 / 100SS"
  },
  {
    "Brand_Product_Size": "Woolworths No Added Sugar Tomato Juice 1L",
    "WOW Price": 1.85,
    "WOW Size": "1L",
    "WOW ppu": "$1.85 / 1L"
  },
  {
    "Brand_Product_Size": "Ryvita Original 250g",
    "WOW Price": 1.42,
    "WOW Size": "250g",
    "WOW ppu": "$0.57 / 100G"
  },
  {
    "Brand_Product_Size": "Tradie Lady Quarter Crew Socks Size 5-8 2 pack",
    "WOW Price": 12,
    "WOW Size": "2 pack",
    "WOW ppu": ""
  },
  {
    "Brand_Product_Size": "Marathon Puffy Dogs 600g",
    "WOW Price": 7.9,
    "WOW Size": "600g",
    "WOW ppu": "$1.32 / 100G"
  },
  {
    "Brand_Product_Size": "Raw C Coconut Water Pure Natural 1L",
    "WOW Price": 4,
    "WOW Size": "1L",
    "WOW ppu": "$4.00 / 1L"
  },
  {
    "Brand_Product_Size": "Woolworths Fully Loaded Cookies Salted Caramel 200g",
    "WOW Price": 4,
    "WOW Size": "200g",
    "WOW ppu": "$2.00 / 100G"
  },
  {
    "Brand_Product_Size": "Tables & Tales Candied Fruit Soft Sponge Cake 7 pack",
    "WOW Price": 3,
    "WOW Size": "7 pack",
    "WOW ppu": "$1.43 / 100G"
  },
  {
    "Brand_Product_Size": "Maseur Footcare Ultra Sport Mens Insole 1 pair",
    "WOW Price": 18.5,
    "WOW Size": "1 pair",
    "WOW ppu": ""
  },
  {
    "Brand_Product_Size": "Allen's Party Mix Family Bag Lollies 465g",
    "WOW Price": 5,
    "WOW Size": "465g",
    "WOW ppu": "$1.08 / 100G"
  },
  {
    "Brand_Product_Size": "Four'n Twenty Pies Meat 4 pack",
    "WOW Price": 6.5,
    "WOW Size": "4 pack",
    "WOW ppu": "$0.93 / 100G"
  },
  {
    "Brand_Product_Size": "Bulldog Oil Control Face Wash 150mL",
    "WOW Price": 10,
    "WOW Size": "150mL",
    "WOW ppu": "$6.67 / 100ML"
  },
  {
    "Brand_Product_Size": "Mifroma Le Gruyere 150g",
    "WOW Price": 8.9,
    "WOW Size": "150g",
    "WOW ppu": "$59.33 / 1KG"
  },
  {
    "Brand_Product_Size": "Mifroma Le Gruyere 150g",
    "WOW Price": 8.9,
    "WOW Size": "150g",
    "WOW ppu": "$59.33 / 1KG"
  },
  {
    "Brand_Product_Size": "Olay Regenerist Retinol 24 Night Moisturiser 50g",
    "WOW Price": 41.3,
    "WOW Size": "50g",
    "WOW ppu": "$82.60 / 100G"
  },
  {
    "Brand_Product_Size": "Lip Smacker Lip Gloss 3 pack",
    "WOW Price": 4.12,
    "WOW Size": "3 pack",
    "WOW ppu": "$3.43 / 10G"
  },
  {
    "Brand_Product_Size": "Old El Paso Mexican Guacamole Spice Mix 30g",
    "WOW Price": 1.8,
    "WOW Size": "30g",
    "WOW ppu": "$6.00 / 100G"
  },
  {
    "Brand_Product_Size": "Tassal Tasmanian Salmon Skin Off 460g",
    "WOW Price": 16.5,
    "WOW Size": "460g",
    "WOW ppu": "$35.87 / 1KG"
  },
  {
    "Brand_Product_Size": "Sandhurst Olives Green Pitted 350g",
    "WOW Price": 3.25,
    "WOW Size": "350g",
    "WOW ppu": "$9.29 / 1KG"
  },
  {
    "Brand_Product_Size": "Mint Cake Icing Set each",
    "WOW Price": 6,
    "WOW Size": "each",
    "WOW ppu": ""
  },
  {
    "Brand_Product_Size": "Macro Brown Onions Organic 1kg bag",
    "WOW Price": 4.4,
    "WOW Size": "1kg bag",
    "WOW ppu": ""
  },
  {
    "Brand_Product_Size": "Maseur Footcare Heel & Arch Insole Womens each",
    "WOW Price": 18.5,
    "WOW Size": "each",
    "WOW ppu": ""
  },
  {
    "Brand_Product_Size": "Tena Pads Maxi Night 14 pack",
    "WOW Price": 9,
    "WOW Size": "14 pack",
    "WOW ppu": "$0.64 / 1EA"
  },
  {
    "Brand_Product_Size": "Ocean Chef Salmon Parcels In Leek & Cheese Sauce 280g",
    "WOW Price": 10,
    "WOW Size": "280g",
    "WOW ppu": "$35.71 / 1KG"
  },
  {
    "Brand_Product_Size": "Bundaberg Ginger Beer Mini Can 6x200mL",
    "WOW Price": 6.9,
    "WOW Size": "6x200mL",
    "WOW ppu": "$5.75 / 1L"
  },
  {
    "Brand_Product_Size": "Woolworths White Flat Mushrooms Punnet 375g",
    "WOW Price": 6.5,
    "WOW Size": "375g",
    "WOW ppu": "$17.33 / 1KG"
  },
  {
    "Brand_Product_Size": "Macro Raw Nibble Mix 500g",
    "WOW Price": 7,
    "WOW Size": "500g",
    "WOW ppu": "$1.40 / 100G"
  },
  {
    "Brand_Product_Size": "Chevron Type D Batteries 4 pack",
    "WOW Price": 5,
    "WOW Size": "4 pack",
    "WOW ppu": "$1.25 / 1EA"
  },
  {
    "Brand_Product_Size": "Gourmet Garden Paste Ginger 80g",
    "WOW Price": 3.5,
    "WOW Size": "80g",
    "WOW ppu": "$4.38 / 100G"
  },
  {
    "Brand_Product_Size": "Gourmet Garden Paste Ginger 80g",
    "WOW Price": 3.5,
    "WOW Size": "80g",
    "WOW ppu": "$4.38 / 100G"
  },
  {
    "Brand_Product_Size": "Bickford's Tropical Cordial 750mL",
    "WOW Price": 4,
    "WOW Size": "750mL",
    "WOW ppu": "$5.33 / 1L"
  },
  {
    "Brand_Product_Size": "Juicy Isle Chocolate Topping 375mL",
    "WOW Price": 2,
    "WOW Size": "375mL",
    "WOW ppu": "$0.53 / 100ML"
  },
  {
    "Brand_Product_Size": "Pana Organic Caramel Chocolate Pieces 135g",
    "WOW Price": 9.9,
    "WOW Size": "135g",
    "WOW ppu": "$7.33 / 100G"
  },
  {
    "Brand_Product_Size": "John Frieda Detox & Repair Conditioner 250mL",
    "WOW Price": 18,
    "WOW Size": "250mL",
    "WOW ppu": "$7.20 / 100ML"
  },
  {
    "Brand_Product_Size": "Maui Moisture Curl Quench & Coconut Oil Conditioner 385mL",
    "WOW Price": 22,
    "WOW Size": "385mL",
    "WOW ppu": "$5.71 / 100ML"
  },
  {
    "Brand_Product_Size": "Walkers Shortbread Pure Butter 190g",
    "WOW Price": 3,
    "WOW Size": "190g",
    "WOW ppu": "$1.58 / 100G"
  },
  {
    "Brand_Product_Size": "Abundance Beetroot Gnocchi 400g",
    "WOW Price": 7.5,
    "WOW Size": "400g",
    "WOW ppu": "$1.88 / 100G"
  },
  {
    "Brand_Product_Size": "Hydralyte Electrolyte Powder Sachets Apple Blackcurrant 10 pack",
    "WOW Price": 14,
    "WOW Size": "10 pack",
    "WOW ppu": "$1.40 / 1EA"
  },
  {
    "Brand_Product_Size": "Dishmatic General Purpose Refill 3 pack",
    "WOW Price": 6,
    "WOW Size": "3 pack",
    "WOW ppu": "$2.00 / 1EA"
  },
  {
    "Brand_Product_Size": "Smith's Crinkle Cut Potato Chips Original 60g",
    "WOW Price": 2.1,
    "WOW Size": "60g",
    "WOW ppu": "$3.50 / 100G"
  },
  {
    "Brand_Product_Size": "Vs Sassoon For Men The Multi Groomer Grooming Kit each",
    "WOW Price": 35,
    "WOW Size": "each",
    "WOW ppu": ""
  },
  {
    "Brand_Product_Size": "Beerenberg Fruit Chutney 290g",
    "WOW Price": 4,
    "WOW Size": "290g",
    "WOW ppu": "$1.38 / 100G"
  },
  {
    "Brand_Product_Size": "Betty Crocker Triple Chocolate Muffin Mix 500g",
    "WOW Price": 5.2,
    "WOW Size": "500g",
    "WOW ppu": "$1.04 / 100G"
  },
  {
    "Brand_Product_Size": "Carman's Choc Birthday Cake Aussie Oat Bar 30g x6 pack",
    "WOW Price": 5,
    "WOW Size": "30g x6 pack",
    "WOW ppu": "$2.78 / 100G"
  },
  {
    "Brand_Product_Size": "Peters Icy Pole Lemonade 8 pack",
    "WOW Price": 4.6,
    "WOW Size": "8 pack",
    "WOW ppu": "$0.77 / 100ML"
  },
  {
    "Brand_Product_Size": "Strike Disinfectant Wipes Lemon 100 pack",
    "WOW Price": 3.5,
    "WOW Size": "100 pack",
    "WOW ppu": "$0.04 / 1EA"
  },
  {
    "Brand_Product_Size": "Cedel Hair Spray Firm Hold 250g",
    "WOW Price": 5,
    "WOW Size": "250g",
    "WOW ppu": "$2.00 / 100G"
  },
  {
    "Brand_Product_Size": "Dettol Antibacterial Liquid Hand Wash Refresh Refill 950mL",
    "WOW Price": 6.5,
    "WOW Size": "950mL",
    "WOW ppu": "$0.68 / 100ML"
  },
  {
    "Brand_Product_Size": "Riviana Crabmeat 170g",
    "WOW Price": 4.3,
    "WOW Size": "170g",
    "WOW ppu": "$25.29 / 1KG"
  },
  {
    "Brand_Product_Size": "Woolworths Lemongrass Fresh Herb 30g punnet",
    "WOW Price": 3,
    "WOW Size": "30g punnet",
    "WOW ppu": "$1.00 / 10G"
  },
  {
    "Brand_Product_Size": "Woolworths Lemongrass Fresh Herb 30g punnet",
    "WOW Price": 3,
    "WOW Size": "30g punnet",
    "WOW ppu": "$1.00 / 10G"
  },
  {
    "Brand_Product_Size": "Famous Soda Co Ginger Beer 330mL",
    "WOW Price": 4,
    "WOW Size": "330mL",
    "WOW ppu": ""
  },
  {
    "Brand_Product_Size": "Mamee Rice Snacks Sticks Cheese Flavour 200g",
    "WOW Price": 6,
    "WOW Size": "200g",
    "WOW ppu": "$3.00 / 100G"
  },
  {
    "Brand_Product_Size": "Mamee Rice Snacks Sticks Cheese Flavour 200g",
    "WOW Price": 6,
    "WOW Size": "200g",
    "WOW ppu": "$3.00 / 100G"
  },
  {
    "Brand_Product_Size": "Woolworths Fully Loaded Chocoalte Brownie Cheesecake 900g",
    "WOW Price": 20,
    "WOW Size": "900g",
    "WOW ppu": "$2.22 / 100G"
  },
  {
    "Brand_Product_Size": "Tenderly Toilet Tissue 3 Ply 250 Sheets 10 pack",
    "WOW Price": 9.9,
    "WOW Size": "10 pack",
    "WOW ppu": "$0.40 / 100SS"
  },
  {
    "Brand_Product_Size": "Gourmet Garden Paste Lemongrass 80g",
    "WOW Price": 3.5,
    "WOW Size": "80g",
    "WOW ppu": "$4.38 / 100G"
  },
  {
    "Brand_Product_Size": "Gourmet Garden Paste Lemongrass 80g",
    "WOW Price": 3.5,
    "WOW Size": "80g",
    "WOW ppu": "$4.38 / 100G"
  },
  {
    "Brand_Product_Size": "Golden Circle Orange Juice 350mL",
    "WOW Price": 1.6,
    "WOW Size": "350mL",
    "WOW ppu": "$4.57 / 1L"
  },
  {
    "Brand_Product_Size": "Golden Circle Orange Juice 350mL",
    "WOW Price": 1.6,
    "WOW Size": "350mL",
    "WOW ppu": "$4.57 / 1L"
  },
  {
    "Brand_Product_Size": "Philips Bathroom Heat Globe 275w Es Base each",
    "WOW Price": 12,
    "WOW Size": "each",
    "WOW ppu": "$12.00 / 1EA"
  },
  {
    "Brand_Product_Size": "Bic Kids Crayons Turn & Colour 12 pack",
    "WOW Price": 4.2,
    "WOW Size": "12 pack",
    "WOW ppu": ""
  },
  {
    "Brand_Product_Size": "Perfection Kumato Grape Tomato 200g punnet",
    "WOW Price": 3.5,
    "WOW Size": "200g punnet",
    "WOW ppu": "$17.50 / 1KG"
  },
  {
    "Brand_Product_Size": "Perfection Kumato Grape Tomato 200g punnet",
    "WOW Price": 3.5,
    "WOW Size": "200g punnet",
    "WOW ppu": "$17.50 / 1KG"
  },
  {
    "Brand_Product_Size": "Friskies Adult Seafood Sensations Dry Cat Food 1kg",
    "WOW Price": 4.9,
    "WOW Size": "1kg",
    "WOW ppu": "$0.49 / 100G"
  },
  {
    "Brand_Product_Size": "Paperclick Whiteboard Mini each",
    "WOW Price": 3,
    "WOW Size": "each",
    "WOW ppu": ""
  },
  {
    "Brand_Product_Size": "Green's Pancake Mix Buttermilk Shake 325g",
    "WOW Price": 2.2,
    "WOW Size": "325g",
    "WOW ppu": "$0.68 / 100G"
  },
  {
    "Brand_Product_Size": "Woolworths Nuts Granulated 200g",
    "WOW Price": 1.5,
    "WOW Size": "200g",
    "WOW ppu": "$7.50 / 1KG"
  },
  {
    "Brand_Product_Size": "Woolworths Oat Bran 500g",
    "WOW Price": 2,
    "WOW Size": "500g",
    "WOW ppu": "$0.40 / 100G"
  },
  {
    "Brand_Product_Size": "Obela Spicy Harissa Garnished Hommus 220g",
    "WOW Price": 4,
    "WOW Size": "220g",
    "WOW ppu": "$1.82 / 100G"
  },
  {
    "Brand_Product_Size": "Heinz Simply Food 6 Months Banana Custard 120g",
    "WOW Price": 1.5,
    "WOW Size": "120g",
    "WOW ppu": "$1.25 / 100G"
  },
  {
    "Brand_Product_Size": "Earth Choice Shower Cleaner 600mL",
    "WOW Price": 4.15,
    "WOW Size": "600mL",
    "WOW ppu": "$0.69 / 100ML"
  },
  {
    "Brand_Product_Size": "Band-aid Plastic Strips Assorted 50 pack",
    "WOW Price": 5,
    "WOW Size": "50 pack",
    "WOW ppu": "$0.10 / 1EA"
  },
  {
    "Brand_Product_Size": "Heinz Pouch Pumpkin Sweetcorn Chicken & Rice 120g",
    "WOW Price": 1.5,
    "WOW Size": "120g",
    "WOW ppu": "$1.25 / 100G"
  },
  {
    "Brand_Product_Size": "Essentials Sponge Mop each",
    "WOW Price": 10,
    "WOW Size": "each",
    "WOW ppu": "$10.00 / 1EA"
  },
  {
    "Brand_Product_Size": "Ingham's Turkey Mince 500g",
    "WOW Price": 6,
    "WOW Size": "500g",
    "WOW ppu": "$12.00 / 1KG"
  },
  {
    "Brand_Product_Size": "Woolworths Trail Mix 6x30g",
    "WOW Price": 4,
    "WOW Size": "6x30g",
    "WOW ppu": "$22.22 / 1KG"
  },
  {
    "Brand_Product_Size": "Macro Organic Self Raising Flour 1kg",
    "WOW Price": 4.5,
    "WOW Size": "1kg",
    "WOW ppu": "$4.50 / 1KG"
  },
  {
    "Brand_Product_Size": "Woolworths Processed Cheese Slices Smokey 250g",
    "WOW Price": 2.9,
    "WOW Size": "250g",
    "WOW ppu": "$11.60 / 1KG"
  },
  {
    "Brand_Product_Size": "Decor Match Ups Clips Tall Square 3l each",
    "WOW Price": 10,
    "WOW Size": "each",
    "WOW ppu": ""
  },
  {
    "Brand_Product_Size": "Sharwood's Simmer Sauce Korma 420g",
    "WOW Price": 2,
    "WOW Size": "420g",
    "WOW ppu": "$0.48 / 100G"
  },
  {
    "Brand_Product_Size": "Disney Mother's Day Socks Pink Vibes each",
    "WOW Price": 5,
    "WOW Size": "each",
    "WOW ppu": ""
  },
  {
    "Brand_Product_Size": "Twinings Camomile Honey & Vanilla Hebal Infusions 40 pack",
    "WOW Price": 6,
    "WOW Size": "40 pack",
    "WOW ppu": "$0.15 / 1EA"
  },
  {
    "Brand_Product_Size": "Twinings Camomile Honey & Vanilla Hebal Infusions 40 pack",
    "WOW Price": 6,
    "WOW Size": "40 pack",
    "WOW ppu": "$0.15 / 1EA"
  },
  {
    "Brand_Product_Size": "Edgell Super Sweet Corn Kernels Super Sweet 420g",
    "WOW Price": 1.5,
    "WOW Size": "420g",
    "WOW ppu": "$3.57 / 1KG"
  },
  {
    "Brand_Product_Size": "The Bar Counter Bar High Protein Chocolate Mint 40g",
    "WOW Price": 2.5,
    "WOW Size": "40g",
    "WOW ppu": "$6.25 / 100G"
  },
  {
    "Brand_Product_Size": "Cadbury Dairy Milk Mousse Cake 450g",
    "WOW Price": 10,
    "WOW Size": "450g",
    "WOW ppu": "$2.22 / 100G"
  },
  {
    "Brand_Product_Size": "V.i.p Adult Dog Food Steak Mince 800g",
    "WOW Price": 6.9,
    "WOW Size": "800g",
    "WOW ppu": "$0.86 / 100G"
  },
  {
    "Brand_Product_Size": "Woolworths Basmati Rice 1kg",
    "WOW Price": 3.3,
    "WOW Size": "1kg",
    "WOW ppu": "$0.33 / 100G"
  },
  {
    "Brand_Product_Size": "Maui Moisture Hibiscus Water Shampoo 385mL",
    "WOW Price": 22,
    "WOW Size": "385mL",
    "WOW ppu": "$5.71 / 100ML"
  },
  {
    "Brand_Product_Size": "Extra White Lemon Lime Chewing Gum Sugar Free 4x10 Piece 56g",
    "WOW Price": 3.5,
    "WOW Size": "56g",
    "WOW ppu": "$6.25 / 100G"
  },
  {
    "Brand_Product_Size": "Mother's Day Paint Your Own Paper Canvas each",
    "WOW Price": 4,
    "WOW Size": "each",
    "WOW ppu": ""
  },
  {
    "Brand_Product_Size": "Finish Quantum Ultimate Pro Dishwasher Tablets Regular 32 pack",
    "WOW Price": 36,
    "WOW Size": "32 pack",
    "WOW ppu": "$1.13 / 1EA"
  },
  {
    "Brand_Product_Size": "Chilli Red each",
    "WOW Price": 0.6,
    "WOW Size": "each",
    "WOW ppu": "$0.60 / 1EA"
  },
  {
    "Brand_Product_Size": "Snickers Chocolate Large Party Share Bag 20 Piece 360g",
    "WOW Price": 5,
    "WOW Size": "360g",
    "WOW ppu": "$1.39 / 100G"
  },
  {
    "Brand_Product_Size": "Deep Heat Night Soothing Cream 100g",
    "WOW Price": 5.6,
    "WOW Size": "100g",
    "WOW ppu": "$5.60 / 100G"
  },
  {
    "Brand_Product_Size": "Queen Pink Food Colour Gel 15g",
    "WOW Price": 2.5,
    "WOW Size": "15g",
    "WOW ppu": "$16.67 / 100G"
  },
  {
    "Brand_Product_Size": "Rosella Tomato Sauce Glass 580mL",
    "WOW Price": 3,
    "WOW Size": "580mL",
    "WOW ppu": "$0.52 / 100ML"
  },
  {
    "Brand_Product_Size": "Macro Organic Frozen Raspberries 450g",
    "WOW Price": 7.5,
    "WOW Size": "450g",
    "WOW ppu": "$16.67 / 1KG"
  },
  {
    "Brand_Product_Size": "Licorice Lovers Choc Coated Licorice 200g",
    "WOW Price": 2,
    "WOW Size": "200g",
    "WOW ppu": "$1.00 / 100G"
  },
  {
    "Brand_Product_Size": "Chux Original Superwipes Giant 10 pack",
    "WOW Price": 5.5,
    "WOW Size": "10 pack",
    "WOW ppu": "$0.55 / 1EA"
  },
  {
    "Brand_Product_Size": "Coca-cola Classic Soft Drink Mini Bottles 300mL x12 pack",
    "WOW Price": 11.95,
    "WOW Size": "300mL x12 pack",
    "WOW ppu": "$3.32 / 1L"
  },
  {
    "Brand_Product_Size": "Della Rosa Bbq Bacon & Cheese Pizza Subs 600g",
    "WOW Price": 4.7,
    "WOW Size": "600g",
    "WOW ppu": "$0.78 / 100G"
  },
  {
    "Brand_Product_Size": "Menissez Bake At Home Multigrain Dinner Rolls 6 pack",
    "WOW Price": 2,
    "WOW Size": "6 pack",
    "WOW ppu": "$0.33 / 1EA"
  },
  {
    "Brand_Product_Size": "Cenovis Turmeric 3100 Capsules 80 pack",
    "WOW Price": 17,
    "WOW Size": "80 pack",
    "WOW ppu": "$21.25 / 100EA"
  },
  {
    "Brand_Product_Size": "Peters Original Neapolitan 4L",
    "WOW Price": 9.4,
    "WOW Size": "4L",
    "WOW ppu": "$0.24 / 100ML"
  },
  {
    "Brand_Product_Size": "V8 Hot & Spicy Vegetable Juice 1.25L",
    "WOW Price": 3.5,
    "WOW Size": "1.25L",
    "WOW ppu": "$2.80 / 1L"
  },
  {
    "Brand_Product_Size": "Masterfoods Ground Sage Leaves 20g",
    "WOW Price": 2.6,
    "WOW Size": "20g",
    "WOW ppu": "$1.30 / 10G"
  },
  {
    "Brand_Product_Size": "Cracker Barrel Slice Extra Sharp 250g",
    "WOW Price": 6.5,
    "WOW Size": "250g",
    "WOW ppu": "$26.00 / 1KG"
  },
  {
    "Brand_Product_Size": "Santa Vittoria Sparkling Mineral Water 6x750mL",
    "WOW Price": 8.4,
    "WOW Size": "6x750mL",
    "WOW ppu": "$1.87 / 1L"
  },
  {
    "Brand_Product_Size": "Mortein Powergard Crawling Insect Killer 350g",
    "WOW Price": 15,
    "WOW Size": "350g",
    "WOW ppu": "$4.29 / 100G"
  },
  {
    "Brand_Product_Size": "Green's Temptations Cinnamon Scroll Mix 520g",
    "WOW Price": 4,
    "WOW Size": "520g",
    "WOW ppu": "$0.77 / 100G"
  },
  {
    "Brand_Product_Size": "Woolworths Shortcut Bacon 500g",
    "WOW Price": 7,
    "WOW Size": "500g",
    "WOW ppu": "$14.00 / 1KG"
  },
  {
    "Brand_Product_Size": "Armada Dinner Serviettes White 2 Ply 50 pack",
    "WOW Price": 4,
    "WOW Size": "50 pack",
    "WOW ppu": "$0.08 / 1EA"
  },
  {
    "Brand_Product_Size": "Cobs Popcorn Sweet As Gluten Free 110g",
    "WOW Price": 2.85,
    "WOW Size": "110g",
    "WOW ppu": "$2.59 / 100G"
  },
  {
    "Brand_Product_Size": "The Culture Co. Kefir Yogurt Blueberry 150g",
    "WOW Price": 2.3,
    "WOW Size": "150g",
    "WOW ppu": "$1.53 / 100G"
  },
  {
    "Brand_Product_Size": "Bell Farms Frozen Mash Potato 1kg",
    "WOW Price": 3.5,
    "WOW Size": "1kg",
    "WOW ppu": "$3.50 / 1KG"
  },
  {
    "Brand_Product_Size": "Neutrogena Sheer Zinc Dry-touch Sunscreen Lotion Spf 50 88mL",
    "WOW Price": 19.2,
    "WOW Size": "88mL",
    "WOW ppu": "$21.82 / 100ML"
  },
  {
    "Brand_Product_Size": "Comfort Fabric Conditioner Sunshiny Days 800mL",
    "WOW Price": 7,
    "WOW Size": "800mL",
    "WOW ppu": "$8.75 / 1L"
  },
  {
    "Brand_Product_Size": "Woolworths Caramelised Onion & Angus Beef Sausages 500g",
    "WOW Price": 8.5,
    "WOW Size": "500g",
    "WOW ppu": "$17.00 / 1KG"
  },
  {
    "Brand_Product_Size": "Sistema Splits Multi 820mL",
    "WOW Price": 6,
    "WOW Size": "820mL",
    "WOW ppu": "$6.00 / 1EA"
  },
  {
    "Brand_Product_Size": "Sabco Long Handled Dustpan each",
    "WOW Price": 18.5,
    "WOW Size": "each",
    "WOW ppu": ""
  },
  {
    "Brand_Product_Size": "Woolworths Leafy Mix 200g",
    "WOW Price": 3,
    "WOW Size": "200g",
    "WOW ppu": "$15.00 / 1KG"
  },
  {
    "Brand_Product_Size": "Woolworths Leafy Mix 200g",
    "WOW Price": 3,
    "WOW Size": "200g",
    "WOW ppu": "$15.00 / 1KG"
  },
  {
    "Brand_Product_Size": "Green's Classic Banana Bread 400g",
    "WOW Price": 2.75,
    "WOW Size": "400g",
    "WOW ppu": "$0.69 / 100G"
  },
  {
    "Brand_Product_Size": "Energizer Usb-c Cable Blue 1.2 Metre each",
    "WOW Price": 20,
    "WOW Size": "each",
    "WOW ppu": ""
  },
  {
    "Brand_Product_Size": "Blackmores Travel Calm Tablets With Ginger 45 pack",
    "WOW Price": 9.6,
    "WOW Size": "45 pack",
    "WOW ppu": "$21.33 / 100EA"
  },
  {
    "Brand_Product_Size": "Sistema Plasticware Breakfast To Go 530ml each",
    "WOW Price": 5,
    "WOW Size": "each",
    "WOW ppu": ""
  },
  {
    "Brand_Product_Size": "Nivea Coconut Indulgent Moisture Shower Gel & Body Wash 1L",
    "WOW Price": 13.7,
    "WOW Size": "1L",
    "WOW ppu": "$1.37 / 100ML"
  },
  {
    "Brand_Product_Size": "Glow Lab Repairing Conditioner 600mL",
    "WOW Price": 30,
    "WOW Size": "600mL",
    "WOW ppu": "$5.00 / 100ML"
  },
  {
    "Brand_Product_Size": "Parle Krackjack 5 pack",
    "WOW Price": 5,
    "WOW Size": "5 pack",
    "WOW ppu": "$1.67 / 100G"
  },
  {
    "Brand_Product_Size": "M&m's Mini's Chocolate Tube 35g",
    "WOW Price": 2,
    "WOW Size": "35g",
    "WOW ppu": "$5.71 / 100G"
  },
  {
    "Brand_Product_Size": "Frantelle Lime & Lemon Sparkling Water 375mL x10 pack",
    "WOW Price": 9.5,
    "WOW Size": "375mL x10 pack",
    "WOW ppu": "$2.53 / 1L"
  },
  {
    "Brand_Product_Size": "Oral-b Clic Refill Kit each",
    "WOW Price": 14,
    "WOW Size": "each",
    "WOW ppu": "$7.00 / 1EA"
  },
  {
    "Brand_Product_Size": "Lee Kum Kee Soy Sauce Sweet 207mL",
    "WOW Price": 2.3,
    "WOW Size": "207mL",
    "WOW ppu": "$1.11 / 100ML"
  },
  {
    "Brand_Product_Size": "Cancer Council Spf 30+ Sunscreen Everyday 110mL",
    "WOW Price": 12,
    "WOW Size": "110mL",
    "WOW ppu": "$10.91 / 100ML"
  },
  {
    "Brand_Product_Size": "Rufus & Coco Treat Dog Toy each",
    "WOW Price": 15,
    "WOW Size": "each",
    "WOW ppu": "$15.00 / 1EA"
  },
  {
    "Brand_Product_Size": "Inspire Cotton Swab Holder Marble each",
    "WOW Price": 8,
    "WOW Size": "each",
    "WOW ppu": ""
  },
  {
    "Brand_Product_Size": "Castello Fetta Cubes 430g",
    "WOW Price": 5,
    "WOW Size": "430g",
    "WOW ppu": "$11.63 / 1KG"
  },
  {
    "Brand_Product_Size": "Castello Fetta Cubes 430g",
    "WOW Price": 5,
    "WOW Size": "430g",
    "WOW ppu": "$11.63 / 1KG"
  },
  {
    "Brand_Product_Size": "L'oreal Paris Elvive Fibralogy Shampoo 700mL",
    "WOW Price": 10,
    "WOW Size": "700mL",
    "WOW ppu": "$1.43 / 100ML"
  },
  {
    "Brand_Product_Size": "White King Power Clean Toilet Cleaner Bleach Gel Lavender 700mL",
    "WOW Price": 4.6,
    "WOW Size": "700mL",
    "WOW ppu": "$0.66 / 100ML"
  },
  {
    "Brand_Product_Size": "Inspire Fleece Throw Solid Colour Assorted each",
    "WOW Price": 6,
    "WOW Size": "each",
    "WOW ppu": ""
  },
  {
    "Brand_Product_Size": "Heinz Smokey Barbeque Sauce 500mL",
    "WOW Price": 3.2,
    "WOW Size": "500mL",
    "WOW ppu": "$0.64 / 100ML"
  },
  {
    "Brand_Product_Size": "Woolworths Multigrain Brown Rice Crackers 100g",
    "WOW Price": 1.35,
    "WOW Size": "100g",
    "WOW ppu": "$1.35 / 100G"
  },
  {
    "Brand_Product_Size": "D'orsogna Deli Fresh Ham Old English Leg 100g",
    "WOW Price": 3.7,
    "WOW Size": "100g",
    "WOW ppu": "$37.00 / 1KG"
  },
  {
    "Brand_Product_Size": "D'orsogna Deli Fresh Ham Old English Leg 100g",
    "WOW Price": 3.7,
    "WOW Size": "100g",
    "WOW ppu": "$37.00 / 1KG"
  },
  {
    "Brand_Product_Size": "Applaws It's All Good Dry Dog Food Chicken & Turkey 2.7kg",
    "WOW Price": 19,
    "WOW Size": "2.7kg",
    "WOW ppu": "$0.70 / 100G"
  },
  {
    "Brand_Product_Size": "Mud Blush 001 Rose 5g",
    "WOW Price": 4.5,
    "WOW Size": "5g",
    "WOW ppu": "$9.00 / 10G"
  },
  {
    "Brand_Product_Size": "Mint Non-stick Coating Medium Roaster Pan each",
    "WOW Price": 8,
    "WOW Size": "each",
    "WOW ppu": ""
  },
  {
    "Brand_Product_Size": "Ansell Gloves Handy Fresh Disposable Large 100 pack",
    "WOW Price": 18,
    "WOW Size": "100 pack",
    "WOW ppu": "$0.18 / 1EA"
  },
  {
    "Brand_Product_Size": "L'oreal Elvive Extraordinary Oil Shampoo 300mL",
    "WOW Price": 5.25,
    "WOW Size": "300mL",
    "WOW ppu": "$1.75 / 100ML"
  },
  {
    "Brand_Product_Size": "Lucky Diced Hazelnuts 120g",
    "WOW Price": 5.5,
    "WOW Size": "120g",
    "WOW ppu": "$45.83 / 1KG"
  },
  {
    "Brand_Product_Size": "Jalna Sweet & Creamy Greek Yoghurt 1kg",
    "WOW Price": 5.5,
    "WOW Size": "1kg",
    "WOW ppu": "$0.55 / 100G"
  },
  {
    "Brand_Product_Size": "Woolworths Tasty Cheese Block 500g",
    "WOW Price": 5.3,
    "WOW Size": "500g",
    "WOW ppu": "$10.60 / 1KG"
  },
  {
    "Brand_Product_Size": "Woolworths Tasty Cheese Block 500g",
    "WOW Price": 5.3,
    "WOW Size": "500g",
    "WOW ppu": "$10.60 / 1KG"
  },
  {
    "Brand_Product_Size": "Woolworths Chilli Green Cayenne 50g punnet",
    "WOW Price": 3,
    "WOW Size": "50g punnet",
    "WOW ppu": "$6.00 / 100G"
  },
  {
    "Brand_Product_Size": "Olay Total Effects Face Cream Moisturiser Gentle 50g",
    "WOW Price": 24.5,
    "WOW Size": "50g",
    "WOW ppu": "$49.00 / 100G"
  },
  {
    "Brand_Product_Size": "Lynx For Men Antiperspirant Roll On Deodorant Africa 50mL",
    "WOW Price": 2.8,
    "WOW Size": "50mL",
    "WOW ppu": "$5.60 / 100ML"
  },
  {
    "Brand_Product_Size": "Ceres Organics Coconut Wafer Rolls Espresso 22 pack",
    "WOW Price": 4.5,
    "WOW Size": "22 pack",
    "WOW ppu": "$5.63 / 100G"
  },
  {
    "Brand_Product_Size": "Tigi Bed Head Dumb Blonde Purple Toning Shampoo 400mL",
    "WOW Price": 19,
    "WOW Size": "400mL",
    "WOW ppu": "$4.75 / 100ML"
  },
  {
    "Brand_Product_Size": "Lamb Forequarter Chops 5-6 Pieces 900g - 1.5kg",
    "WOW Price": 25.5,
    "WOW Size": "900g - 1.5kg",
    "WOW ppu": "$17.00 / 1KG"
  },
  {
    "Brand_Product_Size": "Ajax Professional Mould Remover Cleaning Spray 500mL",
    "WOW Price": 2.9,
    "WOW Size": "500mL",
    "WOW ppu": "$0.58 / 100ML"
  },
  {
    "Brand_Product_Size": "Praise Vegan Aioli 250mL",
    "WOW Price": 4.5,
    "WOW Size": "250mL",
    "WOW ppu": "$1.80 / 100ML"
  },
  {
    "Brand_Product_Size": "Swisse Ultiboost Vitamin C + Probiotic Chewable Tablets 60 pack",
    "WOW Price": 20,
    "WOW Size": "60 pack",
    "WOW ppu": "$33.33 / 100EA"
  },
  {
    "Brand_Product_Size": "Woolworths Cheese Cubes 500g",
    "WOW Price": 7.5,
    "WOW Size": "500g",
    "WOW ppu": "$15.00 / 1KG"
  },
  {
    "Brand_Product_Size": "Peckish Thins Rice Crackers Sour Cream And Chives 100g",
    "WOW Price": 2.2,
    "WOW Size": "100g",
    "WOW ppu": "$2.20 / 100G"
  },
  {
    "Brand_Product_Size": "Pea Beu Fast Killing Insect Spray Lemon 350g",
    "WOW Price": 4.8,
    "WOW Size": "350g",
    "WOW ppu": "$1.37 / 100G"
  },
  {
    "Brand_Product_Size": "Old El Paso Medium Salsa Thick & Chunky 375g",
    "WOW Price": 3.5,
    "WOW Size": "375g",
    "WOW ppu": "$0.93 / 100G"
  },
  {
    "Brand_Product_Size": "Annalisa Beans Red Kidney 400g",
    "WOW Price": 1.5,
    "WOW Size": "400g",
    "WOW ppu": "$3.75 / 1KG"
  },
  {
    "Brand_Product_Size": "Pyrex 2l Mixing Bowl each",
    "WOW Price": 13,
    "WOW Size": "each",
    "WOW ppu": ""
  },
  {
    "Brand_Product_Size": "Jinmailang Egg Noodle 1kg",
    "WOW Price": 2.5,
    "WOW Size": "1kg",
    "WOW ppu": "$0.25 / 100G"
  },
  {
    "Brand_Product_Size": "Huggies Nappies Newborn Jumbo 108 pack",
    "WOW Price": 30,
    "WOW Size": "108 pack",
    "WOW ppu": "$0.28 / 1EA"
  },
  {
    "Brand_Product_Size": "Noshu 96% Sugar Free Marshy Mellow Snackles Bars 110g",
    "WOW Price": 6,
    "WOW Size": "110g",
    "WOW ppu": "$5.45 / 100G"
  },
  {
    "Brand_Product_Size": "Noshu 96% Sugar Free Marshy Mellow Snackles Bars 110g",
    "WOW Price": 6,
    "WOW Size": "110g",
    "WOW ppu": "$5.45 / 100G"
  },
  {
    "Brand_Product_Size": "U By Kotex Ultrathins Overnight 10ea",
    "WOW Price": 3.2,
    "WOW Size": "10ea",
    "WOW ppu": "$0.32 / 1EA"
  },
  {
    "Brand_Product_Size": "Macro Organic Cheddar Block 170g",
    "WOW Price": 3,
    "WOW Size": "170g",
    "WOW ppu": "$17.65 / 1KG"
  },
  {
    "Brand_Product_Size": "Macro Organic Cheddar Block 170g",
    "WOW Price": 3,
    "WOW Size": "170g",
    "WOW ppu": "$17.65 / 1KG"
  },
  {
    "Brand_Product_Size": "Woolworths Cook Chicken Wing Nibbles Honey Soy 1kg",
    "WOW Price": 8,
    "WOW Size": "1kg",
    "WOW ppu": "$8.00 / 1KG"
  },
  {
    "Brand_Product_Size": "Vetta Rural Aid Spirals Value Pack 750g",
    "WOW Price": 2.8,
    "WOW Size": "750g",
    "WOW ppu": "$0.37 / 100G"
  },
  {
    "Brand_Product_Size": "Palmolive Naturals Anti-dandruff 2in1 Shampoo & Hair Conditioner 350mL",
    "WOW Price": 4.5,
    "WOW Size": "350mL",
    "WOW ppu": "$1.29 / 100ML"
  },
  {
    "Brand_Product_Size": "Essentials Self Raising Flour 2kg",
    "WOW Price": 1.8,
    "WOW Size": "2kg",
    "WOW ppu": "$0.90 / 1KG"
  },
  {
    "Brand_Product_Size": "Food For Health Fruit Free Clusters Chia & Cinnamon 475g",
    "WOW Price": 8,
    "WOW Size": "475g",
    "WOW ppu": "$1.88 / 100G"
  },
  {
    "Brand_Product_Size": "Temptations Cat Treats Seafood Medley 180g",
    "WOW Price": 8,
    "WOW Size": "180g",
    "WOW ppu": "$4.44 / 100G"
  },
  {
    "Brand_Product_Size": "Lucky Dog Adult Minis Oven Baked Chicken & Vege Dry Dog Food 3kg",
    "WOW Price": 6.99,
    "WOW Size": "3kg",
    "WOW ppu": "$0.23 / 100G"
  },
  {
    "Brand_Product_Size": "Nicorette Quit Smoking Regular Strength Icy Mint Lozenges 2mg 80 pack",
    "WOW Price": 36,
    "WOW Size": "80 pack",
    "WOW ppu": "$0.45 / 1EA"
  },
  {
    "Brand_Product_Size": "Tena Men Absorbent Protector Level 3 8 pack",
    "WOW Price": 8,
    "WOW Size": "8 pack",
    "WOW ppu": "$1.00 / 1EA"
  },
  {
    "Brand_Product_Size": "Tcc Coconut Milk Lite 400mL",
    "WOW Price": 1.5,
    "WOW Size": "400mL",
    "WOW ppu": "$0.38 / 100ML"
  },
  {
    "Brand_Product_Size": "Windex Glass Cleaner Trigger 500mL",
    "WOW Price": 4.3,
    "WOW Size": "500mL",
    "WOW ppu": "$0.86 / 100ML"
  },
  {
    "Brand_Product_Size": "Mr Chen's Gluten Free Prawn Hargow 204g",
    "WOW Price": 8,
    "WOW Size": "204g",
    "WOW ppu": "$3.92 / 100G"
  },
  {
    "Brand_Product_Size": "Abe's Bagel Bakery Natural Bagels 360g 4 pack",
    "WOW Price": 5,
    "WOW Size": "360g 4 pack",
    "WOW ppu": "$1.25 / 1EA"
  },
  {
    "Brand_Product_Size": "Abe's Bagel Bakery Natural Bagels 360g 4 pack",
    "WOW Price": 5,
    "WOW Size": "360g 4 pack",
    "WOW ppu": "$1.25 / 1EA"
  },
  {
    "Brand_Product_Size": "Abe's Bagel Bakery Natural Bagels 360g 4 pack",
    "WOW Price": 5,
    "WOW Size": "360g 4 pack",
    "WOW ppu": "$1.25 / 1EA"
  },
  {
    "Brand_Product_Size": "Peters Alfalfa & Fruit Rabbit & Guinea Pig Food 2kg",
    "WOW Price": 6.59,
    "WOW Size": "2kg",
    "WOW ppu": "$0.33 / 100G"
  },
  {
    "Brand_Product_Size": "Rockstar Energy Drink Guava Energy Drink 500mL x4 pack",
    "WOW Price": 10,
    "WOW Size": "500mL x4 pack",
    "WOW ppu": "$5.00 / 1L"
  },
  {
    "Brand_Product_Size": "Macro Organic Gluten Free Penne 350g",
    "WOW Price": 3,
    "WOW Size": "350g",
    "WOW ppu": "$0.86 / 100G"
  },
  {
    "Brand_Product_Size": "Decor Tellfresh Super Storer Clear 5.5L",
    "WOW Price": 12,
    "WOW Size": "5.5L",
    "WOW ppu": ""
  },
  {
    "Brand_Product_Size": "Lipton Black Tea Decaffeinated 50 pack",
    "WOW Price": 4,
    "WOW Size": "50 pack",
    "WOW ppu": "$0.08 / 1EA"
  },
  {
    "Brand_Product_Size": "Lipton Black Tea Decaffeinated 50 pack",
    "WOW Price": 4,
    "WOW Size": "50 pack",
    "WOW ppu": "$0.08 / 1EA"
  },
  {
    "Brand_Product_Size": "The Odd Bunch Avocado Prepacked 1kg",
    "WOW Price": 7,
    "WOW Size": "1kg",
    "WOW ppu": "$7.00 / 1KG"
  },
  {
    "Brand_Product_Size": "The Odd Bunch Avocado Prepacked 1kg",
    "WOW Price": 7,
    "WOW Size": "1kg",
    "WOW ppu": "$7.00 / 1KG"
  },
  {
    "Brand_Product_Size": "Mount Franklin Still Water Bottle 500mL x20 pack",
    "WOW Price": 9.2,
    "WOW Size": "500mL x20 pack",
    "WOW ppu": "$0.92 / 1L"
  },
  {
    "Brand_Product_Size": "Mount Franklin Still Water Bottle 500mL x20 pack",
    "WOW Price": 9.2,
    "WOW Size": "500mL x20 pack",
    "WOW ppu": "$0.92 / 1L"
  },
  {
    "Brand_Product_Size": "Strike Disinfectant Wipes Apple 100 pack",
    "WOW Price": 3.5,
    "WOW Size": "100 pack",
    "WOW ppu": "$0.04 / 1EA"
  },
  {
    "Brand_Product_Size": "Woolworths Beef Eye Fillet Thick Cut Steak 320g",
    "WOW Price": 22.5,
    "WOW Size": "320g",
    "WOW ppu": "$70.31 / 1KG"
  },
  {
    "Brand_Product_Size": "Mayver's Unsalted Smunchy Peanut Butter 375g",
    "WOW Price": 4,
    "WOW Size": "375g",
    "WOW ppu": "$1.07 / 100G"
  },
  {
    "Brand_Product_Size": "Mother's Day Paint Set 2 pack",
    "WOW Price": 5,
    "WOW Size": "2 pack",
    "WOW ppu": ""
  },
  {
    "Brand_Product_Size": "Woolworths Sliced Carrot Sultana & Walnut Loaf 500g",
    "WOW Price": 5,
    "WOW Size": "500g",
    "WOW ppu": "$1.00 / 100G"
  },
  {
    "Brand_Product_Size": "Coca-cola Classic Soft Drink Bottle 385mL",
    "WOW Price": 3.75,
    "WOW Size": "385mL",
    "WOW ppu": "$9.74 / 1L"
  },
  {
    "Brand_Product_Size": "Total Care Flea & Tick Control Plus For Small Dogs each",
    "WOW Price": 17,
    "WOW Size": "each",
    "WOW ppu": "$17.00 / 1EA"
  },
  {
    "Brand_Product_Size": "Fresh Whole Cauliflower each",
    "WOW Price": 5.5,
    "WOW Size": "each",
    "WOW ppu": "$5.50 / 1EA"
  },
  {
    "Brand_Product_Size": "Ajax Spray N Wipe Divine Blends Cleaner Trigger 475mL",
    "WOW Price": 3,
    "WOW Size": "475mL",
    "WOW ppu": "$0.63 / 100ML"
  },
  {
    "Brand_Product_Size": "I&j Fish Fillets Original Crumb 1kg",
    "WOW Price": 11,
    "WOW Size": "1kg",
    "WOW ppu": "$11.00 / 1KG"
  },
  {
    "Brand_Product_Size": "Bar None Scrunchie Black each",
    "WOW Price": 5,
    "WOW Size": "each",
    "WOW ppu": ""
  },
  {
    "Brand_Product_Size": "Weight Watchers Classic Mushroom & Pumpkin Risotto 320g",
    "WOW Price": 4,
    "WOW Size": "320g",
    "WOW ppu": "$1.25 / 100G"
  },
  {
    "Brand_Product_Size": "Alka Power Alkaline Water 1.5L bottLe",
    "WOW Price": 2.95,
    "WOW Size": "1.5L bottLe",
    "WOW ppu": "$1.97 / 1L"
  },
  {
    "Brand_Product_Size": "Vitapet Fish Food Tropical Flake 36g",
    "WOW Price": 7.6,
    "WOW Size": "36g",
    "WOW ppu": "$21.11 / 100G"
  },
  {
    "Brand_Product_Size": "Woolworths Instant Chocolate Powdered Drink 400g",
    "WOW Price": 3,
    "WOW Size": "400g",
    "WOW ppu": "$0.75 / 100G"
  },
  {
    "Brand_Product_Size": "Woolworths Beef Rump Medallions Thick Cut Steak 300g",
    "WOW Price": 16,
    "WOW Size": "300g",
    "WOW ppu": "$40.00 / 1KG"
  },
  {
    "Brand_Product_Size": "Softly Fabric Softener Woolwash Eucalyptus 1.25L",
    "WOW Price": 6.5,
    "WOW Size": "1.25L",
    "WOW ppu": "$5.20 / 1L"
  },
  {
    "Brand_Product_Size": "Armor All Car Care Protectant Original 250mL",
    "WOW Price": 9,
    "WOW Size": "250mL",
    "WOW ppu": "$3.60 / 100ML"
  },
  {
    "Brand_Product_Size": "Carman's Salted Dark Choc Almond Gourmet Protein Bars 200g",
    "WOW Price": 6.3,
    "WOW Size": "200g",
    "WOW ppu": "$3.15 / 100G"
  },
  {
    "Brand_Product_Size": "Carman's Salted Dark Choc Almond Gourmet Protein Bars 200g",
    "WOW Price": 6.3,
    "WOW Size": "200g",
    "WOW ppu": "$3.15 / 100G"
  },
  {
    "Brand_Product_Size": "Mission Pizza Base Wholemeal 2 pack",
    "WOW Price": 5.3,
    "WOW Size": "2 pack",
    "WOW ppu": "$1.33 / 100G"
  },
  {
    "Brand_Product_Size": "Nivea Nourishing Day Cream Dry & Sensitive Skin Spf15 each",
    "WOW Price": 11,
    "WOW Size": "each",
    "WOW ppu": "$22.00 / 100ML"
  },
  {
    "Brand_Product_Size": "Baby Bellies Organic Lentil Wheels Sweet Potato & Apple 12g",
    "WOW Price": 1.7,
    "WOW Size": "12g",
    "WOW ppu": "$14.17 / 100G"
  },
  {
    "Brand_Product_Size": "Impressed Green Supreme Juice 1L",
    "WOW Price": 3.5,
    "WOW Size": "1L",
    "WOW ppu": "$3.50 / 1L"
  },
  {
    "Brand_Product_Size": "Macro Organic Corn Chips Natural 200g",
    "WOW Price": 2.5,
    "WOW Size": "200g",
    "WOW ppu": "$1.25 / 100G"
  },
  {
    "Brand_Product_Size": "Latina Fresh Ready Meal Angus Beef & Vegetable Lasagne 1.6kg",
    "WOW Price": 18.9,
    "WOW Size": "1.6kg",
    "WOW ppu": "$1.18 / 100G"
  },
  {
    "Brand_Product_Size": "Thomas Dux Triple Cream Brie 200g",
    "WOW Price": 5,
    "WOW Size": "200g",
    "WOW ppu": "$25.00 / 1KG"
  },
  {
    "Brand_Product_Size": "Thomas Dux Triple Cream Brie 200g",
    "WOW Price": 5,
    "WOW Size": "200g",
    "WOW ppu": "$25.00 / 1KG"
  },
  {
    "Brand_Product_Size": "Edge Mens Twin Blade Disposable 20 pack",
    "WOW Price": 4,
    "WOW Size": "20 pack",
    "WOW ppu": "$0.20 / 1EA"
  },
  {
    "Brand_Product_Size": "Macro Nutritional Yeast Flakes 200g",
    "WOW Price": 8,
    "WOW Size": "200g",
    "WOW ppu": "$4.00 / 100G"
  },
  {
    "Brand_Product_Size": "Carman's Classic Fruit & Nut Muesli Bars 6 pack",
    "WOW Price": 6,
    "WOW Size": "6 pack",
    "WOW ppu": "$2.22 / 100G"
  },
  {
    "Brand_Product_Size": "Carman's Classic Fruit & Nut Muesli Bars 6 pack",
    "WOW Price": 6,
    "WOW Size": "6 pack",
    "WOW ppu": "$2.22 / 100G"
  },
  {
    "Brand_Product_Size": "Natures Goodness Adult Dog Food Kangaroo Sweet Potato & Beans 100g",
    "WOW Price": 1.19,
    "WOW Size": "100g",
    "WOW ppu": "$1.19 / 100G"
  },
  {
    "Brand_Product_Size": "Dove Antiperspirant Roll On Coconut & Jasmine Flower 50mL",
    "WOW Price": 3.9,
    "WOW Size": "50mL",
    "WOW ppu": "$7.80 / 100ML"
  },
  {
    "Brand_Product_Size": "Shine Squeegee each",
    "WOW Price": 4.5,
    "WOW Size": "each",
    "WOW ppu": "$4.50 / 1EA"
  },
  {
    "Brand_Product_Size": "Continental Cup A Soup Classic Tomato 80g",
    "WOW Price": 2,
    "WOW Size": "80g",
    "WOW ppu": "$2.50 / 100G"
  },
  {
    "Brand_Product_Size": "Yumi's Classic Veggie Burger 250g",
    "WOW Price": 7,
    "WOW Size": "250g",
    "WOW ppu": "$28.00 / 1KG"
  },
  {
    "Brand_Product_Size": "La Tosca Fresh Potato Gnocchi 500g",
    "WOW Price": 4,
    "WOW Size": "500g",
    "WOW ppu": "$0.80 / 100G"
  },
  {
    "Brand_Product_Size": "Woolworths Diced Beef Heart Smart 500g",
    "WOW Price": 11,
    "WOW Size": "500g",
    "WOW ppu": "$22.00 / 1KG"
  },
  {
    "Brand_Product_Size": "Rimmel Lasting Radiance Concealer 030 7mL",
    "WOW Price": 9,
    "WOW Size": "7mL",
    "WOW ppu": "$12.86 / 10ML"
  },
  {
    "Brand_Product_Size": "Sistema To Go Salad & Sandwich 1.63L",
    "WOW Price": 10,
    "WOW Size": "1.63L",
    "WOW ppu": ""
  },
  {
    "Brand_Product_Size": "Maybelline Colossal Volumizing Mascara- Glam Black 9.2mL",
    "WOW Price": 10,
    "WOW Size": "9.2mL",
    "WOW ppu": "$10.87 / 10ML"
  },
  {
    "Brand_Product_Size": "Dollar Sweets Icing Decorations Unicorn & Rainbow 12 pack",
    "WOW Price": 3.5,
    "WOW Size": "12 pack",
    "WOW ppu": "$38.89 / 100G"
  },
  {
    "Brand_Product_Size": "Quilton Facial Tissue White 3ply 55ss White 3ply each",
    "WOW Price": 1.8,
    "WOW Size": "each",
    "WOW ppu": "$3.27 / 100SS"
  },
  {
    "Brand_Product_Size": "Quilton Facial Tissue White 3ply 55ss White 3ply each",
    "WOW Price": 1.8,
    "WOW Size": "each",
    "WOW ppu": "$3.27 / 100SS"
  },
  {
    "Brand_Product_Size": "Essentials Antibacterial Mattress Protector Double Bed each",
    "WOW Price": 12.8,
    "WOW Size": "each",
    "WOW ppu": ""
  },
  {
    "Brand_Product_Size": "Queen Writing Icing 5 pack",
    "WOW Price": 5,
    "WOW Size": "5 pack",
    "WOW ppu": "$4.76 / 100G"
  },
  {
    "Brand_Product_Size": "Mcclure's Pickles Whole Spicy 720g",
    "WOW Price": 6,
    "WOW Size": "720g",
    "WOW ppu": "$0.83 / 100G"
  },
  {
    "Brand_Product_Size": "Uncle Tobys Rolled Oats Quick Sachets Original 20 pack",
    "WOW Price": 8,
    "WOW Size": "20 pack",
    "WOW ppu": "$1.18 / 100G"
  },
  {
    "Brand_Product_Size": "Woolworths Microwave Quick Pasta Macaroni 300g",
    "WOW Price": 2.5,
    "WOW Size": "300g",
    "WOW ppu": "$0.83 / 100G"
  },
  {
    "Brand_Product_Size": "Libra Tampons Girl Regular 16 pack",
    "WOW Price": 2.5,
    "WOW Size": "16 pack",
    "WOW ppu": "$0.16 / 1EA"
  },
  {
    "Brand_Product_Size": "Ayam Nasi Goreng Paste 185g",
    "WOW Price": 3.5,
    "WOW Size": "185g",
    "WOW ppu": "$1.89 / 100G"
  },
  {
    "Brand_Product_Size": "Stubb's Hickory Bourbon Bbq Sauce 510g",
    "WOW Price": 6,
    "WOW Size": "510g",
    "WOW ppu": "$1.18 / 100G"
  },
  {
    "Brand_Product_Size": "Queen Unicorn Dream Flavour For Icing 50mL",
    "WOW Price": 2,
    "WOW Size": "50mL",
    "WOW ppu": "$4.00 / 100ML"
  },
  {
    "Brand_Product_Size": "Cadbury Dairy Milk With Oreo 162g",
    "WOW Price": 3.5,
    "WOW Size": "162g",
    "WOW ppu": "$2.16 / 100G"
  },
  {
    "Brand_Product_Size": "Five Tastes Stir Fry Shots Chinese Hoisin & Garlic 4x45g",
    "WOW Price": 4,
    "WOW Size": "4x45g",
    "WOW ppu": "$2.22 / 100G"
  },
  {
    "Brand_Product_Size": "Korbond Polyester Thread Black 500m 2 pack",
    "WOW Price": 3,
    "WOW Size": "2 pack",
    "WOW ppu": "$1.50 / 1EA"
  },
  {
    "Brand_Product_Size": "Archibald's Pure Honey 680g",
    "WOW Price": 10,
    "WOW Size": "680g",
    "WOW ppu": "$1.47 / 100G"
  },
  {
    "Brand_Product_Size": "Mr Clean Glass Cloth 2 pack",
    "WOW Price": 5,
    "WOW Size": "2 pack",
    "WOW ppu": "$2.50 / 1EA"
  },
  {
    "Brand_Product_Size": "Mckenzie's Wholemeal Spelt Flour 300g",
    "WOW Price": 2.95,
    "WOW Size": "300g",
    "WOW ppu": "$9.83 / 1KG"
  },
  {
    "Brand_Product_Size": "Carman's Dark Choc Espresso Nut Bars 160g",
    "WOW Price": 6,
    "WOW Size": "160g",
    "WOW ppu": "$3.75 / 100G"
  },
  {
    "Brand_Product_Size": "Carman's Dark Choc Espresso Nut Bars 160g",
    "WOW Price": 6,
    "WOW Size": "160g",
    "WOW ppu": "$3.75 / 100G"
  },
  {
    "Brand_Product_Size": "Maybelline Falsies Drama False Lash Effect Mascara - Black Drama 8mL",
    "WOW Price": 10,
    "WOW Size": "8mL",
    "WOW ppu": "$12.50 / 10ML"
  },
  {
    "Brand_Product_Size": "Gourmet Delight Tuna & Crab 80g",
    "WOW Price": 1.2,
    "WOW Size": "80g",
    "WOW ppu": "$1.50 / 100G"
  },
  {
    "Brand_Product_Size": "Philips Led Reflector R39 each",
    "WOW Price": 10.5,
    "WOW Size": "each",
    "WOW ppu": "$10.50 / 1EA"
  },
  {
    "Brand_Product_Size": "Energizer Aa Batteries 10 pack",
    "WOW Price": 10,
    "WOW Size": "10 pack",
    "WOW ppu": "$1.00 / 1EA"
  },
  {
    "Brand_Product_Size": "L'oreal Men Expert Hydra Energetic All-in-one Moisturiser 75mL",
    "WOW Price": 6,
    "WOW Size": "75mL",
    "WOW ppu": "$8.00 / 100ML"
  },
  {
    "Brand_Product_Size": "Pana Organic White Chocolate Pieces 135g",
    "WOW Price": 9.9,
    "WOW Size": "135g",
    "WOW ppu": "$7.33 / 100G"
  },
  {
    "Brand_Product_Size": "Dettol Parents Approved Rose Shower Gel 950mL",
    "WOW Price": 9.5,
    "WOW Size": "950mL",
    "WOW ppu": "$1.00 / 100ML"
  },
  {
    "Brand_Product_Size": "Palmolive Ultra Strength Dishwashing Liquid Aloe Hypoallergenic 400mL",
    "WOW Price": 2.8,
    "WOW Size": "400mL",
    "WOW ppu": "$0.70 / 100ML"
  },
  {
    "Brand_Product_Size": "Continental Cup A Soup Asian Laksa 51g",
    "WOW Price": 2,
    "WOW Size": "51g",
    "WOW ppu": "$3.92 / 100G"
  },
  {
    "Brand_Product_Size": "Mtr Ready To Eat Rajma Masala 300g",
    "WOW Price": 2.75,
    "WOW Size": "300g",
    "WOW ppu": "$0.92 / 100G"
  },
  {
    "Brand_Product_Size": "Woolworths Kitchen Gadget Ice Tray Cube 2 pack",
    "WOW Price": 6,
    "WOW Size": "2 pack",
    "WOW ppu": ""
  },
  {
    "Brand_Product_Size": "Praise Mexican Dressing 330mL",
    "WOW Price": 3,
    "WOW Size": "330mL",
    "WOW ppu": "$0.91 / 100ML"
  },
  {
    "Brand_Product_Size": "Nutella Hazelnut Spread 400g",
    "WOW Price": 4.3,
    "WOW Size": "400g",
    "WOW ppu": "$1.08 / 100G"
  },
  {
    "Brand_Product_Size": "Nutella Hazelnut Spread 400g",
    "WOW Price": 4.3,
    "WOW Size": "400g",
    "WOW ppu": "$1.08 / 100G"
  },
  {
    "Brand_Product_Size": "Clairol Root Touch Up Colour Blending Gel Light Brown each",
    "WOW Price": 18,
    "WOW Size": "each",
    "WOW ppu": "$40.00 / 100ML"
  },
  {
    "Brand_Product_Size": "Coco Earth Premium Liquid Coconut Oil 500mL",
    "WOW Price": 11,
    "WOW Size": "500mL",
    "WOW ppu": "$2.20 / 100ML"
  },
  {
    "Brand_Product_Size": "Lucky Toasted Cashew Pieces 200g",
    "WOW Price": 5.5,
    "WOW Size": "200g",
    "WOW ppu": "$27.50 / 1KG"
  },
  {
    "Brand_Product_Size": "Woolworths Turkey Breast Portion Oven Roasted 600g - 900g",
    "WOW Price": 18,
    "WOW Size": "600g - 900g",
    "WOW ppu": "$20.00 / 1KG"
  },
  {
    "Brand_Product_Size": "L'oreal Paris Age Perfect Rosy Day Spf 15 50mL",
    "WOW Price": 23.4,
    "WOW Size": "50mL",
    "WOW ppu": "$46.80 / 100ML"
  },
  {
    "Brand_Product_Size": "Colgate Smile For Good Peppermint Toothpaste 95g",
    "WOW Price": 8,
    "WOW Size": "95g",
    "WOW ppu": "$8.42 / 100G"
  },
  {
    "Brand_Product_Size": "Arnott's Tim Tam White 165g",
    "WOW Price": 4,
    "WOW Size": "165g",
    "WOW ppu": "$2.42 / 100G"
  },
  {
    "Brand_Product_Size": "Woolworths Almonds Oven Roasted 225g",
    "WOW Price": 6,
    "WOW Size": "225g",
    "WOW ppu": "$26.67 / 1KG"
  },
  {
    "Brand_Product_Size": "Fabulon Starch Ironing Aid Trigger Spray 500mL",
    "WOW Price": 6.5,
    "WOW Size": "500mL",
    "WOW ppu": "$13.00 / 1L"
  },
  {
    "Brand_Product_Size": "Katoomba Ingredients Moong Dal 1kg",
    "WOW Price": 4.7,
    "WOW Size": "1kg",
    "WOW ppu": "$0.47 / 100G"
  },
  {
    "Brand_Product_Size": "Ritz Mini Multipack 150g",
    "WOW Price": 2.24,
    "WOW Size": "150g",
    "WOW ppu": "$1.49 / 100G"
  },
  {
    "Brand_Product_Size": "Ritz Mini Multipack 150g",
    "WOW Price": 2.24,
    "WOW Size": "150g",
    "WOW ppu": "$1.49 / 100G"
  },
  {
    "Brand_Product_Size": "Schweppes Cordial Raspberry 750mL",
    "WOW Price": 4,
    "WOW Size": "750mL",
    "WOW ppu": "$5.33 / 1L"
  },
  {
    "Brand_Product_Size": "Korbond Easy Thread Needles 10 pack",
    "WOW Price": 3,
    "WOW Size": "10 pack",
    "WOW ppu": ""
  },
  {
    "Brand_Product_Size": "Philadelphia Cream Cheese Sweet Chilli Pourovers 250g",
    "WOW Price": 3.5,
    "WOW Size": "250g",
    "WOW ppu": "$1.40 / 100G"
  },
  {
    "Brand_Product_Size": "Sweet Baby Ray's Bbq Sauce 425mL",
    "WOW Price": 5.35,
    "WOW Size": "425mL",
    "WOW ppu": "$1.26 / 100ML"
  },
  {
    "Brand_Product_Size": "Gaviscon Dual Action Heartburn Relief Liquid Sachet 12 pack",
    "WOW Price": 8,
    "WOW Size": "12 pack",
    "WOW ppu": "$0.67 / 1EA"
  },
  {
    "Brand_Product_Size": "Smith's Poppables Potato Snacks Cheddar Cheese 90g",
    "WOW Price": 2.5,
    "WOW Size": "90g",
    "WOW ppu": "$2.78 / 100G"
  },
  {
    "Brand_Product_Size": "Arcosteel Stainless Steel Saucepan With Lid 20x12cm each",
    "WOW Price": 28,
    "WOW Size": "each",
    "WOW ppu": ""
  },
  {
    "Brand_Product_Size": "Bonds Pillowfeet Footlets Assorted 1 pair",
    "WOW Price": 6,
    "WOW Size": "1 pair",
    "WOW ppu": ""
  },
  {
    "Brand_Product_Size": "Baby Secrets Merbabies each",
    "WOW Price": 8,
    "WOW Size": "each",
    "WOW ppu": ""
  },
  {
    "Brand_Product_Size": "Cancer Council Watersport Spf50+ Pump 500mL",
    "WOW Price": 27,
    "WOW Size": "500mL",
    "WOW ppu": "$5.40 / 100ML"
  },
  {
    "Brand_Product_Size": "Europe Summer Roll Bitesize 135g",
    "WOW Price": 4,
    "WOW Size": "135g",
    "WOW ppu": "$2.96 / 100G"
  },
  {
    "Brand_Product_Size": "Woolworths Corn Cobbettes 425g",
    "WOW Price": 5.5,
    "WOW Size": "425g",
    "WOW ppu": "$12.94 / 1KG"
  },
  {
    "Brand_Product_Size": "Armor All Carpet & Upholstery Foam Cleaner 500g",
    "WOW Price": 14.99,
    "WOW Size": "500g",
    "WOW ppu": "$3.00 / 100G"
  },
  {
    "Brand_Product_Size": "Steggles Southern Style Chicken Breast Burgers 360g",
    "WOW Price": 5,
    "WOW Size": "360g",
    "WOW ppu": "$13.89 / 1KG"
  },
  {
    "Brand_Product_Size": "Samboy Single Pack Bbq 45g",
    "WOW Price": 1,
    "WOW Size": "45g",
    "WOW ppu": "$2.22 / 100G"
  },
  {
    "Brand_Product_Size": "Rafferty's Garden Chicken, Vegetables & Rice 120g",
    "WOW Price": 1.9,
    "WOW Size": "120g",
    "WOW ppu": "$1.58 / 100G"
  },
  {
    "Brand_Product_Size": "Macro Organic Steel Cut Oats 500g",
    "WOW Price": 3.5,
    "WOW Size": "500g",
    "WOW ppu": "$0.70 / 100G"
  },
  {
    "Brand_Product_Size": "Rafferty's Garden Food 10 Months Risoni Pasta & Garden Veg 170g",
    "WOW Price": 2.45,
    "WOW Size": "170g",
    "WOW ppu": "$1.44 / 100G"
  },
  {
    "Brand_Product_Size": "Chux Heavy Duty Scourer Sponge 2 pack",
    "WOW Price": 4,
    "WOW Size": "2 pack",
    "WOW ppu": "$2.00 / 1EA"
  },
  {
    "Brand_Product_Size": "Ingham's Sliced Turkey Breast Mustard per kg",
    "WOW Price": 30,
    "WOW Size": "per kg",
    "WOW ppu": "$30.00 / 1KG"
  },
  {
    "Brand_Product_Size": "Fancy Feast Adult Inspirations Beef & Tuna Collection Wet Cat Food 85g x12 pack",
    "WOW Price": 14.5,
    "WOW Size": "85g x12 pack",
    "WOW ppu": "$1.73 / 100G"
  },
  {
    "Brand_Product_Size": "Swisse Ultiboost High Strength Echinacea Tablets 60 pack",
    "WOW Price": 30,
    "WOW Size": "60 pack",
    "WOW ppu": "$50.00 / 100EA"
  },
  {
    "Brand_Product_Size": "Wing Hong Lup Chong Chinese Pork Sausage 175g",
    "WOW Price": 8,
    "WOW Size": "175g",
    "WOW ppu": "$4.57 / 100G"
  },
  {
    "Brand_Product_Size": "Woolworths Essentials Bag Seals Plastic 8 pack",
    "WOW Price": 2,
    "WOW Size": "8 pack",
    "WOW ppu": ""
  },
  {
    "Brand_Product_Size": "Grinders Coffee Beans Espresso 1kg",
    "WOW Price": 20,
    "WOW Size": "1kg",
    "WOW ppu": "$2.00 / 100G"
  },
  {
    "Brand_Product_Size": "Grinders Coffee Beans Espresso 1kg",
    "WOW Price": 20,
    "WOW Size": "1kg",
    "WOW ppu": "$2.00 / 100G"
  },
  {
    "Brand_Product_Size": "Radiant Mixed Colours Laundry Powder Powder 2kg",
    "WOW Price": 18,
    "WOW Size": "2kg",
    "WOW ppu": "$9.00 / 1KG"
  },
  {
    "Brand_Product_Size": "Toscano Waffles 4 pack",
    "WOW Price": 5.5,
    "WOW Size": "4 pack",
    "WOW ppu": "$1.53 / 100G"
  },
  {
    "Brand_Product_Size": "Essentials Plastic Bowls White 20 pack",
    "WOW Price": 3,
    "WOW Size": "20 pack",
    "WOW ppu": "$0.15 / 1EA"
  },
  {
    "Brand_Product_Size": "Sally Hansen Insta Dri Mauve It each",
    "WOW Price": 4.5,
    "WOW Size": "each",
    "WOW ppu": "$5.00 / 10ML"
  },
  {
    "Brand_Product_Size": "White Wings Cinnamon Scrolls With Glaze 508g",
    "WOW Price": 4.8,
    "WOW Size": "508g",
    "WOW ppu": "$0.94 / 100G"
  },
  {
    "Brand_Product_Size": "Jackson Surge Protected Double Adaptor - Vertical Style each",
    "WOW Price": 8,
    "WOW Size": "each",
    "WOW ppu": ""
  },
  {
    "Brand_Product_Size": "V Energy Pure Energy Drink 250mL x4 pack",
    "WOW Price": 6.6,
    "WOW Size": "250mL x4 pack",
    "WOW ppu": "$6.60 / 1L"
  },
  {
    "Brand_Product_Size": "Woolworths Banana Yoghurt Pouch 70g",
    "WOW Price": 0.75,
    "WOW Size": "70g",
    "WOW ppu": "$1.07 / 100G"
  },
  {
    "Brand_Product_Size": "Woolworths Banana Yoghurt Pouch 70g",
    "WOW Price": 0.75,
    "WOW Size": "70g",
    "WOW ppu": "$1.07 / 100G"
  },
  {
    "Brand_Product_Size": "Tasmanian Heritage Blue Cheese Snack 80g",
    "WOW Price": 3.5,
    "WOW Size": "80g",
    "WOW ppu": "$43.75 / 1KG"
  },
  {
    "Brand_Product_Size": "Tasmanian Heritage Blue Cheese Snack 80g",
    "WOW Price": 3.5,
    "WOW Size": "80g",
    "WOW ppu": "$43.75 / 1KG"
  },
  {
    "Brand_Product_Size": "Vegie Delights Pepperoni Style Slices 150g",
    "WOW Price": 5,
    "WOW Size": "150g",
    "WOW ppu": "$33.33 / 1KG"
  },
  {
    "Brand_Product_Size": "Sistema Plasticware Drink Bottle 460ml each",
    "WOW Price": 5,
    "WOW Size": "each",
    "WOW ppu": ""
  },
  {
    "Brand_Product_Size": "Sistema Plasticware Drink Bottle 460ml each",
    "WOW Price": 5,
    "WOW Size": "each",
    "WOW ppu": ""
  },
  {
    "Brand_Product_Size": "Friskies Adult Indoor Delights Dry Cat Food 2.5kg",
    "WOW Price": 10,
    "WOW Size": "2.5kg",
    "WOW ppu": "$0.40 / 100G"
  },
  {
    "Brand_Product_Size": "Calbee Golden Chipees Salt & Vinegar 100g",
    "WOW Price": 3,
    "WOW Size": "100g",
    "WOW ppu": "$3.00 / 100G"
  },
  {
    "Brand_Product_Size": "Monster Energy Drink 500mL x4 pack",
    "WOW Price": 12.5,
    "WOW Size": "500mL x4 pack",
    "WOW ppu": "$6.25 / 1L"
  },
  {
    "Brand_Product_Size": "Wrigley's Airwaves Menthol & Eucalyptus Chewing Gum Sugar Free 56g",
    "WOW Price": 3.5,
    "WOW Size": "56g",
    "WOW ppu": "$6.25 / 100G"
  },
  {
    "Brand_Product_Size": "Mother's Day Eyelashes Mug & Sock Gift Set each",
    "WOW Price": 10,
    "WOW Size": "each",
    "WOW ppu": ""
  },
  {
    "Brand_Product_Size": "Select Little Gem Lettuce Combo 2 pack",
    "WOW Price": 4,
    "WOW Size": "2 pack",
    "WOW ppu": ""
  },
  {
    "Brand_Product_Size": "Pepsi Cans 30x375mL",
    "WOW Price": 19,
    "WOW Size": "30x375mL",
    "WOW ppu": "$1.69 / 1L"
  },
  {
    "Brand_Product_Size": "Yoplait Yoghurt Smoothie Strawberry & Vanilla 290g",
    "WOW Price": 3,
    "WOW Size": "290g",
    "WOW ppu": "$1.03 / 100G"
  },
  {
    "Brand_Product_Size": "Remedy Organic Kombucha Ginger Lemon 750mL",
    "WOW Price": 5,
    "WOW Size": "750mL",
    "WOW ppu": "$6.67 / 1L"
  },
  {
    "Brand_Product_Size": "Plant Asia Plant-based Roast Duck 360g",
    "WOW Price": 9,
    "WOW Size": "360g",
    "WOW ppu": "$25.00 / 1KG"
  },
  {
    "Brand_Product_Size": "Purina Totalcare Allwormer Small Dog & Puppy 4 pack",
    "WOW Price": 9,
    "WOW Size": "4 pack",
    "WOW ppu": "$2.25 / 1EA"
  },
  {
    "Brand_Product_Size": "Mount Franklin Still Water Bottle 1.5L",
    "WOW Price": 3,
    "WOW Size": "1.5L",
    "WOW ppu": "$2.00 / 1L"
  },
  {
    "Brand_Product_Size": "Jif Cream Cleanser With Micro Particles Lemon 500mL",
    "WOW Price": 4,
    "WOW Size": "500mL",
    "WOW ppu": "$0.80 / 100ML"
  },
  {
    "Brand_Product_Size": "Swisse Kids Bone Health Pastille Gummies 60 pack",
    "WOW Price": 19,
    "WOW Size": "60 pack",
    "WOW ppu": "$31.67 / 100EA"
  },
  {
    "Brand_Product_Size": "Streets Viennetta Vanilla 650mL",
    "WOW Price": 6.6,
    "WOW Size": "650mL",
    "WOW ppu": "$1.02 / 100ML"
  },
  {
    "Brand_Product_Size": "Air Wick Botanica Diffuser Pomegranate & Italian Bergamot 80mL",
    "WOW Price": 16.5,
    "WOW Size": "80mL",
    "WOW ppu": "$2.06 / 10ML"
  },
  {
    "Brand_Product_Size": "Woolworths Corn Cobs Corn Cobs 1kg",
    "WOW Price": 2.5,
    "WOW Size": "1kg",
    "WOW ppu": "$2.50 / 1KG"
  },
  {
    "Brand_Product_Size": "Abc Sweet Soy Sauce Kecap Manis 620mL",
    "WOW Price": 4.9,
    "WOW Size": "620mL",
    "WOW ppu": "$0.79 / 100ML"
  },
  {
    "Brand_Product_Size": "Freezer Tote Cooler 25l each",
    "WOW Price": 10,
    "WOW Size": "each",
    "WOW ppu": ""
  },
  {
    "Brand_Product_Size": "Maybelline Brow Satin Pencil & Powder Duo - Dark Brown 0.5g",
    "WOW Price": 7.5,
    "WOW Size": "0.5g",
    "WOW ppu": "$7.50 / 1EA"
  },
  {
    "Brand_Product_Size": "Moccona Wholebean Barista Crema 175g",
    "WOW Price": 12,
    "WOW Size": "175g",
    "WOW ppu": "$6.86 / 100G"
  },
  {
    "Brand_Product_Size": "Moccona Wholebean Barista Crema 175g",
    "WOW Price": 12,
    "WOW Size": "175g",
    "WOW ppu": "$6.86 / 100G"
  },
  {
    "Brand_Product_Size": "Woolworths Whole Fresh Beetroot 250g pack",
    "WOW Price": 3,
    "WOW Size": "250g pack",
    "WOW ppu": "$12.00 / 1KG"
  },
  {
    "Brand_Product_Size": "Woolworths Whole Fresh Beetroot 250g pack",
    "WOW Price": 3,
    "WOW Size": "250g pack",
    "WOW ppu": "$12.00 / 1KG"
  },
  {
    "Brand_Product_Size": "Masterfoods Chicken Salt 200g",
    "WOW Price": 3.7,
    "WOW Size": "200g",
    "WOW ppu": "$0.19 / 10G"
  },
  {
    "Brand_Product_Size": "Fig Fresh each",
    "WOW Price": 1.9,
    "WOW Size": "each",
    "WOW ppu": "$1.90 / 1EA"
  },
  {
    "Brand_Product_Size": "Ingham's Quick Cook Chicken Crumbed Schnitzel Gluten Free 440g",
    "WOW Price": 6.5,
    "WOW Size": "440g",
    "WOW ppu": "$14.77 / 1KG"
  },
  {
    "Brand_Product_Size": "Birds Eye Golden Crunch Thin & Crispy 1kg",
    "WOW Price": 4.3,
    "WOW Size": "1kg",
    "WOW ppu": "$4.30 / 1KG"
  },
  {
    "Brand_Product_Size": "Lucas' Papaw Lip Care Ointment 75g",
    "WOW Price": 12.2,
    "WOW Size": "75g",
    "WOW ppu": "$16.27 / 100G"
  },
  {
    "Brand_Product_Size": "Garnier Fructis Colour Last Conditioner 315mL",
    "WOW Price": 7,
    "WOW Size": "315mL",
    "WOW ppu": "$2.22 / 100ML"
  },
  {
    "Brand_Product_Size": "Mint Stainless Steel Medium Bowl each",
    "WOW Price": 10,
    "WOW Size": "each",
    "WOW ppu": ""
  },
  {
    "Brand_Product_Size": "Kirks Lemon Squash Cans 375mL x10 pack",
    "WOW Price": 6.2,
    "WOW Size": "375mL x10 pack",
    "WOW ppu": "$1.65 / 1L"
  },
  {
    "Brand_Product_Size": "White Wings Plain Flour 2kg",
    "WOW Price": 5,
    "WOW Size": "2kg",
    "WOW ppu": "$2.50 / 1KG"
  },
  {
    "Brand_Product_Size": "Macro Vegie-lish Moroccan Inspired Burger 250g",
    "WOW Price": 3.5,
    "WOW Size": "250g",
    "WOW ppu": "$14.00 / 1KG"
  },
  {
    "Brand_Product_Size": "Dine Fine Flakes Tuna & Whitefish Wet Cat Food 35g",
    "WOW Price": 0.7,
    "WOW Size": "35g",
    "WOW ppu": "$2.00 / 100G"
  },
  {
    "Brand_Product_Size": "Armada Garbage Bag Drawstring 56l 20 pack",
    "WOW Price": 2.7,
    "WOW Size": "20 pack",
    "WOW ppu": "$0.14 / 1EA"
  },
  {
    "Brand_Product_Size": "Macro Organic Sweet Potato each",
    "WOW Price": 4.73,
    "WOW Size": "each",
    "WOW ppu": "$4.73 / 1EA"
  },
  {
    "Brand_Product_Size": "Nobby's Salted Mixed Nuts 375g",
    "WOW Price": 4.65,
    "WOW Size": "375g",
    "WOW ppu": "$12.40 / 1KG"
  },
  {
    "Brand_Product_Size": "Strawberry Organic 250g punnet",
    "WOW Price": 6.9,
    "WOW Size": "250g punnet",
    "WOW ppu": "$27.60 / 1KG"
  },
  {
    "Brand_Product_Size": "Heinz Soup Of The Day Veg & Lentil With Chilli Smoked Paprika 430g",
    "WOW Price": 3,
    "WOW Size": "430g",
    "WOW ppu": "$0.70 / 100G"
  },
  {
    "Brand_Product_Size": "Arkadia Chai Tea Spice 240g",
    "WOW Price": 5.5,
    "WOW Size": "240g",
    "WOW ppu": "$2.29 / 100G"
  },
  {
    "Brand_Product_Size": "Arkadia Chai Tea Spice 240g",
    "WOW Price": 5.5,
    "WOW Size": "240g",
    "WOW ppu": "$2.29 / 100G"
  },
  {
    "Brand_Product_Size": "Woolworths Roasted Capsicum Strips 130g",
    "WOW Price": 3.5,
    "WOW Size": "130g",
    "WOW ppu": "$2.69 / 100G"
  },
  {
    "Brand_Product_Size": "Higher Living Rooibos African Tea 40 pack",
    "WOW Price": 5,
    "WOW Size": "40 pack",
    "WOW ppu": "$0.13 / 1EA"
  },
  {
    "Brand_Product_Size": "Higher Living Rooibos African Tea 40 pack",
    "WOW Price": 5,
    "WOW Size": "40 pack",
    "WOW ppu": "$0.13 / 1EA"
  },
  {
    "Brand_Product_Size": "Eylure Eyelashes Ready To Wear 117 each",
    "WOW Price": 5,
    "WOW Size": "each",
    "WOW ppu": ""
  },
  {
    "Brand_Product_Size": "Sunrice Rice Jasmine 1kg",
    "WOW Price": 3.5,
    "WOW Size": "1kg",
    "WOW ppu": "$0.35 / 100G"
  },
  {
    "Brand_Product_Size": "Dollar Sweets Bright 160g",
    "WOW Price": 2,
    "WOW Size": "160g",
    "WOW ppu": "$1.25 / 100G"
  },
  {
    "Brand_Product_Size": "Baxter's Dog Food Loaf Five Meats 700g",
    "WOW Price": 1.3,
    "WOW Size": "700g",
    "WOW ppu": "$0.19 / 100G"
  },
  {
    "Brand_Product_Size": "Orgran Berry Porridge 210g",
    "WOW Price": 7,
    "WOW Size": "210g",
    "WOW ppu": "$3.33 / 100G"
  },
  {
    "Brand_Product_Size": "Woolworths Family Classics Macaroni & Cheese 1.1kg",
    "WOW Price": 10,
    "WOW Size": "1.1kg",
    "WOW ppu": "$0.91 / 100G"
  },
  {
    "Brand_Product_Size": "Mint Non-stick Egg Ring 2 pack",
    "WOW Price": 3,
    "WOW Size": "2 pack",
    "WOW ppu": ""
  },
  {
    "Brand_Product_Size": "D'orsogna Jarrah Honey Ham Off The Bone Freshly Sliced From The Deli per kg",
    "WOW Price": 25,
    "WOW Size": "per kg",
    "WOW ppu": "$25.00 / 1KG"
  },
  {
    "Brand_Product_Size": "D'orsogna Jarrah Honey Ham Off The Bone Freshly Sliced From The Deli per kg",
    "WOW Price": 25,
    "WOW Size": "per kg",
    "WOW ppu": "$25.00 / 1KG"
  },
  {
    "Brand_Product_Size": "Woolworths New York Style Cheesecake 2 pack",
    "WOW Price": 5,
    "WOW Size": "2 pack",
    "WOW ppu": "$2.27 / 100G"
  },
  {
    "Brand_Product_Size": "Raw Prawn Meat 1kg",
    "WOW Price": 27,
    "WOW Size": "1kg",
    "WOW ppu": "$27.00 / 1KG"
  },
  {
    "Brand_Product_Size": "Lamb Extra Trim Cutlets 8-9 Pieces 250g - 600g",
    "WOW Price": 30,
    "WOW Size": "250g - 600g",
    "WOW ppu": "$50.00 / 1KG"
  },
  {
    "Brand_Product_Size": "L'oreal Elvive Dream Lengths Super Detangling Shampoo 300mL",
    "WOW Price": 5.25,
    "WOW Size": "300mL",
    "WOW ppu": "$1.75 / 100ML"
  },
  {
    "Brand_Product_Size": "Ho Mai Spring Rolls Cocktail 1kg",
    "WOW Price": 14,
    "WOW Size": "1kg",
    "WOW ppu": "$1.40 / 100G"
  },
  {
    "Brand_Product_Size": "Sanitarium Up&go Protein Energize Choc 250mL x6 pack",
    "WOW Price": 9.7,
    "WOW Size": "250mL x6 pack",
    "WOW ppu": "$6.47 / 1L"
  },
  {
    "Brand_Product_Size": "Sanitarium Up&go Protein Energize Choc 250mL x6 pack",
    "WOW Price": 9.7,
    "WOW Size": "250mL x6 pack",
    "WOW ppu": "$6.47 / 1L"
  },
  {
    "Brand_Product_Size": "Woolworths Creamy Pasta Salad 400g",
    "WOW Price": 4.5,
    "WOW Size": "400g",
    "WOW ppu": "$1.13 / 100G"
  },
  {
    "Brand_Product_Size": "Woolworths Creamy Pasta Salad 400g",
    "WOW Price": 4.5,
    "WOW Size": "400g",
    "WOW ppu": "$1.13 / 100G"
  },
  {
    "Brand_Product_Size": "Birds Eye Steam Fresh Broccoli, Carrots & Corn 750g",
    "WOW Price": 4,
    "WOW Size": "750g",
    "WOW ppu": "$5.33 / 1KG"
  },
  {
    "Brand_Product_Size": "Essentials Vanilla Ice Cream 2L",
    "WOW Price": 2.75,
    "WOW Size": "2L",
    "WOW ppu": "$0.14 / 100ML"
  },
  {
    "Brand_Product_Size": "Just Caught Whiting Fillets Crumbed 1kg",
    "WOW Price": 12,
    "WOW Size": "1kg",
    "WOW ppu": "$12.00 / 1KG"
  },
  {
    "Brand_Product_Size": "Celery Fresh bunch",
    "WOW Price": 2.9,
    "WOW Size": "bunch",
    "WOW ppu": "$2.90 / 1EA"
  },
  {
    "Brand_Product_Size": "Nescafe Gold Cappucino 8 pack",
    "WOW Price": 3.15,
    "WOW Size": "8 pack",
    "WOW ppu": "$0.39 / 1EA"
  },
  {
    "Brand_Product_Size": "Nescafe Gold Cappucino 8 pack",
    "WOW Price": 3.15,
    "WOW Size": "8 pack",
    "WOW ppu": "$0.39 / 1EA"
  },
  {
    "Brand_Product_Size": "Temptation Bakeries Quiche Petite Lorraine Bacon & Cheese 300g",
    "WOW Price": 6,
    "WOW Size": "300g",
    "WOW ppu": "$2.00 / 100G"
  },
  {
    "Brand_Product_Size": "Patties Party Pack Mini Pies & Sausage Rolls 1kg",
    "WOW Price": 15.5,
    "WOW Size": "1kg",
    "WOW ppu": "$1.55 / 100G"
  },
  {
    "Brand_Product_Size": "Daily Juice Nourish Happy Gut 1L",
    "WOW Price": 5,
    "WOW Size": "1L",
    "WOW ppu": "$5.00 / 1L"
  },
  {
    "Brand_Product_Size": "Abbott's Village Bakery Gluten Free Mixed Seeds 500g",
    "WOW Price": 7,
    "WOW Size": "500g",
    "WOW ppu": "$1.40 / 100G"
  },
  {
    "Brand_Product_Size": "Heidis European Foods Pfeffernusse Gingerbread 200g",
    "WOW Price": 3,
    "WOW Size": "200g",
    "WOW ppu": "$1.50 / 100G"
  },
  {
    "Brand_Product_Size": "Parsnip Fresh each",
    "WOW Price": 1.54,
    "WOW Size": "each",
    "WOW ppu": "$1.54 / 1EA"
  },
  {
    "Brand_Product_Size": "Woolworths Fresh Skin On Barramundi Fillets per kg",
    "WOW Price": 29,
    "WOW Size": "per kg",
    "WOW ppu": "$29.00 / 1KG"
  },
  {
    "Brand_Product_Size": "Optimum Natural Defences Chicken In Jelly Adult Wet Cat Food 85g",
    "WOW Price": 1.3,
    "WOW Size": "85g",
    "WOW ppu": "$1.53 / 100G"
  },
  {
    "Brand_Product_Size": "Olay Regenerist Face Cream Moisturiser Fragrance Free 48g",
    "WOW Price": 34.3,
    "WOW Size": "48g",
    "WOW ppu": "$71.46 / 100G"
  },
  {
    "Brand_Product_Size": "Underworks Ladies Fine Bamboo Crew Size 9-11 5 pack",
    "WOW Price": 10,
    "WOW Size": "5 pack",
    "WOW ppu": ""
  },
  {
    "Brand_Product_Size": "Ingham's Crumbed Chicken Kiev Cordon Bleu 350g",
    "WOW Price": 8,
    "WOW Size": "350g",
    "WOW ppu": "$22.86 / 1KG"
  },
  {
    "Brand_Product_Size": "La Gina Woodfired Rocket & Crumbled Goats Cheese Italian Pizza 405g",
    "WOW Price": 7,
    "WOW Size": "405g",
    "WOW ppu": "$1.73 / 100G"
  },
  {
    "Brand_Product_Size": "Ingham's Super Crunch Seasoned Chicken Dippers 325g",
    "WOW Price": 7,
    "WOW Size": "325g",
    "WOW ppu": "$21.54 / 1KG"
  },
  {
    "Brand_Product_Size": "Good To Go Fresh Pineapple 200g",
    "WOW Price": 3.5,
    "WOW Size": "200g",
    "WOW ppu": "$17.50 / 1KG"
  },
  {
    "Brand_Product_Size": "Mint Non-stick Coating Small Roaster Pan each",
    "WOW Price": 6.4,
    "WOW Size": "each",
    "WOW ppu": ""
  },
  {
    "Brand_Product_Size": "Abc Kecap Manis Sweet Soy Sauce 275mL",
    "WOW Price": 2,
    "WOW Size": "275mL",
    "WOW ppu": "$0.73 / 100ML"
  },
  {
    "Brand_Product_Size": "Mint Stainless Steel Grater Box each",
    "WOW Price": 8,
    "WOW Size": "each",
    "WOW ppu": ""
  },
  {
    "Brand_Product_Size": "Hawaiian Tropic Tropic Silk Hydration Sunscreen Spray Spf 50 175g",
    "WOW Price": 18,
    "WOW Size": "175g",
    "WOW ppu": "$10.29 / 100G"
  },
  {
    "Brand_Product_Size": "Nature's Way Magnesium Oil 250mL",
    "WOW Price": 20,
    "WOW Size": "250mL",
    "WOW ppu": "$8.00 / 100ML"
  },
  {
    "Brand_Product_Size": "Gillette Venus Smooth Women's Razor Blades 4 pack",
    "WOW Price": 15.5,
    "WOW Size": "4 pack",
    "WOW ppu": "$3.88 / 1EA"
  },
  {
    "Brand_Product_Size": "Yumi's Rocket & Almond Pesto Hommus 200g",
    "WOW Price": 4,
    "WOW Size": "200g",
    "WOW ppu": "$2.00 / 100G"
  },
  {
    "Brand_Product_Size": "Brunnings Coir-peat Brick 600g",
    "WOW Price": 3,
    "WOW Size": "600g",
    "WOW ppu": "$0.50 / 100G"
  },
  {
    "Brand_Product_Size": "Peckish Rice Crackers Salt & Vinegar 6 pack 120g",
    "WOW Price": 2.4,
    "WOW Size": "6 pack 120g",
    "WOW ppu": "$2.00 / 100G"
  },
  {
    "Brand_Product_Size": "Peckish Rice Crackers Salt & Vinegar 6 pack 120g",
    "WOW Price": 2.4,
    "WOW Size": "6 pack 120g",
    "WOW ppu": "$2.00 / 100G"
  },
  {
    "Brand_Product_Size": "John West Tuna Slices Smoked In Olive Oil 125g",
    "WOW Price": 3.5,
    "WOW Size": "125g",
    "WOW ppu": "$28.00 / 1KG"
  },
  {
    "Brand_Product_Size": "Decor Double Wall Reusable Tritan Cup Assorted 340mL",
    "WOW Price": 6,
    "WOW Size": "340mL",
    "WOW ppu": ""
  },
  {
    "Brand_Product_Size": "Impulse Women Aerosol Body Spray Deodorant Romantic Spark 75mL",
    "WOW Price": 4,
    "WOW Size": "75mL",
    "WOW ppu": "$5.33 / 100ML"
  },
  {
    "Brand_Product_Size": "Mortein Insect Spray Multi Insect Killer 300g",
    "WOW Price": 6.35,
    "WOW Size": "300g",
    "WOW ppu": "$2.12 / 100G"
  },
  {
    "Brand_Product_Size": "Nourishing Kids Brown Fried Rice 200g",
    "WOW Price": 3.5,
    "WOW Size": "200g",
    "WOW ppu": "$1.75 / 100G"
  },
  {
    "Brand_Product_Size": "Dorset Berry Granola 450g",
    "WOW Price": 7,
    "WOW Size": "450g",
    "WOW ppu": "$1.56 / 100G"
  },
  {
    "Brand_Product_Size": "Lean Cuisine Loaded Veggie Frittata 220g",
    "WOW Price": 3.5,
    "WOW Size": "220g",
    "WOW ppu": "$1.59 / 100G"
  },
  {
    "Brand_Product_Size": "Edco Copper Scourer each",
    "WOW Price": 3.5,
    "WOW Size": "each",
    "WOW ppu": "$3.50 / 1EA"
  },
  {
    "Brand_Product_Size": "Old El Paso Mexican Burrito Spice Mix 40g",
    "WOW Price": 1.8,
    "WOW Size": "40g",
    "WOW ppu": "$4.50 / 100G"
  },
  {
    "Brand_Product_Size": "Simple Kind To Skin Facial Wipes Cleansing 25 wipes",
    "WOW Price": 7.5,
    "WOW Size": "25 wipes",
    "WOW ppu": "$0.30 / 1EA"
  },
  {
    "Brand_Product_Size": "Red Rock Deli Avocado & Feta Green Goddess 150g",
    "WOW Price": 4.5,
    "WOW Size": "150g",
    "WOW ppu": "$3.00 / 100G"
  },
  {
    "Brand_Product_Size": "Underworks Mens Sport Quarter Assorted 11 To 13 3 pack",
    "WOW Price": 9,
    "WOW Size": "3 pack",
    "WOW ppu": ""
  },
  {
    "Brand_Product_Size": "Frankie & Friends Gourmet Parrot Treat 90g",
    "WOW Price": 2,
    "WOW Size": "90g",
    "WOW ppu": "$2.22 / 100G"
  },
  {
    "Brand_Product_Size": "Herbert Adams Slow Cooked Beef With Shiraz & Cracked Pepper 2 pack",
    "WOW Price": 7.8,
    "WOW Size": "2 pack",
    "WOW ppu": "$1.95 / 100G"
  },
  {
    "Brand_Product_Size": "Noya Hazelnut & Cashew Butter 200g",
    "WOW Price": 8.5,
    "WOW Size": "200g",
    "WOW ppu": "$4.25 / 100G"
  },
  {
    "Brand_Product_Size": "Noya Hazelnut & Cashew Butter 200g",
    "WOW Price": 8.5,
    "WOW Size": "200g",
    "WOW ppu": "$4.25 / 100G"
  },
  {
    "Brand_Product_Size": "Stayfree Regular Pads With Wings 20 pack",
    "WOW Price": 4.3,
    "WOW Size": "20 pack",
    "WOW ppu": "$0.22 / 1EA"
  },
  {
    "Brand_Product_Size": "Cadbury Cherry Ripe Bites 135g",
    "WOW Price": 4,
    "WOW Size": "135g",
    "WOW ppu": "$2.96 / 100G"
  },
  {
    "Brand_Product_Size": "John West Tuna Protein Wholegrains With Brown & Red Rice 220g",
    "WOW Price": 3,
    "WOW Size": "220g",
    "WOW ppu": "$13.64 / 1KG"
  },
  {
    "Brand_Product_Size": "Glow Sport Hair Coils 5 pack",
    "WOW Price": 3,
    "WOW Size": "5 pack",
    "WOW ppu": ""
  },
  {
    "Brand_Product_Size": "Nando's Rubs Peri Peri Lemon & Herb 25g",
    "WOW Price": 2.99,
    "WOW Size": "25g",
    "WOW ppu": "$1.20 / 10G"
  },
  {
    "Brand_Product_Size": "Macro Satay Tofu 200g",
    "WOW Price": 4,
    "WOW Size": "200g",
    "WOW ppu": "$20.00 / 1KG"
  },
  {
    "Brand_Product_Size": "Smash Pencil Case Wetsuit Large each",
    "WOW Price": 7,
    "WOW Size": "each",
    "WOW ppu": ""
  },
  {
    "Brand_Product_Size": "Essentials Dinnerware Sauce Dish 9x3.5cm each",
    "WOW Price": 1,
    "WOW Size": "each",
    "WOW ppu": ""
  },
  {
    "Brand_Product_Size": "Nicaway Mint Gum 4mg 96 pack",
    "WOW Price": 20,
    "WOW Size": "96 pack",
    "WOW ppu": "$0.21 / 1EA"
  },
  {
    "Brand_Product_Size": "Golden Circle Pineapple Sliced In Syrup 450g",
    "WOW Price": 3.75,
    "WOW Size": "450g",
    "WOW ppu": "$8.33 / 1KG"
  },
  {
    "Brand_Product_Size": "Santa Vittoria Sparkling Mineral Water 1.5L bottLe",
    "WOW Price": 2.15,
    "WOW Size": "1.5L bottLe",
    "WOW ppu": "$1.43 / 1L"
  },
  {
    "Brand_Product_Size": "Carman's Roasted Nut, Date & Cinnamon Crispy Deluxe Muesli 400g",
    "WOW Price": 6.9,
    "WOW Size": "400g",
    "WOW ppu": "$1.73 / 100G"
  },
  {
    "Brand_Product_Size": "Passage To Thailand Massaman Curry Simmer Sauce 200g",
    "WOW Price": 3,
    "WOW Size": "200g",
    "WOW ppu": "$1.50 / 100G"
  },
  {
    "Brand_Product_Size": "Sonic B Sleek Wired Earphones each",
    "WOW Price": 12,
    "WOW Size": "each",
    "WOW ppu": ""
  },
  {
    "Brand_Product_Size": "Proud & Punch Choc Mint Smoothie 6 pack",
    "WOW Price": 6,
    "WOW Size": "6 pack",
    "WOW ppu": "$1.43 / 100ML"
  },
  {
    "Brand_Product_Size": "Tresemme Conditioner Botanique Restore & Shine 675mL",
    "WOW Price": 6.5,
    "WOW Size": "675mL",
    "WOW ppu": "$0.96 / 100ML"
  },
  {
    "Brand_Product_Size": "Sakata Rice Crackers Honey Soy 100g",
    "WOW Price": 2,
    "WOW Size": "100g",
    "WOW ppu": "$2.00 / 100G"
  },
  {
    "Brand_Product_Size": "Nola Ouma Butter Milk Rusks Chunky 500g",
    "WOW Price": 7.35,
    "WOW Size": "500g",
    "WOW ppu": "$1.47 / 100G"
  },
  {
    "Brand_Product_Size": "Mint Solid Nylon Turner each",
    "WOW Price": 4,
    "WOW Size": "each",
    "WOW ppu": ""
  },
  {
    "Brand_Product_Size": "Seedlip Spice 94 Non Alcoholic Spirit 700mL",
    "WOW Price": 50,
    "WOW Size": "700mL",
    "WOW ppu": ""
  },
  {
    "Brand_Product_Size": "Paperclick Chalk Markers 8 pack",
    "WOW Price": 12,
    "WOW Size": "8 pack",
    "WOW ppu": ""
  },
  {
    "Brand_Product_Size": "Decor Tellfresh Storer Oblong Tall 3L",
    "WOW Price": 9,
    "WOW Size": "3L",
    "WOW ppu": ""
  },
  {
    "Brand_Product_Size": "St John First Aid Kit each",
    "WOW Price": 20,
    "WOW Size": "each",
    "WOW ppu": "$20.00 / 1EA"
  },
  {
    "Brand_Product_Size": "Nestle Kitkat Honeycomb Smash 170g",
    "WOW Price": 3,
    "WOW Size": "170g",
    "WOW ppu": "$1.76 / 100G"
  },
  {
    "Brand_Product_Size": "Green's Premium Chocolate Pudding 260g",
    "WOW Price": 5,
    "WOW Size": "260g",
    "WOW ppu": "$1.92 / 100G"
  },
  {
    "Brand_Product_Size": "Lifestyles Ultimate Condoms 10 pack",
    "WOW Price": 5.8,
    "WOW Size": "10 pack",
    "WOW ppu": "$0.58 / 1EA"
  },
  {
    "Brand_Product_Size": "Sau Tao Ho Fan Beef Soup Noodles Bowl 80g",
    "WOW Price": 1.5,
    "WOW Size": "80g",
    "WOW ppu": "$1.88 / 100G"
  },
  {
    "Brand_Product_Size": "Glow Lab Night Cream 50g",
    "WOW Price": 10,
    "WOW Size": "50g",
    "WOW ppu": "$20.00 / 100G"
  },
  {
    "Brand_Product_Size": "Moki Life Lightning To Usb Syncharge Cable 90cm (mfi) each",
    "WOW Price": 12,
    "WOW Size": "each",
    "WOW ppu": ""
  },
  {
    "Brand_Product_Size": "Wicked Sister Strawberry Panna Cotta 150g x2 pack",
    "WOW Price": 2.1,
    "WOW Size": "150g x2 pack",
    "WOW ppu": "$0.70 / 100G"
  },
  {
    "Brand_Product_Size": "Greenseas Tuna Sundried Tomato & Onion 95g",
    "WOW Price": 1.7,
    "WOW Size": "95g",
    "WOW ppu": "$17.89 / 1KG"
  },
  {
    "Brand_Product_Size": "Inspire Flexi Tub 11L",
    "WOW Price": 6,
    "WOW Size": "11L",
    "WOW ppu": ""
  },
  {
    "Brand_Product_Size": "Carman's Vanilla Birthday Cake Aussie Oat Bar 30g x6 pack",
    "WOW Price": 5,
    "WOW Size": "30g x6 pack",
    "WOW ppu": "$2.78 / 100G"
  },
  {
    "Brand_Product_Size": "Peckish Rice Crackers Garden Veg 100g",
    "WOW Price": 2.5,
    "WOW Size": "100g",
    "WOW ppu": "$2.50 / 100G"
  },
  {
    "Brand_Product_Size": "Britannia Good Day Pista Badam 231g",
    "WOW Price": 2.75,
    "WOW Size": "231g",
    "WOW ppu": "$1.19 / 100G"
  },
  {
    "Brand_Product_Size": "Palmolive Antibacterial Liquid Hand Wash Soap Sea Minerals Refill 1L",
    "WOW Price": 6.5,
    "WOW Size": "1L",
    "WOW ppu": "$0.65 / 100ML"
  },
  {
    "Brand_Product_Size": "Wiltshire Staysharp Pairing Knife 9cm each",
    "WOW Price": 17,
    "WOW Size": "each",
    "WOW ppu": ""
  },
  {
    "Brand_Product_Size": "Valcom Paste Massaman Curry 210g",
    "WOW Price": 3.2,
    "WOW Size": "210g",
    "WOW ppu": "$1.52 / 100G"
  },
  {
    "Brand_Product_Size": "Masterfoods Salt Onion 68g",
    "WOW Price": 1.9,
    "WOW Size": "68g",
    "WOW ppu": "$0.28 / 10G"
  },
  {
    "Brand_Product_Size": "Lemnos Haloumi Cheese 180g",
    "WOW Price": 6,
    "WOW Size": "180g",
    "WOW ppu": "$33.33 / 1KG"
  },
  {
    "Brand_Product_Size": "Lemnos Haloumi Cheese 180g",
    "WOW Price": 6,
    "WOW Size": "180g",
    "WOW ppu": "$33.33 / 1KG"
  },
  {
    "Brand_Product_Size": "Annalisa Chickpeas 400g",
    "WOW Price": 1.5,
    "WOW Size": "400g",
    "WOW ppu": "$3.75 / 1KG"
  },
  {
    "Brand_Product_Size": "Herbal Essences Argan Oil Repairing Hair Mask 50mL",
    "WOW Price": 2.5,
    "WOW Size": "50mL",
    "WOW ppu": "$5.00 / 100ML"
  },
  {
    "Brand_Product_Size": "Marion's Kitchen Sticky Chilli Ginger 240mL",
    "WOW Price": 5,
    "WOW Size": "240mL",
    "WOW ppu": "$2.08 / 100ML"
  },
  {
    "Brand_Product_Size": "Rafferty's Garden Red Lentil Carrot & Sweet Potato 8m 120g",
    "WOW Price": 1.9,
    "WOW Size": "120g",
    "WOW ppu": "$1.58 / 100G"
  },
  {
    "Brand_Product_Size": "Aerogard Insect Repellent Odourless Low Irritant 300g",
    "WOW Price": 10,
    "WOW Size": "300g",
    "WOW ppu": "$3.33 / 100G"
  },
  {
    "Brand_Product_Size": "Nescafe Coffee Mixer Sachets Caramel Latte 10 pack",
    "WOW Price": 3.15,
    "WOW Size": "10 pack",
    "WOW ppu": "$0.32 / 1EA"
  },
  {
    "Brand_Product_Size": "Nescafe Coffee Mixer Sachets Caramel Latte 10 pack",
    "WOW Price": 3.15,
    "WOW Size": "10 pack",
    "WOW ppu": "$0.32 / 1EA"
  },
  {
    "Brand_Product_Size": "La Casa Del Formaggio Mozzarella Ball 450g",
    "WOW Price": 7.6,
    "WOW Size": "450g",
    "WOW ppu": "$16.89 / 1KG"
  },
  {
    "Brand_Product_Size": "La Casa Del Formaggio Mozzarella Ball 450g",
    "WOW Price": 7.6,
    "WOW Size": "450g",
    "WOW ppu": "$16.89 / 1KG"
  },
  {
    "Brand_Product_Size": "Nivea Pure Invisible Roll On Antiperspirant Deodorant 50mL",
    "WOW Price": 3.5,
    "WOW Size": "50mL",
    "WOW ppu": "$7.00 / 100ML"
  },
  {
    "Brand_Product_Size": "Mud Cosmetics Eyeshadow Palette Nudes 72 each",
    "WOW Price": 8,
    "WOW Size": "each",
    "WOW ppu": "$8.00 / 1EA"
  },
  {
    "Brand_Product_Size": "Ceres Organics Coconut Wafer Rolls Original 22 pack",
    "WOW Price": 4.5,
    "WOW Size": "22 pack",
    "WOW ppu": "$5.63 / 100G"
  },
  {
    "Brand_Product_Size": "Nair Hair Removal Cream Bleach Face & Body 28g",
    "WOW Price": 14,
    "WOW Size": "28g",
    "WOW ppu": "$50.00 / 100G"
  },
  {
    "Brand_Product_Size": "Avalanche Hot Chocolate 10 pack",
    "WOW Price": 5.5,
    "WOW Size": "10 pack",
    "WOW ppu": "$2.75 / 100G"
  },
  {
    "Brand_Product_Size": "Ogx Nourishing Coconut Milk Shampoo 385mL",
    "WOW Price": 20,
    "WOW Size": "385mL",
    "WOW ppu": "$5.19 / 100ML"
  },
  {
    "Brand_Product_Size": "Patak's Spicy Butter Chicken Simmer Sauce 450g",
    "WOW Price": 3.5,
    "WOW Size": "450g",
    "WOW ppu": "$0.78 / 100G"
  },
  {
    "Brand_Product_Size": "Curash Baby Wipes Fragrance Free 80 pack",
    "WOW Price": 5,
    "WOW Size": "80 pack",
    "WOW ppu": "$6.25 / 100EA"
  },
  {
    "Brand_Product_Size": "Oral-b Gum Care Power Brush Refills 2 pack",
    "WOW Price": 16.75,
    "WOW Size": "2 pack",
    "WOW ppu": "$8.38 / 1EA"
  },
  {
    "Brand_Product_Size": "Band-aid Advanced Healing Hydro Seal Blister Block 4 pack",
    "WOW Price": 7,
    "WOW Size": "4 pack",
    "WOW ppu": "$1.75 / 1EA"
  },
  {
    "Brand_Product_Size": "Purina One Adult Urinary Care With Chicken In Gravy Wet Cat Food 70g",
    "WOW Price": 1.8,
    "WOW Size": "70g",
    "WOW ppu": "$2.57 / 100G"
  },
  {
    "Brand_Product_Size": "Naturale Toilet Tissue 2 Ply 12 pack",
    "WOW Price": 6,
    "WOW Size": "12 pack",
    "WOW ppu": "$0.22 / 100SS"
  },
  {
    "Brand_Product_Size": "Sabco Slide-to-wring Hands Free Mop each",
    "WOW Price": 30,
    "WOW Size": "each",
    "WOW ppu": "$30.00 / 1EA"
  },
  {
    "Brand_Product_Size": "Cadbury Milk Chocolate Coated Almonds 120g",
    "WOW Price": 4,
    "WOW Size": "120g",
    "WOW ppu": "$3.33 / 100G"
  },
  {
    "Brand_Product_Size": "Nurofen Pain And Inflammation Relief Caplets 200mg Ibuprofen 24 pack",
    "WOW Price": 5.9,
    "WOW Size": "24 pack",
    "WOW ppu": "$0.25 / 1EA"
  },
  {
    "Brand_Product_Size": "Elastoplast Fabric Strips Waterproof 16 pack",
    "WOW Price": 4.29,
    "WOW Size": "16 pack",
    "WOW ppu": "$0.27 / 1EA"
  },
  {
    "Brand_Product_Size": "Created With Jamie Crumbed Chicken Crunchy Cajun Fillets 350g",
    "WOW Price": 9,
    "WOW Size": "350g",
    "WOW ppu": "$25.71 / 1KG"
  },
  {
    "Brand_Product_Size": "Sunkist Zero Sugar Orange 375mL x24 pack",
    "WOW Price": 18.55,
    "WOW Size": "375mL x24 pack",
    "WOW ppu": "$2.06 / 1L"
  },
  {
    "Brand_Product_Size": "S&b Golden Curry Mix Hot 92g",
    "WOW Price": 4.5,
    "WOW Size": "92g",
    "WOW ppu": "$4.89 / 100G"
  },
  {
    "Brand_Product_Size": "La Zuppa Italian Style Tomato & Vegetable Soup Pouch 540g",
    "WOW Price": 4.4,
    "WOW Size": "540g",
    "WOW ppu": "$0.81 / 100G"
  },
  {
    "Brand_Product_Size": "Arnott's Plain Scotch Finger 375g",
    "WOW Price": 3.5,
    "WOW Size": "375g",
    "WOW ppu": "$0.93 / 100G"
  },
  {
    "Brand_Product_Size": "Green Gardener Garden Weeder 1 pack",
    "WOW Price": 6,
    "WOW Size": "1 pack",
    "WOW ppu": ""
  },
  {
    "Brand_Product_Size": "Dinner Winner Pasta Beef 153g",
    "WOW Price": 3.5,
    "WOW Size": "153g",
    "WOW ppu": "$2.29 / 100G"
  },
  {
    "Brand_Product_Size": "Braggs Apple Cider Vinegar 946mL",
    "WOW Price": 12.95,
    "WOW Size": "946mL",
    "WOW ppu": "$1.37 / 100ML"
  },
  {
    "Brand_Product_Size": "Clairol Nice N Easy 120a Natural Dark Golden Brown each",
    "WOW Price": 9,
    "WOW Size": "each",
    "WOW ppu": ""
  },
  {
    "Brand_Product_Size": "Perfect Italiano Perfect Bakes 150g",
    "WOW Price": 3.25,
    "WOW Size": "150g",
    "WOW ppu": "$21.67 / 1KG"
  },
  {
    "Brand_Product_Size": "Ogx Nourishing & Coconut Milk Conditioner 750mL",
    "WOW Price": 32,
    "WOW Size": "750mL",
    "WOW ppu": "$4.27 / 100ML"
  },
  {
    "Brand_Product_Size": "Fussy Cat Grain Free Lamb & Chicken With Peas 85g",
    "WOW Price": 1.19,
    "WOW Size": "85g",
    "WOW ppu": "$1.40 / 100G"
  },
  {
    "Brand_Product_Size": "Csr White Sugar 1kg",
    "WOW Price": 1.2,
    "WOW Size": "1kg",
    "WOW ppu": "$0.12 / 100G"
  },
  {
    "Brand_Product_Size": "Yankee Candle Home Inspiration Cosy Up Candle Jar 340g",
    "WOW Price": 20,
    "WOW Size": "340g",
    "WOW ppu": ""
  },
  {
    "Brand_Product_Size": "Savu Bamboo Pulp Bowls 10 pack",
    "WOW Price": 2.5,
    "WOW Size": "10 pack",
    "WOW ppu": ""
  },
  {
    "Brand_Product_Size": "Custard Apple Fresh each",
    "WOW Price": 4.95,
    "WOW Size": "each",
    "WOW ppu": "$4.95 / 1EA"
  },
  {
    "Brand_Product_Size": "Maybelline Hypersharp Eyeliner - Black each",
    "WOW Price": 9,
    "WOW Size": "each",
    "WOW ppu": "$9.00 / 1EA"
  },
  {
    "Brand_Product_Size": "Corn Sweet each",
    "WOW Price": 1.5,
    "WOW Size": "each",
    "WOW ppu": "$1.50 / 1EA"
  },
  {
    "Brand_Product_Size": "Herbal Essences Shampoo Hello Hydration 300mL",
    "WOW Price": 3.25,
    "WOW Size": "300mL",
    "WOW ppu": "$1.08 / 100ML"
  },
  {
    "Brand_Product_Size": "Woolworths Bbq Foil Tray Large 2 pack",
    "WOW Price": 5,
    "WOW Size": "2 pack",
    "WOW ppu": "$2.50 / 1EA"
  },
  {
    "Brand_Product_Size": "Don Liverwurst Latvian 100g",
    "WOW Price": 2.2,
    "WOW Size": "100g",
    "WOW ppu": "$22.00 / 1KG"
  },
  {
    "Brand_Product_Size": "Nando's Marinade Peri Peri Medium 270g",
    "WOW Price": 3.75,
    "WOW Size": "270g",
    "WOW ppu": "$1.43 / 100G"
  },
  {
    "Brand_Product_Size": "Woolworths Salted Mixed Nuts 375g",
    "WOW Price": 5.35,
    "WOW Size": "375g",
    "WOW ppu": "$14.27 / 1KG"
  },
  {
    "Brand_Product_Size": "S-26 Alula Gold Delicateeze 0 - 12 Months 850g",
    "WOW Price": 26,
    "WOW Size": "850g",
    "WOW ppu": "$3.06 / 100G"
  },
  {
    "Brand_Product_Size": "Schwarzkopf Extra Care Marrakesh Oil Shampoo 900mL",
    "WOW Price": 14,
    "WOW Size": "900mL",
    "WOW ppu": "$1.56 / 100ML"
  },
  {
    "Brand_Product_Size": "Nicorette Quit Smoking Quickmist Mouth Spray Cool Berry 13.2mL x2 pack",
    "WOW Price": 60,
    "WOW Size": "13.2mL x2 pack",
    "WOW ppu": "$227.27 / 100ML"
  },
  {
    "Brand_Product_Size": "Mountain Bread Natural Light Wraps 8 pack",
    "WOW Price": 4,
    "WOW Size": "8 pack",
    "WOW ppu": "$2.00 / 100G"
  },
  {
    "Brand_Product_Size": "Burger Rings Burger Snacks 90g",
    "WOW Price": 2,
    "WOW Size": "90g",
    "WOW ppu": "$2.22 / 100G"
  },
  {
    "Brand_Product_Size": "Woolworths Frozen Mixed Berries 500g",
    "WOW Price": 4,
    "WOW Size": "500g",
    "WOW ppu": "$8.00 / 1KG"
  },
  {
    "Brand_Product_Size": "Woolworths Single Leaf Baby Spinach 280g",
    "WOW Price": 5,
    "WOW Size": "280g",
    "WOW ppu": "$17.86 / 1KG"
  },
  {
    "Brand_Product_Size": "Woolworths Single Leaf Baby Spinach 280g",
    "WOW Price": 5,
    "WOW Size": "280g",
    "WOW ppu": "$17.86 / 1KG"
  },
  {
    "Brand_Product_Size": "Woolworths Single Leaf Baby Spinach 280g",
    "WOW Price": 5,
    "WOW Size": "280g",
    "WOW ppu": "$17.86 / 1KG"
  },
  {
    "Brand_Product_Size": "Haagen-dazs Belgian Chocolate Ice Cream 457mL",
    "WOW Price": 11.5,
    "WOW Size": "457mL",
    "WOW ppu": "$2.52 / 100ML"
  },
  {
    "Brand_Product_Size": "Meredith Dairy Goat Cheese In Olive Oil 320g",
    "WOW Price": 12.99,
    "WOW Size": "320g",
    "WOW ppu": "$40.59 / 1KG"
  },
  {
    "Brand_Product_Size": "Meredith Dairy Goat Cheese In Olive Oil 320g",
    "WOW Price": 12.99,
    "WOW Size": "320g",
    "WOW ppu": "$40.59 / 1KG"
  },
  {
    "Brand_Product_Size": "Sudocrem Nappy Cream Healing 125g",
    "WOW Price": 7,
    "WOW Size": "125g",
    "WOW ppu": "$5.60 / 100G"
  },
  {
    "Brand_Product_Size": "Mint Non-stick Coating Casserole 24cm each",
    "WOW Price": 19.2,
    "WOW Size": "each",
    "WOW ppu": ""
  },
  {
    "Brand_Product_Size": "Ambi Pur Air Effects Thai Dragon Fruit Aerosol Air Freshener 275g",
    "WOW Price": 6,
    "WOW Size": "275g",
    "WOW ppu": "$0.22 / 10G"
  },
  {
    "Brand_Product_Size": "Woolworths Greek Salad Kit 500g",
    "WOW Price": 8,
    "WOW Size": "500g",
    "WOW ppu": "$1.60 / 100G"
  },
  {
    "Brand_Product_Size": "Woolworths Greek Salad Kit 500g",
    "WOW Price": 8,
    "WOW Size": "500g",
    "WOW ppu": "$1.60 / 100G"
  },
  {
    "Brand_Product_Size": "Samba Natural Wooden Firelighters 32 pack",
    "WOW Price": 4,
    "WOW Size": "32 pack",
    "WOW ppu": "$0.13 / 1EA"
  },
  {
    "Brand_Product_Size": "Revlon Colorstay Lipliner Nude 0.28g",
    "WOW Price": 11.5,
    "WOW Size": "0.28g",
    "WOW ppu": "$410.71 / 10G"
  },
  {
    "Brand_Product_Size": "Envy Apple each",
    "WOW Price": 1.14,
    "WOW Size": "each",
    "WOW ppu": "$1.14 / 1EA"
  },
  {
    "Brand_Product_Size": "Envy Apple each",
    "WOW Price": 1.14,
    "WOW Size": "each",
    "WOW ppu": "$1.14 / 1EA"
  },
  {
    "Brand_Product_Size": "Arnott's Cruskits Rye 125g",
    "WOW Price": 3.5,
    "WOW Size": "125g",
    "WOW ppu": "$2.80 / 100G"
  },
  {
    "Brand_Product_Size": "Macro Organic Green Zucchini Punnet 500g",
    "WOW Price": 5,
    "WOW Size": "500g",
    "WOW ppu": "$10.00 / 1KG"
  },
  {
    "Brand_Product_Size": "Pauls Zymil Thickened Cream Lactose Free 300mL",
    "WOW Price": 3.35,
    "WOW Size": "300mL",
    "WOW ppu": "$1.12 / 100ML"
  },
  {
    "Brand_Product_Size": "Woolworths Butter Lettuce 170g",
    "WOW Price": 4,
    "WOW Size": "170g",
    "WOW ppu": "$23.53 / 1KG"
  },
  {
    "Brand_Product_Size": "Woolworths Butter Lettuce 170g",
    "WOW Price": 4,
    "WOW Size": "170g",
    "WOW ppu": "$23.53 / 1KG"
  },
  {
    "Brand_Product_Size": "Hillmark Cerapol Ceramic Glass & Induction Cooktop Cleaner 150mL",
    "WOW Price": 6.2,
    "WOW Size": "150mL",
    "WOW ppu": "$4.13 / 100ML"
  },
  {
    "Brand_Product_Size": "Bonds Action Brief Extra Large 4 pack",
    "WOW Price": 24,
    "WOW Size": "4 pack",
    "WOW ppu": ""
  },
  {
    "Brand_Product_Size": "Tigi Bed Head Recovery Shampoo 250mL",
    "WOW Price": 19,
    "WOW Size": "250mL",
    "WOW ppu": "$7.60 / 100ML"
  },
  {
    "Brand_Product_Size": "Woolworths Beef Corned 340g",
    "WOW Price": 2.5,
    "WOW Size": "340g",
    "WOW ppu": "$7.35 / 1KG"
  },
  {
    "Brand_Product_Size": "Korbond Party Candle Metallics Number 6 19g",
    "WOW Price": 1.5,
    "WOW Size": "19g",
    "WOW ppu": "$1.50 / 1EA"
  },
  {
    "Brand_Product_Size": "Sellotape Invisible Tape Dispesner 18mm X 25m & Refill each",
    "WOW Price": 5.5,
    "WOW Size": "each",
    "WOW ppu": ""
  },
  {
    "Brand_Product_Size": "Fropro Dairy Free Chocolate Frozen Dessert 473mL",
    "WOW Price": 10,
    "WOW Size": "473mL",
    "WOW ppu": "$2.11 / 100ML"
  },
  {
    "Brand_Product_Size": "Scholl Gelactiv Insoles Men's Sport 1 pair",
    "WOW Price": 19.6,
    "WOW Size": "1 pair",
    "WOW ppu": ""
  },
  {
    "Brand_Product_Size": "Glow Lab Moisturiser 100mL",
    "WOW Price": 8,
    "WOW Size": "100mL",
    "WOW ppu": "$8.00 / 100ML"
  },
  {
    "Brand_Product_Size": "Macro Organic Carrots 750g",
    "WOW Price": 4.9,
    "WOW Size": "750g",
    "WOW ppu": "$6.53 / 1KG"
  },
  {
    "Brand_Product_Size": "Earth Chickenless Money Bags 250g",
    "WOW Price": 7,
    "WOW Size": "250g",
    "WOW ppu": "$2.80 / 100G"
  },
  {
    "Brand_Product_Size": "Australia's Own Organic Long Life Rice Milk 1L",
    "WOW Price": 2,
    "WOW Size": "1L",
    "WOW ppu": "$2.00 / 1L"
  },
  {
    "Brand_Product_Size": "Australia's Own Organic Long Life Rice Milk 1L",
    "WOW Price": 2,
    "WOW Size": "1L",
    "WOW ppu": "$2.00 / 1L"
  },
  {
    "Brand_Product_Size": "Revlon Colorstay Overtime Lipcolor Bare Maximum Lipstick 2.0mL",
    "WOW Price": 14,
    "WOW Size": "2.0mL",
    "WOW ppu": "$70.00 / 10ML"
  },
  {
    "Brand_Product_Size": "Bondi Sands 1 Hour Express Tan 225mL",
    "WOW Price": 25,
    "WOW Size": "225mL",
    "WOW ppu": "$11.11 / 100ML"
  },
  {
    "Brand_Product_Size": "Frantelle Still Spring Water 24x600mL",
    "WOW Price": 11,
    "WOW Size": "24x600mL",
    "WOW ppu": "$0.76 / 1L"
  },
  {
    "Brand_Product_Size": "Frantelle Still Spring Water 24x600mL",
    "WOW Price": 11,
    "WOW Size": "24x600mL",
    "WOW ppu": "$0.76 / 1L"
  },
  {
    "Brand_Product_Size": "Golden Circle Corn Kernels 410g",
    "WOW Price": 1.7,
    "WOW Size": "410g",
    "WOW ppu": "$4.15 / 1KG"
  },
  {
    "Brand_Product_Size": "Whiskas Mixed Favourites In Jelly 7+ Years 12 pack",
    "WOW Price": 8,
    "WOW Size": "12 pack",
    "WOW ppu": "$0.78 / 100G"
  },
  {
    "Brand_Product_Size": "Sprite Lemonade Cans 375mL x10 pack",
    "WOW Price": 7.9,
    "WOW Size": "375mL x10 pack",
    "WOW ppu": "$2.11 / 1L"
  },
  {
    "Brand_Product_Size": "Herbal Essences Sulfate Free Potent Aloe & Mango Shampoo 400mL",
    "WOW Price": 10,
    "WOW Size": "400mL",
    "WOW ppu": "$2.50 / 100ML"
  },
  {
    "Brand_Product_Size": "Nakula Coconut Yoghurt Passionfruit 500g",
    "WOW Price": 6,
    "WOW Size": "500g",
    "WOW ppu": "$1.20 / 100G"
  },
  {
    "Brand_Product_Size": "Nature's Cuppa English Breakfast Tea Bags 60 pack 150g",
    "WOW Price": 6.38,
    "WOW Size": "60 pack 150g",
    "WOW ppu": "$0.11 / 1EA"
  },
  {
    "Brand_Product_Size": "Nature's Cuppa English Breakfast Tea Bags 60 pack 150g",
    "WOW Price": 6.38,
    "WOW Size": "60 pack 150g",
    "WOW ppu": "$0.11 / 1EA"
  },
  {
    "Brand_Product_Size": "Tradie Fly Front Trunks Medium Assorted each",
    "WOW Price": 12,
    "WOW Size": "each",
    "WOW ppu": ""
  },
  {
    "Brand_Product_Size": "Deli Leg Ham Sliced From The Deli per kg",
    "WOW Price": 16,
    "WOW Size": "per kg",
    "WOW ppu": "$16.00 / 1KG"
  },
  {
    "Brand_Product_Size": "Raid Odourless Flying Insect Killer Aerosol 350g",
    "WOW Price": 5.45,
    "WOW Size": "350g",
    "WOW ppu": "$1.56 / 100G"
  },
  {
    "Brand_Product_Size": "Moccona Espresso 10 Coffee Capsules 10 pack",
    "WOW Price": 4.5,
    "WOW Size": "10 pack",
    "WOW ppu": "$0.45 / 1EA"
  },
  {
    "Brand_Product_Size": "Moccona Espresso 10 Coffee Capsules 10 pack",
    "WOW Price": 4.5,
    "WOW Size": "10 pack",
    "WOW ppu": "$0.45 / 1EA"
  },
  {
    "Brand_Product_Size": "Woolworths Beef Ragu Lasagne 400g",
    "WOW Price": 7.5,
    "WOW Size": "400g",
    "WOW ppu": "$1.88 / 100G"
  },
  {
    "Brand_Product_Size": "Pumpkin Kent each",
    "WOW Price": 12,
    "WOW Size": "each",
    "WOW ppu": "$12.00 / 1EA"
  },
  {
    "Brand_Product_Size": "Ocean Blue Crab Meat 140g",
    "WOW Price": 10.5,
    "WOW Size": "140g",
    "WOW ppu": "$75.00 / 1KG"
  },
  {
    "Brand_Product_Size": "Yoplait Mini Go Mixed Berry 145g",
    "WOW Price": 1.2,
    "WOW Size": "145g",
    "WOW ppu": "$0.83 / 100G"
  },
  {
    "Brand_Product_Size": "Rafferty's Garden Strawberry Yoghurt 70g",
    "WOW Price": 1,
    "WOW Size": "70g",
    "WOW ppu": "$1.43 / 100G"
  },
  {
    "Brand_Product_Size": "Sunny Queen Peeled Boiled Eggs 170g",
    "WOW Price": 6,
    "WOW Size": "170g",
    "WOW ppu": "$3.53 / 100G"
  },
  {
    "Brand_Product_Size": "Olina's Seriously Seedy Snackers Beetroot & Sour Cream 140g",
    "WOW Price": 4,
    "WOW Size": "140g",
    "WOW ppu": "$2.86 / 100G"
  },
  {
    "Brand_Product_Size": "Woolworths Single Leaf Baby Kale 60g",
    "WOW Price": 2,
    "WOW Size": "60g",
    "WOW ppu": "$33.33 / 1KG"
  },
  {
    "Brand_Product_Size": "Woolworths Single Leaf Baby Kale 60g",
    "WOW Price": 2,
    "WOW Size": "60g",
    "WOW ppu": "$33.33 / 1KG"
  },
  {
    "Brand_Product_Size": "Jarrah Honey & Almond Latte 210g",
    "WOW Price": 3.5,
    "WOW Size": "210g",
    "WOW ppu": "$1.67 / 100G"
  },
  {
    "Brand_Product_Size": "Jarrah Honey & Almond Latte 210g",
    "WOW Price": 3.5,
    "WOW Size": "210g",
    "WOW ppu": "$1.67 / 100G"
  },
  {
    "Brand_Product_Size": "Vileda Cleaning Cloth Sponge Super Absorbent 3 pack",
    "WOW Price": 4,
    "WOW Size": "3 pack",
    "WOW ppu": "$1.33 / 1EA"
  },
  {
    "Brand_Product_Size": "D'orsogna Ham Leg Shaved 400g",
    "WOW Price": 5.5,
    "WOW Size": "400g",
    "WOW ppu": "$13.75 / 1KG"
  },
  {
    "Brand_Product_Size": "D'orsogna Ham Leg Shaved 400g",
    "WOW Price": 5.5,
    "WOW Size": "400g",
    "WOW ppu": "$13.75 / 1KG"
  },
  {
    "Brand_Product_Size": "Eureka Lavender Solution 100mL",
    "WOW Price": 9,
    "WOW Size": "100mL",
    "WOW ppu": "$9.00 / 100ML"
  },
  {
    "Brand_Product_Size": "Bonds Comfy Tops Fleecy Leggings Black Av-tl each",
    "WOW Price": 22,
    "WOW Size": "each",
    "WOW ppu": ""
  },
  {
    "Brand_Product_Size": "Alambra Cypriot Halloumi 850g",
    "WOW Price": 21,
    "WOW Size": "850g",
    "WOW ppu": "$24.71 / 1KG"
  },
  {
    "Brand_Product_Size": "Alambra Cypriot Halloumi 850g",
    "WOW Price": 21,
    "WOW Size": "850g",
    "WOW ppu": "$24.71 / 1KG"
  },
  {
    "Brand_Product_Size": "Woolworths Pumpkin Harissa Bites 200g",
    "WOW Price": 5,
    "WOW Size": "200g",
    "WOW ppu": "$2.50 / 100G"
  },
  {
    "Brand_Product_Size": "Picasso Kitchen Stone Baked Bbq Meat Deluxe Pizza 470g",
    "WOW Price": 4.5,
    "WOW Size": "470g",
    "WOW ppu": "$0.96 / 100G"
  },
  {
    "Brand_Product_Size": "Clean & Clear Essential Foam Face Wash 150mL",
    "WOW Price": 8,
    "WOW Size": "150mL",
    "WOW ppu": "$5.33 / 100ML"
  },
  {
    "Brand_Product_Size": "Rimmel Hide The Blemish Concealer 001 Ivory 4.5g",
    "WOW Price": 5.25,
    "WOW Size": "4.5g",
    "WOW ppu": "$11.67 / 10G"
  },
  {
    "Brand_Product_Size": "Woolworths Cook Butterflied Lamb Leg With Honey & Rosemary 400g - 700g",
    "WOW Price": 14,
    "WOW Size": "400g - 700g",
    "WOW ppu": "$20.00 / 1KG"
  },
  {
    "Brand_Product_Size": "Beerenberg Relish Balsamic Beetroot 280g",
    "WOW Price": 4,
    "WOW Size": "280g",
    "WOW ppu": "$1.43 / 100G"
  },
  {
    "Brand_Product_Size": "Woolworths Cook American Bbq Salmon Portions 325g",
    "WOW Price": 12,
    "WOW Size": "325g",
    "WOW ppu": "$36.92 / 1KG"
  },
  {
    "Brand_Product_Size": "Woolworths Sage Fresh Herb 10g punnet",
    "WOW Price": 3,
    "WOW Size": "10g punnet",
    "WOW ppu": "$3.00 / 10G"
  },
  {
    "Brand_Product_Size": "Woolworths Sage Fresh Herb 10g punnet",
    "WOW Price": 3,
    "WOW Size": "10g punnet",
    "WOW ppu": "$3.00 / 10G"
  },
  {
    "Brand_Product_Size": "Macro Classic Tofu Regular 300g",
    "WOW Price": 2.3,
    "WOW Size": "300g",
    "WOW ppu": "$7.67 / 1KG"
  },
  {
    "Brand_Product_Size": "Woolworths Beef Tortellini With Creamy Mushroom Sauce 350g",
    "WOW Price": 7.5,
    "WOW Size": "350g",
    "WOW ppu": "$2.14 / 100G"
  },
  {
    "Brand_Product_Size": "Harris Coffee Beans Strong 1kg",
    "WOW Price": 15,
    "WOW Size": "1kg",
    "WOW ppu": "$1.50 / 100G"
  },
  {
    "Brand_Product_Size": "Harris Coffee Beans Strong 1kg",
    "WOW Price": 15,
    "WOW Size": "1kg",
    "WOW ppu": "$1.50 / 100G"
  },
  {
    "Brand_Product_Size": "Fussy Cat Grain Free Finest Mince With Beef Chilled Cat Food 800g",
    "WOW Price": 6.8,
    "WOW Size": "800g",
    "WOW ppu": "$0.85 / 100G"
  },
  {
    "Brand_Product_Size": "Vanish Gold Oxi Action Intelligence Gel 1.75L",
    "WOW Price": 15,
    "WOW Size": "1.75L",
    "WOW ppu": "$8.57 / 1L"
  },
  {
    "Brand_Product_Size": "Remedy Kombucha Ginger Lemon 1.25L",
    "WOW Price": 8.75,
    "WOW Size": "1.25L",
    "WOW ppu": "$7.00 / 1L"
  },
  {
    "Brand_Product_Size": "Gravox Finishing Sauce Cheese 29g",
    "WOW Price": 1.1,
    "WOW Size": "29g",
    "WOW ppu": "$0.38 / 10G"
  },
  {
    "Brand_Product_Size": "Woolworths Beef Rump Steak Medallion Small 300g",
    "WOW Price": 10,
    "WOW Size": "300g",
    "WOW ppu": "$33.33 / 1KG"
  },
  {
    "Brand_Product_Size": "Nudie Kids Tetra Tropical 200mL",
    "WOW Price": 1.2,
    "WOW Size": "200mL",
    "WOW ppu": "$6.00 / 1L"
  },
  {
    "Brand_Product_Size": "Sungrow Medium Grain Rice 5kg",
    "WOW Price": 8.5,
    "WOW Size": "5kg",
    "WOW ppu": "$0.17 / 100G"
  },
  {
    "Brand_Product_Size": "Woolworths Smiling Tums 6 Months+ Apple Pea & Zucchini 120g",
    "WOW Price": 1,
    "WOW Size": "120g",
    "WOW ppu": "$0.83 / 100G"
  },
  {
    "Brand_Product_Size": "Band-aid Tough Strips Regular 20 pack",
    "WOW Price": 2.85,
    "WOW Size": "20 pack",
    "WOW ppu": "$0.14 / 1EA"
  },
  {
    "Brand_Product_Size": "Woolworths Broccoli & Cauliflower 500g",
    "WOW Price": 2.15,
    "WOW Size": "500g",
    "WOW ppu": "$4.30 / 1KG"
  },
  {
    "Brand_Product_Size": "D'orsogna Triple Smoked Leg Ham 97% Fat Free Sliced From The Deli per kg",
    "WOW Price": 20,
    "WOW Size": "per kg",
    "WOW ppu": "$20.00 / 1KG"
  },
  {
    "Brand_Product_Size": "D'orsogna Triple Smoked Leg Ham 97% Fat Free Sliced From The Deli per kg",
    "WOW Price": 20,
    "WOW Size": "per kg",
    "WOW ppu": "$20.00 / 1KG"
  },
  {
    "Brand_Product_Size": "Raguletto Fresh Spinach & Ricotta Agnolotti 600g",
    "WOW Price": 4,
    "WOW Size": "600g",
    "WOW ppu": "$0.67 / 100G"
  },
  {
    "Brand_Product_Size": "Woolworths Creamy Pasta Salad 110g",
    "WOW Price": 2,
    "WOW Size": "110g",
    "WOW ppu": "$1.82 / 100G"
  },
  {
    "Brand_Product_Size": "Woolworths Creamy Pasta Salad 110g",
    "WOW Price": 2,
    "WOW Size": "110g",
    "WOW ppu": "$1.82 / 100G"
  },
  {
    "Brand_Product_Size": "Prosciutto Di San Daniele Sliced 85g",
    "WOW Price": 9,
    "WOW Size": "85g",
    "WOW ppu": "$105.88 / 1KG"
  },
  {
    "Brand_Product_Size": "Evamay Liners Regular 20 pack",
    "WOW Price": 0.9,
    "WOW Size": "20 pack",
    "WOW ppu": "$0.05 / 1EA"
  },
  {
    "Brand_Product_Size": "Ingham's Chicken Breast Tenders Gluten Free 400g",
    "WOW Price": 9,
    "WOW Size": "400g",
    "WOW ppu": "$2.25 / 100G"
  },
  {
    "Brand_Product_Size": "Decor Pumped Slider Sport Bottle Assorted 500mL",
    "WOW Price": 2.5,
    "WOW Size": "500mL",
    "WOW ppu": ""
  },
  {
    "Brand_Product_Size": "Nivea Daily Essentials Facial Biodegradable Cleansing Wipes 25 pack",
    "WOW Price": 5,
    "WOW Size": "25 pack",
    "WOW ppu": "$0.20 / 1EA"
  },
  {
    "Brand_Product_Size": "Fairy Original All In One Dishwasher Capsules 26 pack",
    "WOW Price": 8.5,
    "WOW Size": "26 pack",
    "WOW ppu": "$0.33 / 1EA"
  },
  {
    "Brand_Product_Size": "Centrum Collagen Boost & Glow Tablets 50 pack",
    "WOW Price": 30,
    "WOW Size": "50 pack",
    "WOW ppu": "$60.00 / 100EA"
  },
  {
    "Brand_Product_Size": "Fairy Platinum All In One Dishwasher Capsules 52 pack",
    "WOW Price": 37,
    "WOW Size": "52 pack",
    "WOW ppu": "$71.15 / 100EA"
  },
  {
    "Brand_Product_Size": "Fairy Platinum Plus Expert All In One Dishwasher Capsules 42 pack",
    "WOW Price": 18.5,
    "WOW Size": "42 pack",
    "WOW ppu": "$44.05 / 100EA"
  },
  {
    "Brand_Product_Size": "Fairy Original All In One Dishwasher Capsules 64 pack",
    "WOW Price": 18.5,
    "WOW Size": "64 pack",
    "WOW ppu": "$28.91 / 100EA"
  },
  {
    "Brand_Product_Size": "Fairy Platinum All In One Dishwasher Capsules 20 pack",
    "WOW Price": 17,
    "WOW Size": "20 pack",
    "WOW ppu": "$0.85 / 1EA"
  },
  {
    "Brand_Product_Size": "Noya Abc Almond Brazil & Cashew Butter 250g",
    "WOW Price": 8.5,
    "WOW Size": "250g",
    "WOW ppu": "$3.40 / 100G"
  },
  {
    "Brand_Product_Size": "Noya Abc Almond Brazil & Cashew Butter 250g",
    "WOW Price": 8.5,
    "WOW Size": "250g",
    "WOW ppu": "$3.40 / 100G"
  },
  {
    "Brand_Product_Size": "Herbal Essences Hydrate Coconut Milk Shampoo 400mL",
    "WOW Price": 6,
    "WOW Size": "400mL",
    "WOW ppu": "$1.50 / 100ML"
  },
  {
    "Brand_Product_Size": "Bae Juice 100% Korean Pear Juice 120mL",
    "WOW Price": 3,
    "WOW Size": "120mL",
    "WOW ppu": "$25.00 / 1L"
  },
  {
    "Brand_Product_Size": "Mortein Outdoor Barrier Surface Spray Crawling Insect Killer 350g",
    "WOW Price": 11,
    "WOW Size": "350g",
    "WOW ppu": "$3.14 / 100G"
  },
  {
    "Brand_Product_Size": "Coco Q Green Coconut For Drinking each",
    "WOW Price": 3.9,
    "WOW Size": "each",
    "WOW ppu": "$3.90 / 1EA"
  },
  {
    "Brand_Product_Size": "Earth Choice Window Cleaner Window 600mL",
    "WOW Price": 3.15,
    "WOW Size": "600mL",
    "WOW ppu": "$0.53 / 100ML"
  },
  {
    "Brand_Product_Size": "Bulla Ice Cream Vanilla 4L tub",
    "WOW Price": 7.9,
    "WOW Size": "4L tub",
    "WOW ppu": "$0.20 / 100ML"
  },
  {
    "Brand_Product_Size": "Off The Eaten Path Veggie Chips Pea & Pinto Bean Sticks Sweet Chilli Sour Cream 100g",
    "WOW Price": 4,
    "WOW Size": "100g",
    "WOW ppu": "$4.00 / 100G"
  },
  {
    "Brand_Product_Size": "Cottee's Apricot Jam 250g",
    "WOW Price": 1.5,
    "WOW Size": "250g",
    "WOW ppu": "$0.60 / 100G"
  },
  {
    "Brand_Product_Size": "Jack Hammer Rope Braided 9.5mm X 15m each",
    "WOW Price": 10,
    "WOW Size": "each",
    "WOW ppu": ""
  },
  {
    "Brand_Product_Size": "Woolworths Flavoured Maple Syrup 375g",
    "WOW Price": 2.5,
    "WOW Size": "375g",
    "WOW ppu": "$0.67 / 100G"
  },
  {
    "Brand_Product_Size": "Oscar Orsen Small Pad Brush each",
    "WOW Price": 14.99,
    "WOW Size": "each",
    "WOW ppu": ""
  },
  {
    "Brand_Product_Size": "Golden Circle Sarsaparilla Cordial 2L",
    "WOW Price": 3,
    "WOW Size": "2L",
    "WOW ppu": "$1.50 / 1L"
  },
  {
    "Brand_Product_Size": "Nature's Gift Sustain Beef Dry Dog Food 6kg",
    "WOW Price": 18,
    "WOW Size": "6kg",
    "WOW ppu": "$0.30 / 100G"
  },
  {
    "Brand_Product_Size": "Bosisto's Sweet Almond Body Oil 100mL",
    "WOW Price": 6.7,
    "WOW Size": "100mL",
    "WOW ppu": "$6.70 / 100ML"
  },
  {
    "Brand_Product_Size": "Saxa Cooking Salt 1kg",
    "WOW Price": 1.85,
    "WOW Size": "1kg",
    "WOW ppu": "$0.02 / 10G"
  },
  {
    "Brand_Product_Size": "First Force Coils Fly & Insect 10 pack",
    "WOW Price": 1.5,
    "WOW Size": "10 pack",
    "WOW ppu": "$0.15 / 1EA"
  },
  {
    "Brand_Product_Size": "Spotgo Surface / Bbq Degreaser 500mL",
    "WOW Price": 8,
    "WOW Size": "500mL",
    "WOW ppu": "$1.60 / 100ML"
  },
  {
    "Brand_Product_Size": "Skyn Condoms Skyn Large 10 pack",
    "WOW Price": 9,
    "WOW Size": "10 pack",
    "WOW ppu": "$0.90 / 1EA"
  },
  {
    "Brand_Product_Size": "Clean & Clear Morning Burst Scrub Morning Burst 141g",
    "WOW Price": 9.5,
    "WOW Size": "141g",
    "WOW ppu": "$6.74 / 100G"
  },
  {
    "Brand_Product_Size": "Danone Yopro Salted Caramel Flavoured Yoghurt 160g",
    "WOW Price": 2.4,
    "WOW Size": "160g",
    "WOW ppu": "$1.50 / 100G"
  },
  {
    "Brand_Product_Size": "Yumi's Delights Zucchini & Lentil 225g",
    "WOW Price": 5.5,
    "WOW Size": "225g",
    "WOW ppu": "$24.44 / 1KG"
  },
  {
    "Brand_Product_Size": "L'or Espresso Onyx Intensity 12 Coffee Capsules 10 pack",
    "WOW Price": 6,
    "WOW Size": "10 pack",
    "WOW ppu": "$0.60 / 1EA"
  },
  {
    "Brand_Product_Size": "L'or Espresso Onyx Intensity 12 Coffee Capsules 10 pack",
    "WOW Price": 6,
    "WOW Size": "10 pack",
    "WOW ppu": "$0.60 / 1EA"
  },
  {
    "Brand_Product_Size": "Mckenzie's Bi Carb Soda 1kg",
    "WOW Price": 3.5,
    "WOW Size": "1kg",
    "WOW ppu": "$0.35 / 100G"
  },
  {
    "Brand_Product_Size": "Refresh Demineralised Water 2L",
    "WOW Price": 1.8,
    "WOW Size": "2L",
    "WOW ppu": "$0.90 / 1L"
  },
  {
    "Brand_Product_Size": "Purina Totalcare Stretchy Grunter Dog Toy Assorted each",
    "WOW Price": 13,
    "WOW Size": "each",
    "WOW ppu": "$13.00 / 1EA"
  },
  {
    "Brand_Product_Size": "Ayam Fish Sauce 210mL",
    "WOW Price": 3.5,
    "WOW Size": "210mL",
    "WOW ppu": "$1.67 / 100ML"
  },
  {
    "Brand_Product_Size": "Thomas Dux Ash Brie 125g",
    "WOW Price": 4.5,
    "WOW Size": "125g",
    "WOW ppu": "$36.00 / 1KG"
  },
  {
    "Brand_Product_Size": "Thomas Dux Ash Brie 125g",
    "WOW Price": 4.5,
    "WOW Size": "125g",
    "WOW ppu": "$36.00 / 1KG"
  },
  {
    "Brand_Product_Size": "Woolworths Chicken Breast Crumbed Nuggets 400g",
    "WOW Price": 3.59,
    "WOW Size": "400g",
    "WOW ppu": "$8.98 / 1KG"
  },
  {
    "Brand_Product_Size": "Palmolive Regular Dishwashing Liquid Original Tough On Grease 750mL",
    "WOW Price": 3.5,
    "WOW Size": "750mL",
    "WOW ppu": "$0.47 / 100ML"
  },
  {
    "Brand_Product_Size": "Bostik Blu-tack Colour 75g",
    "WOW Price": 3.5,
    "WOW Size": "75g",
    "WOW ppu": ""
  },
  {
    "Brand_Product_Size": "Talon Rat & Mouse Baits Killer 6 Pellet Trays 150g",
    "WOW Price": 7.25,
    "WOW Size": "150g",
    "WOW ppu": "$4.83 / 100G"
  },
  {
    "Brand_Product_Size": "Air Wick Essential Oil Turquoise Oasis Electric Twin Refill 19mL",
    "WOW Price": 9.99,
    "WOW Size": "19mL",
    "WOW ppu": "$2.63 / 10ML"
  },
  {
    "Brand_Product_Size": "Finish Quantum Ultimate Pro Dishwasher Tablets Lemon 32 pack",
    "WOW Price": 36,
    "WOW Size": "32 pack",
    "WOW ppu": "$1.13 / 1EA"
  },
  {
    "Brand_Product_Size": "Mcobeauty Instant Brows Light To Medium Light To Medium 1.5g",
    "WOW Price": 7,
    "WOW Size": "1.5g",
    "WOW ppu": "$46.67 / 10G"
  },
  {
    "Brand_Product_Size": "Mccain Healthy Choice Lemon Herb Chicken 350g",
    "WOW Price": 4,
    "WOW Size": "350g",
    "WOW ppu": "$1.14 / 100G"
  },
  {
    "Brand_Product_Size": "Mcobeauty Lash Bond Eyeliner & Lash Kit each",
    "WOW Price": 14.5,
    "WOW Size": "each",
    "WOW ppu": "$14.50 / 1EA"
  },
  {
    "Brand_Product_Size": "Sunkist Orange Cans 30x375mL pack",
    "WOW Price": 19,
    "WOW Size": "30x375mL pack",
    "WOW ppu": "$1.69 / 1L"
  },
  {
    "Brand_Product_Size": "Hubbards Raspberry & Coconut Toasted Granola 450g",
    "WOW Price": 7,
    "WOW Size": "450g",
    "WOW ppu": "$1.56 / 100G"
  },
  {
    "Brand_Product_Size": "Woolworths Roasted Garlic Potato Bake 380g",
    "WOW Price": 6,
    "WOW Size": "380g",
    "WOW ppu": "$1.58 / 100G"
  },
  {
    "Brand_Product_Size": "Simson's Pantry Authentic Naan Dippers 5 pack",
    "WOW Price": 2.95,
    "WOW Size": "5 pack",
    "WOW ppu": "$1.31 / 100G"
  },
  {
    "Brand_Product_Size": "Exelpet Ezy Dose Heartwormer & Intestinal Allwormer For Dogs 4 pack",
    "WOW Price": 24,
    "WOW Size": "4 pack",
    "WOW ppu": "$6.00 / 1EA"
  },
  {
    "Brand_Product_Size": "Pink Himalayan Salt Seaweed Chips 30g",
    "WOW Price": 3,
    "WOW Size": "30g",
    "WOW ppu": "$10.00 / 100G"
  },
  {
    "Brand_Product_Size": "Five Tastes Stir Fry Shots Lemongrass & Kaffir Lime 4x45g",
    "WOW Price": 4,
    "WOW Size": "4x45g",
    "WOW ppu": "$2.22 / 100G"
  },
  {
    "Brand_Product_Size": "Woolworths Corn Chips Original 200g",
    "WOW Price": 1.9,
    "WOW Size": "200g",
    "WOW ppu": "$0.95 / 100G"
  },
  {
    "Brand_Product_Size": "Woolworths Bbq Chicken Burgers Zucchini & Parmesan 450g",
    "WOW Price": 8,
    "WOW Size": "450g",
    "WOW ppu": "$17.78 / 1KG"
  },
  {
    "Brand_Product_Size": "Essentials Pure Bar Soap Pure 8 pack",
    "WOW Price": 2.3,
    "WOW Size": "8 pack",
    "WOW ppu": "$0.29 / 1EA"
  },
  {
    "Brand_Product_Size": "Air Wick Life Scents Turquoise Oasis Reed 30mL",
    "WOW Price": 9.6,
    "WOW Size": "30mL",
    "WOW ppu": "$3.20 / 10ML"
  },
  {
    "Brand_Product_Size": "Sunsilk Keratin Conditioner Defeat Damage 700mL",
    "WOW Price": 10,
    "WOW Size": "700mL",
    "WOW ppu": "$1.43 / 100ML"
  },
  {
    "Brand_Product_Size": "Woolworths Classic Olive Oil Spanish Classic 1L",
    "WOW Price": 7,
    "WOW Size": "1L",
    "WOW ppu": "$0.70 / 100ML"
  },
  {
    "Brand_Product_Size": "Obela Hommus 1kg",
    "WOW Price": 7.5,
    "WOW Size": "1kg",
    "WOW ppu": "$0.75 / 100G"
  },
  {
    "Brand_Product_Size": "Revlon Colorstay True Beige Foundation 30mL",
    "WOW Price": 17.5,
    "WOW Size": "30mL",
    "WOW ppu": "$5.83 / 10ML"
  },
  {
    "Brand_Product_Size": "Purina Totalcare Deodorising Shampoo For Dogs 350mL",
    "WOW Price": 13,
    "WOW Size": "350mL",
    "WOW ppu": "$3.71 / 100ML"
  },
  {
    "Brand_Product_Size": "Ocean Spray Ruby Red Grapefruit Juice Drink 1.5L",
    "WOW Price": 5.85,
    "WOW Size": "1.5L",
    "WOW ppu": "$3.90 / 1L"
  },
  {
    "Brand_Product_Size": "Swisse Ultiboost Calcium + Vitamin D Tabs 90 pack",
    "WOW Price": 16,
    "WOW Size": "90 pack",
    "WOW ppu": "$17.78 / 100EA"
  },
  {
    "Brand_Product_Size": "Halo Top Strawberry Cheesecake 473mL",
    "WOW Price": 7,
    "WOW Size": "473mL",
    "WOW ppu": "$1.48 / 100ML"
  },
  {
    "Brand_Product_Size": "Bell Farms Crunchy Chips 750g",
    "WOW Price": 2,
    "WOW Size": "750g",
    "WOW ppu": "$2.67 / 1KG"
  },
  {
    "Brand_Product_Size": "Grenade Carb Killa High Protein Bar Fudge Brownie 60g",
    "WOW Price": 4,
    "WOW Size": "60g",
    "WOW ppu": "$6.67 / 100G"
  },
  {
    "Brand_Product_Size": "Haven Soy Blend Candle Glass With Lid Coconut Waters each",
    "WOW Price": 13,
    "WOW Size": "each",
    "WOW ppu": ""
  },
  {
    "Brand_Product_Size": "Grapes Autumn Crisp 700g",
    "WOW Price": 3.9,
    "WOW Size": "700g",
    "WOW ppu": "$5.57 / 1KG"
  },
  {
    "Brand_Product_Size": "President Butter Unsalted 200g",
    "WOW Price": 4,
    "WOW Size": "200g",
    "WOW ppu": "$2.00 / 100G"
  },
  {
    "Brand_Product_Size": "Cussons Bliss Cleans + Softens Wild Rose & Lily Laundry Liquid 2L",
    "WOW Price": 7,
    "WOW Size": "2L",
    "WOW ppu": "$3.50 / 1L"
  },
  {
    "Brand_Product_Size": "Valley Produce Company Crackerthins Rosemary 100g",
    "WOW Price": 3.5,
    "WOW Size": "100g",
    "WOW ppu": "$35.00 / 1KG"
  },
  {
    "Brand_Product_Size": "Mcvitie's Digestives Biscuits Plain Original 400g",
    "WOW Price": 1.97,
    "WOW Size": "400g",
    "WOW ppu": "$0.49 / 100G"
  },
  {
    "Brand_Product_Size": "Fantastic Delites Snacks Sea Salt & Balsamic Vinegar 100g",
    "WOW Price": 1.5,
    "WOW Size": "100g",
    "WOW ppu": "$1.50 / 100G"
  },
  {
    "Brand_Product_Size": "Woolworths Make & Create A4 Coloured Paper Notepad 120 sheets",
    "WOW Price": 5,
    "WOW Size": "120 sheets",
    "WOW ppu": ""
  },
  {
    "Brand_Product_Size": "Ceda Classic Creaming Soda 1.25L",
    "WOW Price": 1.55,
    "WOW Size": "1.25L",
    "WOW ppu": "$1.24 / 1L"
  },
  {
    "Brand_Product_Size": "Golp Dog Yoghurt Vanilla Lactose Free 70g",
    "WOW Price": 2,
    "WOW Size": "70g",
    "WOW ppu": "$2.86 / 100G"
  },
  {
    "Brand_Product_Size": "Loacker Quadratini Wafers Napolitaner 125g",
    "WOW Price": 2,
    "WOW Size": "125g",
    "WOW ppu": "$1.60 / 100G"
  },
  {
    "Brand_Product_Size": "Lavazza A Modo Mio Delizioso Coffee Capsules 16 pack",
    "WOW Price": 8,
    "WOW Size": "16 pack",
    "WOW ppu": "$0.50 / 1EA"
  },
  {
    "Brand_Product_Size": "Lavazza A Modo Mio Delizioso Coffee Capsules 16 pack",
    "WOW Price": 8,
    "WOW Size": "16 pack",
    "WOW ppu": "$0.50 / 1EA"
  },
  {
    "Brand_Product_Size": "President Brie Cheese 200g",
    "WOW Price": 6,
    "WOW Size": "200g",
    "WOW ppu": "$30.00 / 1KG"
  },
  {
    "Brand_Product_Size": "President Brie Cheese 200g",
    "WOW Price": 6,
    "WOW Size": "200g",
    "WOW ppu": "$30.00 / 1KG"
  },
  {
    "Brand_Product_Size": "Masterfoods Schnitzel Mix Garlic & Herb 80g",
    "WOW Price": 2,
    "WOW Size": "80g",
    "WOW ppu": "$0.25 / 10G"
  },
  {
    "Brand_Product_Size": "Woolworths Macadamias 120g",
    "WOW Price": 5,
    "WOW Size": "120g",
    "WOW ppu": "$41.67 / 1KG"
  },
  {
    "Brand_Product_Size": "Beak & Sons Beefy Classics 500g",
    "WOW Price": 7,
    "WOW Size": "500g",
    "WOW ppu": "$14.00 / 1KG"
  },
  {
    "Brand_Product_Size": "Perfection Chinese Wombok Baby whoLe each",
    "WOW Price": 2.9,
    "WOW Size": "whoLe each",
    "WOW ppu": ""
  },
  {
    "Brand_Product_Size": "Coca-cola No Sugar Soft Drink Mini Bottles 300mL x12 pack",
    "WOW Price": 11.95,
    "WOW Size": "300mL x12 pack",
    "WOW ppu": "$3.32 / 1L"
  },
  {
    "Brand_Product_Size": "Picasso Kitchen Tear N Share Garlic Bread 300g",
    "WOW Price": 4,
    "WOW Size": "300g",
    "WOW ppu": "$1.33 / 100G"
  },
  {
    "Brand_Product_Size": "Fairy Dishwashing Liquid Original 495mL",
    "WOW Price": 5,
    "WOW Size": "495mL",
    "WOW ppu": "$1.01 / 100ML"
  },
  {
    "Brand_Product_Size": "Yoplait Yoghurt Smoothie Passion & Mango 290g",
    "WOW Price": 3,
    "WOW Size": "290g",
    "WOW ppu": "$1.00 / 100G"
  },
  {
    "Brand_Product_Size": "My Soda Smooth Conditioner 350mL",
    "WOW Price": 10,
    "WOW Size": "350mL",
    "WOW ppu": ""
  },
  {
    "Brand_Product_Size": "Diet Rite Soft Drink Passionfruit Bottle 1.25L",
    "WOW Price": 1.15,
    "WOW Size": "1.25L",
    "WOW ppu": "$0.92 / 1L"
  },
  {
    "Brand_Product_Size": "Bertocchi Ham Leg Boneless 1.8kg",
    "WOW Price": 22,
    "WOW Size": "1.8kg",
    "WOW ppu": "$12.22 / 1KG"
  },
  {
    "Brand_Product_Size": "Dettol Kitchen Antibacterial Cleaning Wipes Citrus 25 pack",
    "WOW Price": 6,
    "WOW Size": "25 pack",
    "WOW ppu": "$0.24 / 1EA"
  },
  {
    "Brand_Product_Size": "Multix Garden Drawtight Garbage Bags 3 pack",
    "WOW Price": 3.5,
    "WOW Size": "3 pack",
    "WOW ppu": "$1.17 / 1EA"
  },
  {
    "Brand_Product_Size": "Cococoast Natural Coconut Water Pure 500mL",
    "WOW Price": 2.5,
    "WOW Size": "500mL",
    "WOW ppu": "$5.00 / 1L"
  },
  {
    "Brand_Product_Size": "Polident Denture Adhesive Cream Fresh Mint 60g",
    "WOW Price": 13,
    "WOW Size": "60g",
    "WOW ppu": "$21.67 / 100G"
  },
  {
    "Brand_Product_Size": "Mayver's Crunchy Peanut Butter 375g",
    "WOW Price": 4,
    "WOW Size": "375g",
    "WOW ppu": "$1.07 / 100G"
  },
  {
    "Brand_Product_Size": "Sweet Baby Ray's Honey Bbq Sauce 425mL",
    "WOW Price": 5.35,
    "WOW Size": "425mL",
    "WOW ppu": "$1.26 / 100ML"
  },
  {
    "Brand_Product_Size": "Aveeno Active Naturals Stress Relief Moisturising Lotion 354mL",
    "WOW Price": 13,
    "WOW Size": "354mL",
    "WOW ppu": "$3.67 / 100ML"
  },
  {
    "Brand_Product_Size": "Ogx Coconut Milk Dry Shampoo 200mL",
    "WOW Price": 20,
    "WOW Size": "200mL",
    "WOW ppu": "$10.00 / 100ML"
  },
  {
    "Brand_Product_Size": "Multix Super Strong Garbage Bags 10 pack",
    "WOW Price": 4.1,
    "WOW Size": "10 pack",
    "WOW ppu": "$0.41 / 1EA"
  },
  {
    "Brand_Product_Size": "Mcobeauty Moisturising Pressed Glitter Palette each",
    "WOW Price": 5,
    "WOW Size": "each",
    "WOW ppu": "$142.86 / 10G"
  },
  {
    "Brand_Product_Size": "Invisible Zinc Tinted Moisturiser Medium Spf50 50g",
    "WOW Price": 25,
    "WOW Size": "50g",
    "WOW ppu": "$50.00 / 100G"
  },
  {
    "Brand_Product_Size": "Blackmores Odourless Fish Oil Mini Caps 200 pack",
    "WOW Price": 20.5,
    "WOW Size": "200 pack",
    "WOW ppu": "$10.25 / 100EA"
  },
  {
    "Brand_Product_Size": "Macro Flaxseed Oil 200mL",
    "WOW Price": 9,
    "WOW Size": "200mL",
    "WOW ppu": "$4.50 / 100ML"
  },
  {
    "Brand_Product_Size": "Bosisto's Antiseptic Spray 55mL",
    "WOW Price": 6,
    "WOW Size": "55mL",
    "WOW ppu": "$10.91 / 100ML"
  },
  {
    "Brand_Product_Size": "Heinz 8 Months+ Apple, Blueberry & Strawberry 120g",
    "WOW Price": 1.5,
    "WOW Size": "120g",
    "WOW ppu": "$1.25 / 100G"
  },
  {
    "Brand_Product_Size": "Scotchblue Basic Multisurface Painters Tape each",
    "WOW Price": 10,
    "WOW Size": "each",
    "WOW ppu": "$10.00 / 1EA"
  },
  {
    "Brand_Product_Size": "Invisible Zinc Spf 30+ Sunscreen Tinted Daywear Medium 50g",
    "WOW Price": 32,
    "WOW Size": "50g",
    "WOW ppu": "$64.00 / 100G"
  },
  {
    "Brand_Product_Size": "Masterfoods Mint Jelly Sauce 290g",
    "WOW Price": 2.65,
    "WOW Size": "290g",
    "WOW ppu": "$0.91 / 100G"
  },
  {
    "Brand_Product_Size": "Mount Franklin Lightly Sparkling Mango 250mL x4 pack",
    "WOW Price": 5,
    "WOW Size": "250mL x4 pack",
    "WOW ppu": "$5.00 / 1L"
  },
  {
    "Brand_Product_Size": "John West Tuna & 3 Beans 185g",
    "WOW Price": 4,
    "WOW Size": "185g",
    "WOW ppu": "$21.62 / 1KG"
  },
  {
    "Brand_Product_Size": "Bulla Creamy Classics Ice Cream Mint Choc Chip 2L tub",
    "WOW Price": 4.25,
    "WOW Size": "2L tub",
    "WOW ppu": "$0.21 / 100ML"
  },
  {
    "Brand_Product_Size": "Total Care Plushimal Dog Toy each",
    "WOW Price": 13,
    "WOW Size": "each",
    "WOW ppu": "$13.00 / 1EA"
  },
  {
    "Brand_Product_Size": "Suntory Boss Coffee Iced Long Black 237mL",
    "WOW Price": 3.65,
    "WOW Size": "237mL",
    "WOW ppu": "$15.40 / 1L"
  },
  {
    "Brand_Product_Size": "Poise Incontinence Liners Extra Long Absorbency 22 pack",
    "WOW Price": 4.29,
    "WOW Size": "22 pack",
    "WOW ppu": "$0.20 / 1EA"
  },
  {
    "Brand_Product_Size": "Grillworx Bbq Meat Shears each",
    "WOW Price": 6,
    "WOW Size": "each",
    "WOW ppu": "$6.00 / 1EA"
  },
  {
    "Brand_Product_Size": "Nivea Stress Protect Aerosol Antiperspirant Deodorant 250mL",
    "WOW Price": 6.5,
    "WOW Size": "250mL",
    "WOW ppu": "$2.60 / 100ML"
  },
  {
    "Brand_Product_Size": "White Wings Dessert Mix Chocolate Profiteroles 230g",
    "WOW Price": 3,
    "WOW Size": "230g",
    "WOW ppu": "$1.30 / 100G"
  },
  {
    "Brand_Product_Size": "Mtr Rava Dosa Mix 500g",
    "WOW Price": 2.5,
    "WOW Size": "500g",
    "WOW ppu": "$0.50 / 100G"
  },
  {
    "Brand_Product_Size": "Neutrogena Facial Cleanser Extra Gentle 200mL",
    "WOW Price": 14.5,
    "WOW Size": "200mL",
    "WOW ppu": "$7.25 / 100ML"
  },
  {
    "Brand_Product_Size": "Sistema Plasticware Noodle Bowl To Go each",
    "WOW Price": 7,
    "WOW Size": "each",
    "WOW ppu": ""
  },
  {
    "Brand_Product_Size": "Sistema Plasticware Noodle Bowl To Go each",
    "WOW Price": 7,
    "WOW Size": "each",
    "WOW ppu": ""
  },
  {
    "Brand_Product_Size": "Perfecto Chicken Kebabs Satay 800g",
    "WOW Price": 13,
    "WOW Size": "800g",
    "WOW ppu": "$16.25 / 1KG"
  },
  {
    "Brand_Product_Size": "Energizer Lantern Flashlight each",
    "WOW Price": 24,
    "WOW Size": "each",
    "WOW ppu": ""
  },
  {
    "Brand_Product_Size": "Just Caught Raw Prawn Cutlets 850g",
    "WOW Price": 30,
    "WOW Size": "850g",
    "WOW ppu": "$35.29 / 1KG"
  },
  {
    "Brand_Product_Size": "Just Caught Raw Prawn Cutlets 850g",
    "WOW Price": 30,
    "WOW Size": "850g",
    "WOW ppu": "$35.29 / 1KG"
  },
  {
    "Brand_Product_Size": "Bref Blue Active Toilet Cleaner Chlorine 50g",
    "WOW Price": 6,
    "WOW Size": "50g",
    "WOW ppu": "$12.00 / 100G"
  },
  {
    "Brand_Product_Size": "Toni & Guy Bamboo Styling Brush each",
    "WOW Price": 14,
    "WOW Size": "each",
    "WOW ppu": ""
  },
  {
    "Brand_Product_Size": "Go Natural Savoury Bars Almond Cashews 45g",
    "WOW Price": 1.5,
    "WOW Size": "45g",
    "WOW ppu": "$3.33 / 100G"
  },
  {
    "Brand_Product_Size": "Philips Cfl Tornado Cool Daylight 20w Bc Base each",
    "WOW Price": 6.5,
    "WOW Size": "each",
    "WOW ppu": "$6.50 / 1EA"
  },
  {
    "Brand_Product_Size": "The Natural Confectionery Co. Soft Jellies Fruit Salad Lollies 240g",
    "WOW Price": 3,
    "WOW Size": "240g",
    "WOW ppu": "$1.25 / 100G"
  },
  {
    "Brand_Product_Size": "Fropro Strawberry With Strawberry Ripple Ice Cream 473mL",
    "WOW Price": 10,
    "WOW Size": "473mL",
    "WOW ppu": "$1.92 / 100ML"
  },
  {
    "Brand_Product_Size": "Freedom Foods Prebiotic Pear Almond Clusters 360g",
    "WOW Price": 5,
    "WOW Size": "360g",
    "WOW ppu": "$1.39 / 100G"
  },
  {
    "Brand_Product_Size": "Sistema Klip It Plus Lunch Container 1.15L",
    "WOW Price": 2.75,
    "WOW Size": "1.15L",
    "WOW ppu": "$2.75 / 1EA"
  },
  {
    "Brand_Product_Size": "Simmone Logue Lentil & Veg Pie 2 pack",
    "WOW Price": 10.5,
    "WOW Size": "2 pack",
    "WOW ppu": "$2.39 / 100G"
  },
  {
    "Brand_Product_Size": "Simmone Logue Lentil & Veg Pie 2 pack",
    "WOW Price": 10.5,
    "WOW Size": "2 pack",
    "WOW ppu": "$2.39 / 100G"
  },
  {
    "Brand_Product_Size": "Nestle Peppermint Crisp 35g bar",
    "WOW Price": 1,
    "WOW Size": "35g bar",
    "WOW ppu": "$2.86 / 100G"
  },
  {
    "Brand_Product_Size": "For Her Sheer Regular Brief Pantyhose Black X/tall 3 pack",
    "WOW Price": 4,
    "WOW Size": "3 pack",
    "WOW ppu": ""
  },
  {
    "Brand_Product_Size": "Westmont Pickles Spicy Aussie Gherkin 500g",
    "WOW Price": 5.5,
    "WOW Size": "500g",
    "WOW ppu": "$1.10 / 100G"
  },
  {
    "Brand_Product_Size": "Macro Organic Lentils 425g",
    "WOW Price": 1.3,
    "WOW Size": "425g",
    "WOW ppu": "$0.31 / 100G"
  },
  {
    "Brand_Product_Size": "Hygiene Plus Household Gloves Plus Silk Touch Small 1 pair",
    "WOW Price": 2.3,
    "WOW Size": "1 pair",
    "WOW ppu": "$2.30 / 1EA"
  },
  {
    "Brand_Product_Size": "Sam's Pantry Honey Salted Cashew Nut Bar 5 pack",
    "WOW Price": 3.5,
    "WOW Size": "5 pack",
    "WOW ppu": "$2.06 / 100G"
  },
  {
    "Brand_Product_Size": "Sam's Pantry Honey Salted Cashew Nut Bar 5 pack",
    "WOW Price": 3.5,
    "WOW Size": "5 pack",
    "WOW ppu": "$2.06 / 100G"
  },
  {
    "Brand_Product_Size": "Tom & Luke Peanut Butter & Cacao 10 pack",
    "WOW Price": 5,
    "WOW Size": "10 pack",
    "WOW ppu": "$3.57 / 100G"
  },
  {
    "Brand_Product_Size": "Tom & Luke Peanut Butter & Cacao 10 pack",
    "WOW Price": 5,
    "WOW Size": "10 pack",
    "WOW ppu": "$3.57 / 100G"
  },
  {
    "Brand_Product_Size": "Coca-cola Mini Cans 200mL x8 pack",
    "WOW Price": 7.2,
    "WOW Size": "200mL x8 pack",
    "WOW ppu": "$4.50 / 1L"
  },
  {
    "Brand_Product_Size": "Sunsilk Biotin Conditioner Longer & Stronger 700mL",
    "WOW Price": 10,
    "WOW Size": "700mL",
    "WOW ppu": "$1.43 / 100ML"
  },
  {
    "Brand_Product_Size": "Oscar Orsen Large Extrahold Hair Elastics 10 pack",
    "WOW Price": 6,
    "WOW Size": "10 pack",
    "WOW ppu": ""
  },
  {
    "Brand_Product_Size": "Hermesetas Sweetener Tablets 300 pack",
    "WOW Price": 4,
    "WOW Size": "300 pack",
    "WOW ppu": "$1.33 / 100EA"
  },
  {
    "Brand_Product_Size": "Nature's Way Vitamin B Energy Boost Tablets 200 pack",
    "WOW Price": 18.7,
    "WOW Size": "200 pack",
    "WOW ppu": "$9.35 / 100EA"
  },
  {
    "Brand_Product_Size": "Whiskas 1+ Years Favourites With Beef In Jelly Wet Cat Food Pouch 85g x12 pack",
    "WOW Price": 8,
    "WOW Size": "85g x12 pack",
    "WOW ppu": "$0.78 / 100G"
  },
  {
    "Brand_Product_Size": "Kook A Krumb Panko Breadcrumbs 190g",
    "WOW Price": 3,
    "WOW Size": "190g",
    "WOW ppu": "$0.16 / 10G"
  },
  {
    "Brand_Product_Size": "Cussons Bliss Cleans +whitens Coastal Fresh Laundry Liquid 2L",
    "WOW Price": 7,
    "WOW Size": "2L",
    "WOW ppu": "$3.50 / 1L"
  },
  {
    "Brand_Product_Size": "Nicabate Chewing Gum 4mg 200 pack",
    "WOW Price": 40,
    "WOW Size": "200 pack",
    "WOW ppu": "$20.00 / 100EA"
  },
  {
    "Brand_Product_Size": "Manicare Plier Cuticle  S S 100mm each",
    "WOW Price": 15,
    "WOW Size": "each",
    "WOW ppu": ""
  },
  {
    "Brand_Product_Size": "Connoisseur Minis Salted Caramel & Macadamia 6 pack",
    "WOW Price": 6,
    "WOW Size": "6 pack",
    "WOW ppu": "$1.67 / 100ML"
  },
  {
    "Brand_Product_Size": "Greenseas Tuna Sandwich Flakes 95g",
    "WOW Price": 1.7,
    "WOW Size": "95g",
    "WOW ppu": "$17.89 / 1KG"
  },
  {
    "Brand_Product_Size": "Cold Power Advanced Clean Front & Top Loader Laundry Liquid Lemon 2L",
    "WOW Price": 8.75,
    "WOW Size": "2L",
    "WOW ppu": "$4.38 / 1L"
  },
  {
    "Brand_Product_Size": "Korbond Elastic Braided 6mm X5m each",
    "WOW Price": 5,
    "WOW Size": "each",
    "WOW ppu": ""
  },
  {
    "Brand_Product_Size": "Fluffy Fragrance Temptations Fabric Softener Spice Allure 2L",
    "WOW Price": 13,
    "WOW Size": "2L",
    "WOW ppu": "$6.50 / 1L"
  },
  {
    "Brand_Product_Size": "Colgate 360 Degrees Advanced Active Plaque Removal Toothbrush Soft each",
    "WOW Price": 6,
    "WOW Size": "each",
    "WOW ppu": "$6.00 / 1EA"
  },
  {
    "Brand_Product_Size": "Woolworths Tortilla Jumbo 6 pack",
    "WOW Price": 4,
    "WOW Size": "6 pack",
    "WOW ppu": "$0.89 / 100G"
  },
  {
    "Brand_Product_Size": "Jamie Oliver Loaf Tin 1l each",
    "WOW Price": 9,
    "WOW Size": "each",
    "WOW ppu": ""
  },
  {
    "Brand_Product_Size": "Original Juice Orange Juice 1.5L",
    "WOW Price": 5.65,
    "WOW Size": "1.5L",
    "WOW ppu": "$3.77 / 1L"
  },
  {
    "Brand_Product_Size": "Libra Pads Extra Wings Regular 14 pack",
    "WOW Price": 2.9,
    "WOW Size": "14 pack",
    "WOW ppu": "$0.21 / 1EA"
  },
  {
    "Brand_Product_Size": "Oc Naturals Shampoo Coco Repair 400mL",
    "WOW Price": 3.5,
    "WOW Size": "400mL",
    "WOW ppu": "$0.88 / 100ML"
  },
  {
    "Brand_Product_Size": "Macro Organic Flour Wholemeal Spelt 750g",
    "WOW Price": 4.5,
    "WOW Size": "750g",
    "WOW ppu": "$6.00 / 1KG"
  },
  {
    "Brand_Product_Size": "Raid Insect Spray Ant Killer 375g",
    "WOW Price": 9,
    "WOW Size": "375g",
    "WOW ppu": "$2.40 / 100G"
  },
  {
    "Brand_Product_Size": "Magnum Ice Cream Classic 4 pack",
    "WOW Price": 9,
    "WOW Size": "4 pack",
    "WOW ppu": "$2.10 / 100ML"
  },
  {
    "Brand_Product_Size": "Nature's Gift Nourish Chicken & Mixed Vegetables Chewy Dry Dog Food 1.8kg",
    "WOW Price": 9.5,
    "WOW Size": "1.8kg",
    "WOW ppu": "$0.53 / 100G"
  },
  {
    "Brand_Product_Size": "Squeaky Gate Extra Virgin Olive Oil The Allrounder 750mL",
    "WOW Price": 10,
    "WOW Size": "750mL",
    "WOW ppu": "$1.33 / 100ML"
  },
  {
    "Brand_Product_Size": "Bonds The X-temp Trunk Men's Medium Assorted each",
    "WOW Price": 24,
    "WOW Size": "each",
    "WOW ppu": ""
  },
  {
    "Brand_Product_Size": "Sam's Pantry Honey Oat Bake Clusters 750g",
    "WOW Price": 5,
    "WOW Size": "750g",
    "WOW ppu": "$0.67 / 100G"
  },
  {
    "Brand_Product_Size": "Queen Sugar Free Maple Flavoured Syrup 355mL",
    "WOW Price": 4.2,
    "WOW Size": "355mL",
    "WOW ppu": "$1.18 / 100ML"
  },
  {
    "Brand_Product_Size": "Magic Stainless Steel Wipes Magic Wipes 20 pack",
    "WOW Price": 6,
    "WOW Size": "20 pack",
    "WOW ppu": "$0.30 / 1EA"
  },
  {
    "Brand_Product_Size": "Spc Puree & Simple Apple & Strawberry Pouches 4 pack",
    "WOW Price": 5,
    "WOW Size": "4 pack",
    "WOW ppu": "$13.89 / 1KG"
  },
  {
    "Brand_Product_Size": "Cadbury Dairy Milk Share Pack 12 pack",
    "WOW Price": 5,
    "WOW Size": "12 pack",
    "WOW ppu": "$3.47 / 100G"
  },
  {
    "Brand_Product_Size": "Macro Cacao Craze 30g",
    "WOW Price": 1,
    "WOW Size": "30g",
    "WOW ppu": "$3.33 / 100G"
  },
  {
    "Brand_Product_Size": "Applaws Cat Treat Salmon Loin 25g",
    "WOW Price": 2.7,
    "WOW Size": "25g",
    "WOW ppu": "$10.80 / 100G"
  },
  {
    "Brand_Product_Size": "Tasti Protein Bar Salted Caramel 200g",
    "WOW Price": 4.8,
    "WOW Size": "200g",
    "WOW ppu": "$2.40 / 100G"
  },
  {
    "Brand_Product_Size": "Tasti Protein Bar Salted Caramel 200g",
    "WOW Price": 4.8,
    "WOW Size": "200g",
    "WOW ppu": "$2.40 / 100G"
  },
  {
    "Brand_Product_Size": "South Cape Camembert Cheese 200g",
    "WOW Price": 5.99,
    "WOW Size": "200g",
    "WOW ppu": "$29.95 / 1KG"
  },
  {
    "Brand_Product_Size": "South Cape Camembert Cheese 200g",
    "WOW Price": 5.99,
    "WOW Size": "200g",
    "WOW ppu": "$29.95 / 1KG"
  },
  {
    "Brand_Product_Size": "Hillview Tasty Shredded Cheese 700g",
    "WOW Price": 6.6,
    "WOW Size": "700g",
    "WOW ppu": "$9.43 / 1KG"
  },
  {
    "Brand_Product_Size": "Tidy Cats Clumping Cat Litter Instant Action 6.35kg",
    "WOW Price": 20,
    "WOW Size": "6.35kg",
    "WOW ppu": "$3.15 / 1KG"
  },
  {
    "Brand_Product_Size": "Comfort Fabric Softener Conditioner Pure White Sensitive 800mL",
    "WOW Price": 7,
    "WOW Size": "800mL",
    "WOW ppu": "$8.75 / 1L"
  },
  {
    "Brand_Product_Size": "Biopak Biocup Compostable Paper Cups 25 pack",
    "WOW Price": 6,
    "WOW Size": "25 pack",
    "WOW ppu": "$0.24 / 1EA"
  },
  {
    "Brand_Product_Size": "Herbert Adams Pies Chunky Slow Cooked Beef 2 pack",
    "WOW Price": 7.8,
    "WOW Size": "2 pack",
    "WOW ppu": "$1.95 / 100G"
  },
  {
    "Brand_Product_Size": "Dr Beckmann Glowhite Ultra 2x40g",
    "WOW Price": 6.95,
    "WOW Size": "2x40g",
    "WOW ppu": "$8.69 / 100G"
  },
  {
    "Brand_Product_Size": "Musashi Shred & Burn Protein Powder Chocolate Milkshake Flavour 900g",
    "WOW Price": 40.4,
    "WOW Size": "900g",
    "WOW ppu": "$4.49 / 100G"
  },
  {
    "Brand_Product_Size": "Woolworths Brownie Mix 450g",
    "WOW Price": 2.25,
    "WOW Size": "450g",
    "WOW ppu": "$0.50 / 100G"
  },
  {
    "Brand_Product_Size": "Little One's Nappy Pants Walker 13-18kg 23 pack",
    "WOW Price": 9,
    "WOW Size": "23 pack",
    "WOW ppu": "$0.39 / 1EA"
  },
  {
    "Brand_Product_Size": "Box Mixers Cosmopolitan 750mL",
    "WOW Price": 3.75,
    "WOW Size": "750mL",
    "WOW ppu": "$5.00 / 1L"
  },
  {
    "Brand_Product_Size": "La Famiglia Bread Pan Style Slices 6 pack",
    "WOW Price": 5.35,
    "WOW Size": "6 pack",
    "WOW ppu": "$1.19 / 100G"
  },
  {
    "Brand_Product_Size": "Revlon Kiss Lip Balm Tropical Coconut 2.6g",
    "WOW Price": 4,
    "WOW Size": "2.6g",
    "WOW ppu": "$15.38 / 10G"
  },
  {
    "Brand_Product_Size": "Mortein Surface Spray Professional Diy Kit 2L",
    "WOW Price": 32,
    "WOW Size": "2L",
    "WOW ppu": "$1.60 / 100ML"
  },
  {
    "Brand_Product_Size": "Woolworths Lemon And Pepper Tuna 95g",
    "WOW Price": 0.9,
    "WOW Size": "95g",
    "WOW ppu": "$9.47 / 1KG"
  },
  {
    "Brand_Product_Size": "Golden Circle Apple & Blackcurrant Juice 350mL",
    "WOW Price": 1.6,
    "WOW Size": "350mL",
    "WOW ppu": "$4.57 / 1L"
  },
  {
    "Brand_Product_Size": "Golden Circle Apple & Blackcurrant Juice 350mL",
    "WOW Price": 1.6,
    "WOW Size": "350mL",
    "WOW ppu": "$4.57 / 1L"
  },
  {
    "Brand_Product_Size": "Red Rock Deli Sweet Chilli & Sour Cream 150g",
    "WOW Price": 4.5,
    "WOW Size": "150g",
    "WOW ppu": "$3.00 / 100G"
  },
  {
    "Brand_Product_Size": "Haldiram's Bujia Sev 150g",
    "WOW Price": 2,
    "WOW Size": "150g",
    "WOW ppu": "$1.33 / 100G"
  },
  {
    "Brand_Product_Size": "Heinz Simply Food 4 Months Pear Banana & Apple 120g",
    "WOW Price": 1.5,
    "WOW Size": "120g",
    "WOW ppu": "$1.25 / 100G"
  },
  {
    "Brand_Product_Size": "Schwarzkopf Got2b Glued Hairspray 300mL",
    "WOW Price": 6.5,
    "WOW Size": "300mL",
    "WOW ppu": "$2.17 / 100ML"
  },
  {
    "Brand_Product_Size": "Aroma Essentials Candle Lemongrass & Ginger 300g",
    "WOW Price": 13,
    "WOW Size": "300g",
    "WOW ppu": "$13.00 / 1EA"
  },
  {
    "Brand_Product_Size": "Woolworths Himalayan Pink Fine Table Salt 750g",
    "WOW Price": 3.99,
    "WOW Size": "750g",
    "WOW ppu": "$0.05 / 10G"
  },
  {
    "Brand_Product_Size": "Radiant Advanced + Antibacterial 6in1 Laundry Powder 1.8kg",
    "WOW Price": 9.75,
    "WOW Size": "1.8kg",
    "WOW ppu": "$5.42 / 1KG"
  },
  {
    "Brand_Product_Size": "Woolworths Mixed Nuts Trail Mix 225g",
    "WOW Price": 3.95,
    "WOW Size": "225g",
    "WOW ppu": "$17.56 / 1KG"
  },
  {
    "Brand_Product_Size": "Babylove Cosifit Bulk Nappies Crawler 40 pack",
    "WOW Price": 14,
    "WOW Size": "40 pack",
    "WOW ppu": "$0.35 / 1EA"
  },
  {
    "Brand_Product_Size": "Morning Fresh Dishwashing Liquid Lemon Fresh 400mL",
    "WOW Price": 4.3,
    "WOW Size": "400mL",
    "WOW ppu": "$1.08 / 100ML"
  },
  {
    "Brand_Product_Size": "Twinings Extra Strong English Breakfast 40 pack",
    "WOW Price": 6,
    "WOW Size": "40 pack",
    "WOW ppu": "$0.15 / 1EA"
  },
  {
    "Brand_Product_Size": "Twinings Extra Strong English Breakfast 40 pack",
    "WOW Price": 6,
    "WOW Size": "40 pack",
    "WOW ppu": "$0.15 / 1EA"
  },
  {
    "Brand_Product_Size": "Ceres Brown Rice Cakes Original 110g",
    "WOW Price": 3.1,
    "WOW Size": "110g",
    "WOW ppu": "$2.82 / 100G"
  },
  {
    "Brand_Product_Size": "Woolworths Plantitude Black Bean Tofu With Jasmine Rice 350g",
    "WOW Price": 5,
    "WOW Size": "350g",
    "WOW ppu": "$1.43 / 100G"
  },
  {
    "Brand_Product_Size": "Maybelline City Bronzer Powder - Medium Cool 9.25g",
    "WOW Price": 8.5,
    "WOW Size": "9.25g",
    "WOW ppu": "$9.19 / 10G"
  },
  {
    "Brand_Product_Size": "Essentials Pillow Protector 2 pack",
    "WOW Price": 10,
    "WOW Size": "2 pack",
    "WOW ppu": ""
  },
  {
    "Brand_Product_Size": "L'oreal True Match Concealer Rose Ivory 6.8mL",
    "WOW Price": 10,
    "WOW Size": "6.8mL",
    "WOW ppu": "$14.71 / 10ML"
  },
  {
    "Brand_Product_Size": "Gillette Wilkinson Sword Double Edge Shaving Blades Stainless 10 pack",
    "WOW Price": 14,
    "WOW Size": "10 pack",
    "WOW ppu": "$1.40 / 1EA"
  },
  {
    "Brand_Product_Size": "Fisiocrem Solugel 250g",
    "WOW Price": 35,
    "WOW Size": "250g",
    "WOW ppu": "$14.00 / 100G"
  },
  {
    "Brand_Product_Size": "Dettol Spray & Wear Fabric Sanitiser Fresh 250mL",
    "WOW Price": 8,
    "WOW Size": "250mL",
    "WOW ppu": ""
  },
  {
    "Brand_Product_Size": "Optimum Chicken Rice & Vegetables Wet Puppy Food 6 pack",
    "WOW Price": 6,
    "WOW Size": "6 pack",
    "WOW ppu": "$1.00 / 100G"
  },
  {
    "Brand_Product_Size": "The Bar Counter High Protein Bar Raspberry Truffle 40g",
    "WOW Price": 2.5,
    "WOW Size": "40g",
    "WOW ppu": ""
  },
  {
    "Brand_Product_Size": "Raw Earth Stevia & Monk Fruit Sweetener Sticks 40 pack",
    "WOW Price": 4.75,
    "WOW Size": "40 pack",
    "WOW ppu": "$11.88 / 100EA"
  },
  {
    "Brand_Product_Size": "Essentials Plastic Tumblers Large 25 pack",
    "WOW Price": 3,
    "WOW Size": "25 pack",
    "WOW ppu": "$0.12 / 1EA"
  },
  {
    "Brand_Product_Size": "Picante Chargrilled Sweet Corn Black Bean With Jalapeno & Lime 170g",
    "WOW Price": 4.5,
    "WOW Size": "170g",
    "WOW ppu": "$2.65 / 100G"
  },
  {
    "Brand_Product_Size": "Quest Protein Cookie Double Chocolate Chip Flavour 59g",
    "WOW Price": 4,
    "WOW Size": "59g",
    "WOW ppu": "$6.78 / 100G"
  },
  {
    "Brand_Product_Size": "Birds Eye Southern Blue Whiting Original Crumb 425g",
    "WOW Price": 10,
    "WOW Size": "425g",
    "WOW ppu": "$23.53 / 1KG"
  },
  {
    "Brand_Product_Size": "Supercoat Adult Chicken Dry Dog Food Chicken 7.5kg",
    "WOW Price": 29,
    "WOW Size": "7.5kg",
    "WOW ppu": "$0.39 / 100G"
  },
  {
    "Brand_Product_Size": "Cococoast Natural Coconut Water Passionfruit 500mL",
    "WOW Price": 2.5,
    "WOW Size": "500mL",
    "WOW ppu": "$5.00 / 1L"
  },
  {
    "Brand_Product_Size": "Inspire Beaker 7cm Dial Black each",
    "WOW Price": 5,
    "WOW Size": "each",
    "WOW ppu": ""
  },
  {
    "Brand_Product_Size": "John West Tuna With Roast Capsicum & 3 Beans 185g",
    "WOW Price": 4,
    "WOW Size": "185g",
    "WOW ppu": "$21.62 / 1KG"
  },
  {
    "Brand_Product_Size": "Mainland Tasty Cheddar Cheese 250g",
    "WOW Price": 5.5,
    "WOW Size": "250g",
    "WOW ppu": "$22.00 / 1KG"
  },
  {
    "Brand_Product_Size": "Aptamil Gold+ Colic & Constipation Baby Formula From 0-12 Months 900g",
    "WOW Price": 28,
    "WOW Size": "900g",
    "WOW ppu": "$3.11 / 100G"
  },
  {
    "Brand_Product_Size": "Woolworths Strawberry Flavoured Jelly In Pouch 95g",
    "WOW Price": 0.95,
    "WOW Size": "95g",
    "WOW ppu": "$10.00 / 1KG"
  },
  {
    "Brand_Product_Size": "Rimmel Lasting Finish 25hr Foundation Rose Vanilla 30mL",
    "WOW Price": 9.5,
    "WOW Size": "30mL",
    "WOW ppu": "$3.17 / 10ML"
  },
  {
    "Brand_Product_Size": "Oscar Orsen Hair Coils Pastel 5 pack",
    "WOW Price": 5,
    "WOW Size": "5 pack",
    "WOW ppu": ""
  },
  {
    "Brand_Product_Size": "Streets Bubble O' Bill Tub 1L",
    "WOW Price": 5,
    "WOW Size": "1L",
    "WOW ppu": ""
  },
  {
    "Brand_Product_Size": "Woolworths Macaroni & Cheese 375g",
    "WOW Price": 3,
    "WOW Size": "375g",
    "WOW ppu": "$0.80 / 100G"
  },
  {
    "Brand_Product_Size": "Pantene Pro-v Ultimate 10 Conditioner 900mL",
    "WOW Price": 8.5,
    "WOW Size": "900mL",
    "WOW ppu": "$0.94 / 100ML"
  },
  {
    "Brand_Product_Size": "Woolworths Light Tasty Cheese Shredded 250g",
    "WOW Price": 4.2,
    "WOW Size": "250g",
    "WOW ppu": "$16.80 / 1KG"
  },
  {
    "Brand_Product_Size": "Nudie Nothing But Pink Lemonade 2L",
    "WOW Price": 6.5,
    "WOW Size": "2L",
    "WOW ppu": "$3.25 / 1L"
  },
  {
    "Brand_Product_Size": "Dermaveen Soap-free Body Wash Oatmeal 500mL",
    "WOW Price": 13.6,
    "WOW Size": "500mL",
    "WOW ppu": "$2.72 / 100ML"
  },
  {
    "Brand_Product_Size": "Vitapet Fish Food Goldfish Flake Plus 36g",
    "WOW Price": 6,
    "WOW Size": "36g",
    "WOW ppu": "$16.67 / 100G"
  },
  {
    "Brand_Product_Size": "Abc Kecap Manis Sweet Soy Sauce 600mL",
    "WOW Price": 4.95,
    "WOW Size": "600mL",
    "WOW ppu": "$0.83 / 100ML"
  },
  {
    "Brand_Product_Size": "Pascall Pineapple Lumps Lollies 185g",
    "WOW Price": 4,
    "WOW Size": "185g",
    "WOW ppu": "$2.16 / 100G"
  },
  {
    "Brand_Product_Size": "5 Star Tyre Shine 350g",
    "WOW Price": 5,
    "WOW Size": "350g",
    "WOW ppu": "$1.43 / 100G"
  },
  {
    "Brand_Product_Size": "Birds Eye Wild Caught Deep Sea Dory Original Crumb 425g",
    "WOW Price": 10,
    "WOW Size": "425g",
    "WOW ppu": "$23.53 / 1KG"
  },
  {
    "Brand_Product_Size": "San Remo Spirals Vegeroni 375g",
    "WOW Price": 2.6,
    "WOW Size": "375g",
    "WOW ppu": "$0.69 / 100G"
  },
  {
    "Brand_Product_Size": "John Frieda Sheer Highlight Activating Moisturising Conditioner 250mL",
    "WOW Price": 16,
    "WOW Size": "250mL",
    "WOW ppu": "$6.40 / 100ML"
  },
  {
    "Brand_Product_Size": "Tetley Decaffeinated Tea Bags 100 pack",
    "WOW Price": 6,
    "WOW Size": "100 pack",
    "WOW ppu": "$0.06 / 1EA"
  },
  {
    "Brand_Product_Size": "Tetley Decaffeinated Tea Bags 100 pack",
    "WOW Price": 6,
    "WOW Size": "100 pack",
    "WOW ppu": "$0.06 / 1EA"
  },
  {
    "Brand_Product_Size": "Total Care Heartwormer Allwormer & Flea Control Chew For Large Dog each",
    "WOW Price": 20,
    "WOW Size": "each",
    "WOW ppu": "$20.00 / 1EA"
  },
  {
    "Brand_Product_Size": "Woolworths Peas 500g",
    "WOW Price": 1.6,
    "WOW Size": "500g",
    "WOW ppu": "$3.20 / 1KG"
  },
  {
    "Brand_Product_Size": "Mccain Hash Browns Shredded 750g",
    "WOW Price": 3.3,
    "WOW Size": "750g",
    "WOW ppu": "$4.40 / 1KG"
  },
  {
    "Brand_Product_Size": "Dairy Farmers Thick & Creamy Yellow Box Honey Yoghurt 150g",
    "WOW Price": 1.5,
    "WOW Size": "150g",
    "WOW ppu": "$1.00 / 100G"
  },
  {
    "Brand_Product_Size": "Yates Lawn Repair 1kg",
    "WOW Price": 14,
    "WOW Size": "1kg",
    "WOW ppu": "$1.40 / 100G"
  },
  {
    "Brand_Product_Size": "Optimum Grain Free With Beef & Vegetables Dry Dog Food 2.5kg",
    "WOW Price": 13,
    "WOW Size": "2.5kg",
    "WOW ppu": "$0.52 / 100G"
  },
  {
    "Brand_Product_Size": "Nobby's Crispy Bacon Bite Snacks 40g",
    "WOW Price": 1.75,
    "WOW Size": "40g",
    "WOW ppu": "$4.38 / 100G"
  },
  {
    "Brand_Product_Size": "Woolworths Coriander Seeds Ground 20g",
    "WOW Price": 1.4,
    "WOW Size": "20g",
    "WOW ppu": "$0.70 / 10G"
  },
  {
    "Brand_Product_Size": "Woolworths Chicken Springwater 85g",
    "WOW Price": 1.29,
    "WOW Size": "85g",
    "WOW ppu": "$15.18 / 1KG"
  },
  {
    "Brand_Product_Size": "John West Tempters Tuna Smoked 95g",
    "WOW Price": 1.15,
    "WOW Size": "95g",
    "WOW ppu": "$12.11 / 1KG"
  },
  {
    "Brand_Product_Size": "Chevron Alkaline Aaa Batteries 50 pack",
    "WOW Price": 16,
    "WOW Size": "50 pack",
    "WOW ppu": "$0.32 / 1EA"
  },
  {
    "Brand_Product_Size": "D'orsogna Double Smoked Ham Off The Bone 150g",
    "WOW Price": 6,
    "WOW Size": "150g",
    "WOW ppu": "$40.00 / 1KG"
  },
  {
    "Brand_Product_Size": "Mil Lel Grated Parmesan 170g",
    "WOW Price": 5,
    "WOW Size": "170g",
    "WOW ppu": "$29.41 / 1KG"
  },
  {
    "Brand_Product_Size": "Mil Lel Grated Parmesan 170g",
    "WOW Price": 5,
    "WOW Size": "170g",
    "WOW ppu": "$29.41 / 1KG"
  },
  {
    "Brand_Product_Size": "Weis Sorbet Lemon 1L tub",
    "WOW Price": 7,
    "WOW Size": "1L tub",
    "WOW ppu": "$0.70 / 100ML"
  },
  {
    "Brand_Product_Size": "Peters Drumstick Ice Cream Vanilla 4 pack",
    "WOW Price": 8.4,
    "WOW Size": "4 pack",
    "WOW ppu": "$1.77 / 100ML"
  },
  {
    "Brand_Product_Size": "Hoyt's Sesame Seeds 100g",
    "WOW Price": 2.5,
    "WOW Size": "100g",
    "WOW ppu": "$0.25 / 10G"
  },
  {
    "Brand_Product_Size": "Woolworths Chocolate Peppermint Bar Slice 280g",
    "WOW Price": 6.5,
    "WOW Size": "280g",
    "WOW ppu": "$2.32 / 100G"
  },
  {
    "Brand_Product_Size": "Dollar Sweets 10 Inch Round Cake Board 2 pack",
    "WOW Price": 3,
    "WOW Size": "2 pack",
    "WOW ppu": "$1.50 / 1EA"
  },
  {
    "Brand_Product_Size": "Revlon So Fierce Mascara 7.5mL",
    "WOW Price": 11,
    "WOW Size": "7.5mL",
    "WOW ppu": "$14.67 / 10ML"
  },
  {
    "Brand_Product_Size": "Sanitarium So Good Long Life Unsweetened Almond Milk 250mL x3 pack",
    "WOW Price": 3.2,
    "WOW Size": "250mL x3 pack",
    "WOW ppu": "$0.43 / 100ML"
  },
  {
    "Brand_Product_Size": "Sanitarium So Good Long Life Unsweetened Almond Milk 250mL x3 pack",
    "WOW Price": 3.2,
    "WOW Size": "250mL x3 pack",
    "WOW ppu": "$0.43 / 100ML"
  },
  {
    "Brand_Product_Size": "Carman's Chocolate Brownie Aussie Oat Bars 6 pack",
    "WOW Price": 5,
    "WOW Size": "6 pack",
    "WOW ppu": "$2.78 / 100G"
  },
  {
    "Brand_Product_Size": "Philips Light Globe Led 10.5w 1055 Lumen Cool Bs each",
    "WOW Price": 8,
    "WOW Size": "each",
    "WOW ppu": "$8.00 / 1EA"
  },
  {
    "Brand_Product_Size": "Noshu 97% Sugar Free Dark Choc Baking Chips 150g",
    "WOW Price": 4,
    "WOW Size": "150g",
    "WOW ppu": "$2.67 / 100G"
  },
  {
    "Brand_Product_Size": "Wai Wai Rice Vermicelli 200g",
    "WOW Price": 1.65,
    "WOW Size": "200g",
    "WOW ppu": "$0.83 / 100G"
  },
  {
    "Brand_Product_Size": "Nicorette Quit Smoking Gum Icy Mint 4mg 75 pack",
    "WOW Price": 29,
    "WOW Size": "75 pack",
    "WOW ppu": "$38.67 / 100EA"
  },
  {
    "Brand_Product_Size": "Easiyo Low Fat Greek Style Yogurt Base 170g",
    "WOW Price": 4.7,
    "WOW Size": "170g",
    "WOW ppu": "$2.76 / 100G"
  },
  {
    "Brand_Product_Size": "Babylove Cosifit Bulk Nappies Junior 26 pack",
    "WOW Price": 14,
    "WOW Size": "26 pack",
    "WOW ppu": "$0.54 / 1EA"
  },
  {
    "Brand_Product_Size": "Optimum Puppy With Chicken Dry Dog Food 7kg",
    "WOW Price": 24.5,
    "WOW Size": "7kg",
    "WOW ppu": "$0.35 / 100G"
  },
  {
    "Brand_Product_Size": "Nivea Men Sensitive Stubble Shave Gel 200mL",
    "WOW Price": 6,
    "WOW Size": "200mL",
    "WOW ppu": "$3.00 / 100ML"
  },
  {
    "Brand_Product_Size": "Tommee Tippee Closer To Nature Fun Style Soothers 18 To36 Months 2 pack",
    "WOW Price": 7.7,
    "WOW Size": "2 pack",
    "WOW ppu": "$3.85 / 1EA"
  },
  {
    "Brand_Product_Size": "L'oreal Excellence Creme Hair Colour 5 Brown each",
    "WOW Price": 16,
    "WOW Size": "each",
    "WOW ppu": ""
  },
  {
    "Brand_Product_Size": "Woolworths Cashews Dry Roasted 150g",
    "WOW Price": 5,
    "WOW Size": "150g",
    "WOW ppu": "$33.33 / 1KG"
  },
  {
    "Brand_Product_Size": "Nature's Gift Gourmet Loaf Style Chicken & Duck Wet Dog Food 100g",
    "WOW Price": 1,
    "WOW Size": "100g",
    "WOW ppu": "$1.00 / 100G"
  },
  {
    "Brand_Product_Size": "Freshwater Farm Australia Coconut Oil + Manuka Honey Moisturising Castile Body Wash 500mL",
    "WOW Price": 10,
    "WOW Size": "500mL",
    "WOW ppu": "$2.00 / 100ML"
  },
  {
    "Brand_Product_Size": "Woolworths Tasty Cheese Cubes & Whole Dried Apricots 45g",
    "WOW Price": 3,
    "WOW Size": "45g",
    "WOW ppu": "$66.67 / 1KG"
  },
  {
    "Brand_Product_Size": "Bonds Mens Trunk Xl 2 pack",
    "WOW Price": 20,
    "WOW Size": "2 pack",
    "WOW ppu": ""
  },
  {
    "Brand_Product_Size": "Schick Mens Razor Quattro Titanium Kit each",
    "WOW Price": 9,
    "WOW Size": "each",
    "WOW ppu": ""
  },
  {
    "Brand_Product_Size": "Friskies Adult Meaty Grills Dry Cat Food 2.5kg",
    "WOW Price": 10,
    "WOW Size": "2.5kg",
    "WOW ppu": "$0.40 / 100G"
  },
  {
    "Brand_Product_Size": "Birds Eye Veggie Rice Carrot, Cauli & Broccoli 500g",
    "WOW Price": 3.3,
    "WOW Size": "500g",
    "WOW ppu": "$6.60 / 1KG"
  },
  {
    "Brand_Product_Size": "Heinz Baked Beans Salt Reduced Tomato Sauce 130g",
    "WOW Price": 1.1,
    "WOW Size": "130g",
    "WOW ppu": "$0.85 / 100G"
  },
  {
    "Brand_Product_Size": "Daily Juice Apple & Berry Juice 2L",
    "WOW Price": 5,
    "WOW Size": "2L",
    "WOW ppu": "$2.50 / 1L"
  },
  {
    "Brand_Product_Size": "Elastoplast Heavy Fabric Waterproof Super Strong Adhesion Extra Large 10 pack",
    "WOW Price": 5.5,
    "WOW Size": "10 pack",
    "WOW ppu": "$5.50 / 1EA"
  },
  {
    "Brand_Product_Size": "Kambrook Blitz2go Personal Active Blender each",
    "WOW Price": 49,
    "WOW Size": "each",
    "WOW ppu": ""
  },
  {
    "Brand_Product_Size": "Massel 7's Beef Cubes Gluten Free 35g",
    "WOW Price": 1,
    "WOW Size": "35g",
    "WOW ppu": "$0.29 / 10G"
  },
  {
    "Brand_Product_Size": "Monster Mule Energy Drink 500mL",
    "WOW Price": 2.75,
    "WOW Size": "500mL",
    "WOW ppu": "$5.50 / 1L"
  },
  {
    "Brand_Product_Size": "Harris Coffee Beans Very Strong 1kg",
    "WOW Price": 15,
    "WOW Size": "1kg",
    "WOW ppu": "$1.50 / 100G"
  },
  {
    "Brand_Product_Size": "Harris Coffee Beans Very Strong 1kg",
    "WOW Price": 15,
    "WOW Size": "1kg",
    "WOW ppu": "$1.50 / 100G"
  },
  {
    "Brand_Product_Size": "Lakanto Classic Monk Fruit Sweetener 500g",
    "WOW Price": 16,
    "WOW Size": "500g",
    "WOW ppu": "$3.20 / 100G"
  },
  {
    "Brand_Product_Size": "V8 Purple Power Vegetable And Fruit Juice 1.25L",
    "WOW Price": 3.5,
    "WOW Size": "1.25L",
    "WOW ppu": "$2.80 / 1L"
  },
  {
    "Brand_Product_Size": "Mother Epic Swell Energy Drink 500mL",
    "WOW Price": 2.5,
    "WOW Size": "500mL",
    "WOW ppu": "$5.00 / 1L"
  },
  {
    "Brand_Product_Size": "Nakula Plant Based Probiotic Vanilla Yoghurt 500g",
    "WOW Price": 6,
    "WOW Size": "500g",
    "WOW ppu": "$1.20 / 100G"
  },
  {
    "Brand_Product_Size": "Continental Liquid Chicken Stock 1L",
    "WOW Price": 4,
    "WOW Size": "1L",
    "WOW ppu": "$0.40 / 100ML"
  },
  {
    "Brand_Product_Size": "Olay Moisturising Cream Sensitive Skin 100g",
    "WOW Price": 13,
    "WOW Size": "100g",
    "WOW ppu": "$13.00 / 100G"
  },
  {
    "Brand_Product_Size": "Oral-b Kids Vitality Power Electric Toothbrush Heads 2 pack",
    "WOW Price": 13.75,
    "WOW Size": "2 pack",
    "WOW ppu": "$6.88 / 1EA"
  },
  {
    "Brand_Product_Size": "Inspire Glass Tealight Holder Assorted each",
    "WOW Price": 2,
    "WOW Size": "each",
    "WOW ppu": ""
  },
  {
    "Brand_Product_Size": "Dairy Farmers Thick & Creamy Apricot & Vanilla 150g",
    "WOW Price": 1.5,
    "WOW Size": "150g",
    "WOW ppu": "$1.00 / 100G"
  },
  {
    "Brand_Product_Size": "Barkers Anathoth Farm Raspberry Jam 455g",
    "WOW Price": 4,
    "WOW Size": "455g",
    "WOW ppu": "$0.88 / 100G"
  },
  {
    "Brand_Product_Size": "Mission Wraps Wholegrain 8 pack 567g",
    "WOW Price": 4,
    "WOW Size": "8 pack 567g",
    "WOW ppu": "$0.71 / 100G"
  },
  {
    "Brand_Product_Size": "Mission Wraps Wholegrain 8 pack 567g",
    "WOW Price": 4,
    "WOW Size": "8 pack 567g",
    "WOW ppu": "$0.71 / 100G"
  },
  {
    "Brand_Product_Size": "Musashi Bulk Protein Shake Chocolate 375mL",
    "WOW Price": 4.55,
    "WOW Size": "375mL",
    "WOW ppu": "$1.21 / 100ML"
  },
  {
    "Brand_Product_Size": "Espressotoria Milk Frother each",
    "WOW Price": 59,
    "WOW Size": "each",
    "WOW ppu": "$59.00 / 1EA"
  },
  {
    "Brand_Product_Size": "Espressotoria Milk Frother each",
    "WOW Price": 59,
    "WOW Size": "each",
    "WOW ppu": "$59.00 / 1EA"
  },
  {
    "Brand_Product_Size": "Beerenberg Tomato Sauce 300mL",
    "WOW Price": 4.75,
    "WOW Size": "300mL",
    "WOW ppu": "$1.58 / 100ML"
  },
  {
    "Brand_Product_Size": "Master Lock Combination Cable Luggage Lock each",
    "WOW Price": 16,
    "WOW Size": "each",
    "WOW ppu": ""
  },
  {
    "Brand_Product_Size": "Mitchum Clinical 8 Hour Sport For Men Antiperspirant & Deodorant 45g",
    "WOW Price": 10,
    "WOW Size": "45g",
    "WOW ppu": "$22.22 / 100G"
  },
  {
    "Brand_Product_Size": "Nestle Milo Duo Cereal 660g",
    "WOW Price": 7.5,
    "WOW Size": "660g",
    "WOW ppu": "$1.14 / 100G"
  },
  {
    "Brand_Product_Size": "Canon 651xl Value Pack 4 pack",
    "WOW Price": 80,
    "WOW Size": "4 pack",
    "WOW ppu": ""
  },
  {
    "Brand_Product_Size": "Felix Adult Doubly Delicious Fish Selection Wet Cat Food 85g x12 pack",
    "WOW Price": 11.5,
    "WOW Size": "85g x12 pack",
    "WOW ppu": "$1.13 / 100G"
  },
  {
    "Brand_Product_Size": "Meander Valley Pouring Cream 200mL",
    "WOW Price": 3.7,
    "WOW Size": "200mL",
    "WOW ppu": "$1.85 / 100ML"
  },
  {
    "Brand_Product_Size": "Dettol Multipurpose Disinfectant Trigger Spray Lime And Mint 500mL",
    "WOW Price": 4.25,
    "WOW Size": "500mL",
    "WOW ppu": "$0.85 / 100ML"
  },
  {
    "Brand_Product_Size": "L'oreal Paris Face Cream Cell Renewal Day Cream 50mL",
    "WOW Price": 27,
    "WOW Size": "50mL",
    "WOW ppu": "$54.00 / 100ML"
  },
  {
    "Brand_Product_Size": "Cheetos Cheese & Bacon Snacks Party Size Bag 190g",
    "WOW Price": 3,
    "WOW Size": "190g",
    "WOW ppu": "$1.58 / 100G"
  },
  {
    "Brand_Product_Size": "Proud & Punch Coconuts For Mango 6 pack",
    "WOW Price": 6,
    "WOW Size": "6 pack",
    "WOW ppu": "$1.33 / 100ML"
  },
  {
    "Brand_Product_Size": "Vileda Non Scratch Sponge Scourer 3 pack",
    "WOW Price": 4.5,
    "WOW Size": "3 pack",
    "WOW ppu": "$1.50 / 1EA"
  },
  {
    "Brand_Product_Size": "Glow Lab Purple Shampoo 300mL",
    "WOW Price": 18,
    "WOW Size": "300mL",
    "WOW ppu": "$6.00 / 100ML"
  },
  {
    "Brand_Product_Size": "Snowdonia Black Bomber Vintage Cheddar per kg",
    "WOW Price": 63,
    "WOW Size": "per kg",
    "WOW ppu": "$63.00 / 1KG"
  },
  {
    "Brand_Product_Size": "Thins Chips Light & Tangy 175g",
    "WOW Price": 3.5,
    "WOW Size": "175g",
    "WOW ppu": "$2.00 / 100G"
  },
  {
    "Brand_Product_Size": "Eclipse Chewy Mints Mango Candy 27g",
    "WOW Price": 1.2,
    "WOW Size": "27g",
    "WOW ppu": "$4.44 / 100G"
  },
  {
    "Brand_Product_Size": "Clairol Nice N Easy 6r Natural Light Auburn each",
    "WOW Price": 9,
    "WOW Size": "each",
    "WOW ppu": ""
  },
  {
    "Brand_Product_Size": "John Frieda Frizz Ease 3 Day Straight 103mL",
    "WOW Price": 17,
    "WOW Size": "103mL",
    "WOW ppu": "$16.50 / 100ML"
  },
  {
    "Brand_Product_Size": "Aeroplane Jelly Lite Twin Lemon 2x9g",
    "WOW Price": 1.8,
    "WOW Size": "2x9g",
    "WOW ppu": "$10.00 / 100G"
  },
  {
    "Brand_Product_Size": "Ingham's Roasted Chicken Wing Dings 1kg",
    "WOW Price": 12,
    "WOW Size": "1kg",
    "WOW ppu": "$12.00 / 1KG"
  },
  {
    "Brand_Product_Size": "Mint Utility Knife each",
    "WOW Price": 2.8,
    "WOW Size": "each",
    "WOW ppu": ""
  },
  {
    "Brand_Product_Size": "Annalisa Organically Farmed Black Beans 400g",
    "WOW Price": 1.6,
    "WOW Size": "400g",
    "WOW ppu": "$0.40 / 100G"
  },
  {
    "Brand_Product_Size": "Vo5 Frizz Free Smoothing Cream 125mL",
    "WOW Price": 6,
    "WOW Size": "125mL",
    "WOW ppu": "$4.80 / 100ML"
  },
  {
    "Brand_Product_Size": "Super Bubbles Stick Assorted each",
    "WOW Price": 5,
    "WOW Size": "each",
    "WOW ppu": ""
  },
  {
    "Brand_Product_Size": "Woolworths Light Fruit Cake 465g",
    "WOW Price": 4,
    "WOW Size": "465g",
    "WOW ppu": "$0.86 / 100G"
  },
  {
    "Brand_Product_Size": "Revlon Volumazing Mascara Blackest Black Waterprooof 9mL",
    "WOW Price": 10,
    "WOW Size": "9mL",
    "WOW ppu": "$11.11 / 10ML"
  },
  {
    "Brand_Product_Size": "Della Rosa Hawaiian Pizza Subs 600g",
    "WOW Price": 4.7,
    "WOW Size": "600g",
    "WOW ppu": "$0.78 / 100G"
  },
  {
    "Brand_Product_Size": "King Oscar Sardines Tomato Sauce Single Layer 105g",
    "WOW Price": 3.05,
    "WOW Size": "105g",
    "WOW ppu": "$29.05 / 1KG"
  },
  {
    "Brand_Product_Size": "Always Discreet Long For Bladder Leaks 10 pack",
    "WOW Price": 4.8,
    "WOW Size": "10 pack",
    "WOW ppu": "$0.48 / 1EA"
  },
  {
    "Brand_Product_Size": "Only Organic 4 Months+ Apple Peach & Apricot 120g",
    "WOW Price": 1.5,
    "WOW Size": "120g",
    "WOW ppu": "$1.25 / 100G"
  },
  {
    "Brand_Product_Size": "Kleenex Facial Tissues Large & Thick Silk Touch 3ply 95 pack",
    "WOW Price": 2,
    "WOW Size": "95 pack",
    "WOW ppu": "$2.11 / 100SS"
  },
  {
    "Brand_Product_Size": "Kleenex Facial Tissues Large & Thick Silk Touch 3ply 95 pack",
    "WOW Price": 2,
    "WOW Size": "95 pack",
    "WOW ppu": "$2.11 / 100SS"
  },
  {
    "Brand_Product_Size": "Cornwell's White Vinegar White 750mL",
    "WOW Price": 3.1,
    "WOW Size": "750mL",
    "WOW ppu": "$0.41 / 100ML"
  },
  {
    "Brand_Product_Size": "Tommee Tippee Closer To Nature Medium Flow Teats 2 pack",
    "WOW Price": 7.7,
    "WOW Size": "2 pack",
    "WOW ppu": "$3.85 / 1EA"
  },
  {
    "Brand_Product_Size": "Carman's 5 Grain & Seed Granola Pink Lady Apple & Blueberry 450g",
    "WOW Price": 5,
    "WOW Size": "450g",
    "WOW ppu": "$1.11 / 100G"
  },
  {
    "Brand_Product_Size": "Valvoline Max Life Atf 1L",
    "WOW Price": 16,
    "WOW Size": "1L",
    "WOW ppu": "$1.60 / 100ML"
  },
  {
    "Brand_Product_Size": "South Cape Edam Cheese 200g",
    "WOW Price": 6.4,
    "WOW Size": "200g",
    "WOW ppu": "$32.00 / 1KG"
  },
  {
    "Brand_Product_Size": "South Cape Edam Cheese 200g",
    "WOW Price": 6.4,
    "WOW Size": "200g",
    "WOW ppu": "$32.00 / 1KG"
  },
  {
    "Brand_Product_Size": "Tasti Smooshed Wholefood Balls Berry Cashew & Cacao 69g",
    "WOW Price": 3.3,
    "WOW Size": "69g",
    "WOW ppu": "$4.78 / 100G"
  },
  {
    "Brand_Product_Size": "Moro Vinegar Red Wine 500mL",
    "WOW Price": 4,
    "WOW Size": "500mL",
    "WOW ppu": "$0.80 / 100ML"
  },
  {
    "Brand_Product_Size": "Palmolive Naturals Body Wash Milk & Honey Shower Gel 1L",
    "WOW Price": 8.5,
    "WOW Size": "1L",
    "WOW ppu": "$0.85 / 100ML"
  },
  {
    "Brand_Product_Size": "Air Wick Pure Aerosol White Vanilla 159g",
    "WOW Price": 7,
    "WOW Size": "159g",
    "WOW ppu": "$4.40 / 100G"
  },
  {
    "Brand_Product_Size": "Clearasil Ultra 5 In 1 Scrub 150mL",
    "WOW Price": 11.84,
    "WOW Size": "150mL",
    "WOW ppu": "$7.89 / 100ML"
  },
  {
    "Brand_Product_Size": "Oakwood Grooming Shampoo For All Coloured Coats 280mL",
    "WOW Price": 7,
    "WOW Size": "280mL",
    "WOW ppu": "$2.50 / 100ML"
  },
  {
    "Brand_Product_Size": "Huggies Drynites Boys Convenience 4-7 Years 10 pack",
    "WOW Price": 12,
    "WOW Size": "10 pack",
    "WOW ppu": "$1.20 / 1EA"
  },
  {
    "Brand_Product_Size": "Passage To Asia Singapore Noodles 200g",
    "WOW Price": 3,
    "WOW Size": "200g",
    "WOW ppu": "$1.50 / 100G"
  },
  {
    "Brand_Product_Size": "Oral-b 3d White Luxe Diamond Strong Toothpaste 95g",
    "WOW Price": 9,
    "WOW Size": "95g",
    "WOW ppu": "$9.47 / 100G"
  },
  {
    "Brand_Product_Size": "Laxettes Senna Chocolate Squares Laxatives 24 pack",
    "WOW Price": 3.7,
    "WOW Size": "24 pack",
    "WOW ppu": "$0.15 / 1EA"
  },
  {
    "Brand_Product_Size": "Obento Japanese Yaki Nori For Sushi 1 pack",
    "WOW Price": 3.1,
    "WOW Size": "1 pack",
    "WOW ppu": "$12.40 / 100G"
  },
  {
    "Brand_Product_Size": "Bounce Keto Salted Caramel Low Carb Bar 35g",
    "WOW Price": 3,
    "WOW Size": "35g",
    "WOW ppu": "$8.57 / 100G"
  },
  {
    "Brand_Product_Size": "Nyal Paracetamol Capsules 20 pack",
    "WOW Price": 3.5,
    "WOW Size": "20 pack",
    "WOW ppu": "$3.50 / 1EA"
  },
  {
    "Brand_Product_Size": "L'oreal Paris Wrinkle Expert Night Night 50mL",
    "WOW Price": 15,
    "WOW Size": "50mL",
    "WOW ppu": "$30.00 / 100ML"
  },
  {
    "Brand_Product_Size": "Clearblue Digital Pregnancy Test, Weeks Indicator each",
    "WOW Price": 17,
    "WOW Size": "each",
    "WOW ppu": "$17.00 / 1EA"
  },
  {
    "Brand_Product_Size": "Oscar Orsen Hair Brush Round Large each",
    "WOW Price": 6,
    "WOW Size": "each",
    "WOW ppu": ""
  },
  {
    "Brand_Product_Size": "Essentials Plastic Forks 20 pack",
    "WOW Price": 1,
    "WOW Size": "20 pack",
    "WOW ppu": "$1.00 / 1EA"
  },
  {
    "Brand_Product_Size": "Wokka Noodles Golden Hokkien Shelf Fresh 440g",
    "WOW Price": 2.7,
    "WOW Size": "440g",
    "WOW ppu": "$0.61 / 100G"
  },
  {
    "Brand_Product_Size": "Terry's Choco Orange Milk Ball 157g",
    "WOW Price": 6,
    "WOW Size": "157g",
    "WOW ppu": "$3.82 / 100G"
  },
  {
    "Brand_Product_Size": "S&w Mayonnaise Whole Egg 880g",
    "WOW Price": 9.5,
    "WOW Size": "880g",
    "WOW ppu": "$1.08 / 100G"
  },
  {
    "Brand_Product_Size": "Underworks Infant Plain Mid Crew Socks Assorted 4 pack",
    "WOW Price": 6,
    "WOW Size": "4 pack",
    "WOW ppu": "$6.00 / 1EA"
  },
  {
    "Brand_Product_Size": "Nutty Bruce Peanut Butter & Cacao Nut Butter Balls 42g",
    "WOW Price": 1.5,
    "WOW Size": "42g",
    "WOW ppu": "$3.57 / 100G"
  },
  {
    "Brand_Product_Size": "Koja Peanut Butter Choc Chip Crunch Bar 30g",
    "WOW Price": 3.2,
    "WOW Size": "30g",
    "WOW ppu": "$10.67 / 100G"
  },
  {
    "Brand_Product_Size": "Philips Led Sticks 1150lm Cool Bc 1 pack",
    "WOW Price": 10,
    "WOW Size": "1 pack",
    "WOW ppu": "$10.00 / 1EA"
  },
  {
    "Brand_Product_Size": "Diet Rite Cordial Fruit Cocktail 1L",
    "WOW Price": 3,
    "WOW Size": "1L",
    "WOW ppu": "$3.00 / 1L"
  },
  {
    "Brand_Product_Size": "Suimin Hot & Spicy Noodle Cup 70g",
    "WOW Price": 1.5,
    "WOW Size": "70g",
    "WOW ppu": "$2.14 / 100G"
  },
  {
    "Brand_Product_Size": "Continental Cup A Soup Chicken With Lots Of Noodles 2 pack",
    "WOW Price": 1.05,
    "WOW Size": "2 pack",
    "WOW ppu": "$1.75 / 100G"
  },
  {
    "Brand_Product_Size": "Maybelline Superstay 2-step Lip Color - Timeless Toffee each",
    "WOW Price": 12,
    "WOW Size": "each",
    "WOW ppu": "$36.36 / 10G"
  },
  {
    "Brand_Product_Size": "Woolworths Medium Roasting Tray With Handles each",
    "WOW Price": 4.5,
    "WOW Size": "each",
    "WOW ppu": "$4.50 / 1EA"
  },
  {
    "Brand_Product_Size": "Sunkist Bottle 1.25L",
    "WOW Price": 2.35,
    "WOW Size": "1.25L",
    "WOW ppu": "$1.88 / 1L"
  },
  {
    "Brand_Product_Size": "Australian Botanical Soap Goats Milk & Raspberry each",
    "WOW Price": 3.2,
    "WOW Size": "each",
    "WOW ppu": "$1.60 / 100G"
  },
  {
    "Brand_Product_Size": "Dr. Oetker Papa Giuseppis Rising Stuffed Crust Pepperoni Pizza 470g",
    "WOW Price": 8,
    "WOW Size": "470g",
    "WOW ppu": "$1.70 / 100G"
  },
  {
    "Brand_Product_Size": "Tradie Mens Bamboo Work Socks Size 11-13 2 pack",
    "WOW Price": 16,
    "WOW Size": "2 pack",
    "WOW ppu": ""
  },
  {
    "Brand_Product_Size": "A2 Platinum Infant Formula Stage 1 0-6 Months 900g",
    "WOW Price": 38,
    "WOW Size": "900g",
    "WOW ppu": "$4.22 / 100G"
  },
  {
    "Brand_Product_Size": "Loacker Quadratini Chocolate 125g",
    "WOW Price": 2,
    "WOW Size": "125g",
    "WOW ppu": "$1.60 / 100G"
  },
  {
    "Brand_Product_Size": "Schwarzkopf Extra Care Hair Spray Strong Style 400g",
    "WOW Price": 9,
    "WOW Size": "400g",
    "WOW ppu": "$2.25 / 100G"
  },
  {
    "Brand_Product_Size": "Continental Cheesy Rice 125g",
    "WOW Price": 1.6,
    "WOW Size": "125g",
    "WOW ppu": "$1.28 / 100G"
  },
  {
    "Brand_Product_Size": "Woolworths Traditional Cracker 250g",
    "WOW Price": 0.97,
    "WOW Size": "250g",
    "WOW ppu": "$0.39 / 100G"
  },
  {
    "Brand_Product_Size": "Birch & Waite Balsamic Vinaigrette 250mL",
    "WOW Price": 5,
    "WOW Size": "250mL",
    "WOW ppu": "$2.00 / 100ML"
  },
  {
    "Brand_Product_Size": "Mc Yee Shanghai Noodles Traditional 1kg",
    "WOW Price": 2.8,
    "WOW Size": "1kg",
    "WOW ppu": "$2.80 / 1KG"
  },
  {
    "Brand_Product_Size": "Magnum Luxe Gold Caramelised Chocolate Tub 440mL",
    "WOW Price": 9,
    "WOW Size": "440mL",
    "WOW ppu": "$2.05 / 100ML"
  },
  {
    "Brand_Product_Size": "Macro Organic Penne Pasta 500g",
    "WOW Price": 1.65,
    "WOW Size": "500g",
    "WOW ppu": "$0.33 / 100G"
  },
  {
    "Brand_Product_Size": "Astroglide Gel Water Based Personal Lubricant 113g",
    "WOW Price": 9.1,
    "WOW Size": "113g",
    "WOW ppu": "$8.05 / 100G"
  },
  {
    "Brand_Product_Size": "Colgate Triple Action Original Mint Fluoride Toothpaste 160g",
    "WOW Price": 2.99,
    "WOW Size": "160g",
    "WOW ppu": "$1.87 / 100G"
  },
  {
    "Brand_Product_Size": "Schwarzkopf Live Colour Pastels Dusty Lavender each",
    "WOW Price": 5.5,
    "WOW Size": "each",
    "WOW ppu": "$18.33 / 100ML"
  },
  {
    "Brand_Product_Size": "Maybelline Face Studio Master Concealer - Light 12mL",
    "WOW Price": 8,
    "WOW Size": "12mL",
    "WOW ppu": "$6.67 / 10ML"
  },
  {
    "Brand_Product_Size": "Bickford's Diet Lime Cordial 750mL",
    "WOW Price": 4,
    "WOW Size": "750mL",
    "WOW ppu": "$5.33 / 1L"
  },
  {
    "Brand_Product_Size": "Obento Mirin Seasoning 250mL",
    "WOW Price": 3.8,
    "WOW Size": "250mL",
    "WOW ppu": "$1.52 / 100ML"
  },
  {
    "Brand_Product_Size": "Masterfoods Onion Salt 178g",
    "WOW Price": 3.5,
    "WOW Size": "178g",
    "WOW ppu": "$0.20 / 10G"
  },
  {
    "Brand_Product_Size": "Waimete Pure Honey 1kg",
    "WOW Price": 13,
    "WOW Size": "1kg",
    "WOW ppu": "$1.30 / 100G"
  },
  {
    "Brand_Product_Size": "Razzamatazz Ladder Resist Natural Size Tall each",
    "WOW Price": 6,
    "WOW Size": "each",
    "WOW ppu": ""
  },
  {
    "Brand_Product_Size": "Bonds Comfy Tops Very Opaque Tights Black Med-lge each",
    "WOW Price": 13,
    "WOW Size": "each",
    "WOW ppu": ""
  },
  {
    "Brand_Product_Size": "Hart & Soul Laksa Noodle Soup Pouch 100g",
    "WOW Price": 1.8,
    "WOW Size": "100g",
    "WOW ppu": "$1.80 / 100G"
  },
  {
    "Brand_Product_Size": "Cellucor C4 Sport Powder Watermelon 285g",
    "WOW Price": 40,
    "WOW Size": "285g",
    "WOW ppu": "$14.04 / 100G"
  },
  {
    "Brand_Product_Size": "Steggles Garlic Chicken Breast Kiev 350g",
    "WOW Price": 9,
    "WOW Size": "350g",
    "WOW ppu": "$25.71 / 1KG"
  },
  {
    "Brand_Product_Size": "Bubs Organic Grass Fed Follow On Formula Stage 2 800g",
    "WOW Price": 30,
    "WOW Size": "800g",
    "WOW ppu": "$3.75 / 100G"
  },
  {
    "Brand_Product_Size": "Sun Maid Raisin Snacks Mixed Berry 7 pack",
    "WOW Price": 5,
    "WOW Size": "7 pack",
    "WOW ppu": "$35.71 / 1KG"
  },
  {
    "Brand_Product_Size": "Eveready Aaa Rechargable Batteries 4 pack",
    "WOW Price": 17,
    "WOW Size": "4 pack",
    "WOW ppu": "$4.25 / 1EA"
  },
  {
    "Brand_Product_Size": "Nerada Organic Camomile Tea Bags 40 pack",
    "WOW Price": 5,
    "WOW Size": "40 pack",
    "WOW ppu": "$0.13 / 1EA"
  },
  {
    "Brand_Product_Size": "Nerada Organic Camomile Tea Bags 40 pack",
    "WOW Price": 5,
    "WOW Size": "40 pack",
    "WOW ppu": "$0.13 / 1EA"
  },
  {
    "Brand_Product_Size": "Golden Wheel Thai Hom Mali Rice 10kg",
    "WOW Price": 40,
    "WOW Size": "10kg",
    "WOW ppu": "$0.40 / 100G"
  },
  {
    "Brand_Product_Size": "Sashi's Secret Curry Laksa Kit 460g",
    "WOW Price": 6,
    "WOW Size": "460g",
    "WOW ppu": "$1.30 / 100G"
  },
  {
    "Brand_Product_Size": "Rimmel Volume On Demand Mascara Brown each",
    "WOW Price": 9.5,
    "WOW Size": "each",
    "WOW ppu": "$7.92 / 10ML"
  },
  {
    "Brand_Product_Size": "Rimmel Brow This Way 2in1 Eye Brow Pencil Medium Brown 0.4g",
    "WOW Price": 8,
    "WOW Size": "0.4g",
    "WOW ppu": "$200.00 / 10G"
  },
  {
    "Brand_Product_Size": "Eureka Tea Tree Solution 200mL",
    "WOW Price": 8.5,
    "WOW Size": "200mL",
    "WOW ppu": "$4.25 / 100ML"
  },
  {
    "Brand_Product_Size": "Arnott's Vita-weat Cracker Sesame 250g",
    "WOW Price": 3.3,
    "WOW Size": "250g",
    "WOW ppu": "$1.32 / 100G"
  },
  {
    "Brand_Product_Size": "Help@hand Plastic Strip Latex Free 50 pack",
    "WOW Price": 1.5,
    "WOW Size": "50 pack",
    "WOW ppu": "$0.03 / 1EA"
  },
  {
    "Brand_Product_Size": "Byron Bay Cookies Milk Choc Chunk Cookie Bites 100g",
    "WOW Price": 2.5,
    "WOW Size": "100g",
    "WOW ppu": "$2.50 / 100G"
  },
  {
    "Brand_Product_Size": "Woolworths Snack Pot Cashew, Almond & Pecan Mix 200g",
    "WOW Price": 6,
    "WOW Size": "200g",
    "WOW ppu": "$33.33 / 1KG"
  },
  {
    "Brand_Product_Size": "The Why Meat Co Plant Based Sausage Rolls 10 pack",
    "WOW Price": 7.5,
    "WOW Size": "10 pack",
    "WOW ppu": "$1.88 / 100G"
  },
  {
    "Brand_Product_Size": "Golden Circle No Added Sugar Apple Juice 1L",
    "WOW Price": 2.4,
    "WOW Size": "1L",
    "WOW ppu": "$2.40 / 1L"
  },
  {
    "Brand_Product_Size": "Hakubaku Organic Japanese Udon Noodle 270g",
    "WOW Price": 3.7,
    "WOW Size": "270g",
    "WOW ppu": "$1.37 / 100G"
  },
  {
    "Brand_Product_Size": "Sunsol Muesli Almond Cashew Macadamia Walnut 500g",
    "WOW Price": 4,
    "WOW Size": "500g",
    "WOW ppu": "$0.80 / 100G"
  },
  {
    "Brand_Product_Size": "Maybelline Eye Studio Brow Precise - Soft Brown 6g",
    "WOW Price": 6,
    "WOW Size": "6g",
    "WOW ppu": "$6.00 / 1EA"
  },
  {
    "Brand_Product_Size": "Air Wick Pure Beach Escapes Tropical Whitsundays Air Freshener each",
    "WOW Price": 7,
    "WOW Size": "each",
    "WOW ppu": "$4.40 / 100G"
  },
  {
    "Brand_Product_Size": "Katoomba Ingredients Chana Dal 1kg",
    "WOW Price": 3,
    "WOW Size": "1kg",
    "WOW ppu": "$0.30 / 100G"
  },
  {
    "Brand_Product_Size": "Woolworths Sweet & Sour Chicken With Rice 350g",
    "WOW Price": 4,
    "WOW Size": "350g",
    "WOW ppu": "$1.14 / 100G"
  },
  {
    "Brand_Product_Size": "Ural Sachets Effervescent Powder 4g x20 pack",
    "WOW Price": 8,
    "WOW Size": "4g x20 pack",
    "WOW ppu": "$0.40 / 1EA"
  },
  {
    "Brand_Product_Size": "Whiskas 1+ Years Wet Cat Food Chicken In Gravy Pouch 85g x12 pack",
    "WOW Price": 8,
    "WOW Size": "85g x12 pack",
    "WOW ppu": "$0.78 / 100G"
  },
  {
    "Brand_Product_Size": "Heinz Baked Beans Tomato Sauce 130g",
    "WOW Price": 1.1,
    "WOW Size": "130g",
    "WOW ppu": "$0.85 / 100G"
  },
  {
    "Brand_Product_Size": "Cadbury Crunchie Bars 4 pack",
    "WOW Price": 6,
    "WOW Size": "4 pack",
    "WOW ppu": "$2.00 / 100ML"
  },
  {
    "Brand_Product_Size": "Palmolive Men Body Wash Natural Charcoal Shower Gel 450mL",
    "WOW Price": 7.5,
    "WOW Size": "450mL",
    "WOW ppu": "$1.67 / 100ML"
  },
  {
    "Brand_Product_Size": "Woolworths Cook Chicken Kebab Honey Soy 375g",
    "WOW Price": 6,
    "WOW Size": "375g",
    "WOW ppu": "$16.00 / 1KG"
  },
  {
    "Brand_Product_Size": "Sunsilk Shampoo Addictive Brilliant Shine 350mL",
    "WOW Price": 5.5,
    "WOW Size": "350mL",
    "WOW ppu": "$1.57 / 100ML"
  },
  {
    "Brand_Product_Size": "Skin Republic Gold Hydrogel Face Mask each",
    "WOW Price": 13,
    "WOW Size": "each",
    "WOW ppu": ""
  },
  {
    "Brand_Product_Size": "Chux Non Scratch Scourer Sponge 2 pack",
    "WOW Price": 4,
    "WOW Size": "2 pack",
    "WOW ppu": "$2.00 / 1EA"
  },
  {
    "Brand_Product_Size": "Corelle Winter Frost White Noodle Bowl 828ml each",
    "WOW Price": 7.5,
    "WOW Size": "each",
    "WOW ppu": ""
  },
  {
    "Brand_Product_Size": "Raguletto Pasta Sauce Red Wine Garlic 500g",
    "WOW Price": 1.8,
    "WOW Size": "500g",
    "WOW ppu": "$0.36 / 100G"
  },
  {
    "Brand_Product_Size": "On The Menu Pub Favourites Buttermilk Fried Chicken 320g",
    "WOW Price": 4.8,
    "WOW Size": "320g",
    "WOW ppu": "$1.50 / 100G"
  },
  {
    "Brand_Product_Size": "Sup Gut Love Probiotic Gummies Raspberry Flavour 65 pack",
    "WOW Price": 12,
    "WOW Size": "65 pack",
    "WOW ppu": "$18.46 / 100EA"
  },
  {
    "Brand_Product_Size": "Nando's Peri Peri Perinaise Mild 465g",
    "WOW Price": 6,
    "WOW Size": "465g",
    "WOW ppu": "$1.29 / 100G"
  },
  {
    "Brand_Product_Size": "Mccain Man Size Rich Beef Meatballs With Creamy Mash Gravy 480g",
    "WOW Price": 8,
    "WOW Size": "480g",
    "WOW ppu": "$1.67 / 100G"
  },
  {
    "Brand_Product_Size": "Farex On The Go 4 Months+ Pear & Apricot Rice 120g",
    "WOW Price": 1.5,
    "WOW Size": "120g",
    "WOW ppu": "$1.25 / 100G"
  },
  {
    "Brand_Product_Size": "L'or Espresso Ultimo Intensity 13 Coffee Capsules 10 pack",
    "WOW Price": 6,
    "WOW Size": "10 pack",
    "WOW ppu": ""
  },
  {
    "Brand_Product_Size": "L'or Espresso Ultimo Intensity 13 Coffee Capsules 10 pack",
    "WOW Price": 6,
    "WOW Size": "10 pack",
    "WOW ppu": ""
  },
  {
    "Brand_Product_Size": "Gourmet Garden Mint Lightly Dried 5g",
    "WOW Price": 3.5,
    "WOW Size": "5g",
    "WOW ppu": "$7.00 / 10G"
  },
  {
    "Brand_Product_Size": "Gourmet Garden Mint Lightly Dried 5g",
    "WOW Price": 3.5,
    "WOW Size": "5g",
    "WOW ppu": "$7.00 / 10G"
  },
  {
    "Brand_Product_Size": "Remington Precision Personal Groomer each",
    "WOW Price": 15,
    "WOW Size": "each",
    "WOW ppu": ""
  },
  {
    "Brand_Product_Size": "Passage To India Simmer Sauce Extra Mild Butter Chicken 375g",
    "WOW Price": 4.7,
    "WOW Size": "375g",
    "WOW ppu": "$1.25 / 100G"
  },
  {
    "Brand_Product_Size": "Heinz Seriously Good Whole Egg Mayonnaise 500mL",
    "WOW Price": 6,
    "WOW Size": "500mL",
    "WOW ppu": "$1.20 / 100ML"
  },
  {
    "Brand_Product_Size": "Eylure Dybrow Permanent Tint Dye Kit Dark Brown each",
    "WOW Price": 10,
    "WOW Size": "each",
    "WOW ppu": "$10.00 / 1EA"
  },
  {
    "Brand_Product_Size": "Bar None Hair Ties 5 pack",
    "WOW Price": 5,
    "WOW Size": "5 pack",
    "WOW ppu": ""
  },
  {
    "Brand_Product_Size": "Lian Pho Ga Vietnamese Style Instant Rice Noodles 70g",
    "WOW Price": 2,
    "WOW Size": "70g",
    "WOW ppu": "$2.86 / 100G"
  },
  {
    "Brand_Product_Size": "Spc Diced Pears In Juice 4 pack 480g",
    "WOW Price": 4,
    "WOW Size": "4 pack 480g",
    "WOW ppu": "$8.33 / 1KG"
  },
  {
    "Brand_Product_Size": "Spc Diced Pears In Juice 4 pack 480g",
    "WOW Price": 4,
    "WOW Size": "4 pack 480g",
    "WOW ppu": "$8.33 / 1KG"
  },
  {
    "Brand_Product_Size": "Patak's Butter Chickpeas & Veggies Heat & Eat 285g",
    "WOW Price": 2.5,
    "WOW Size": "285g",
    "WOW ppu": "$0.88 / 100G"
  },
  {
    "Brand_Product_Size": "Voeu Charcoal Gel Wash 150mL",
    "WOW Price": 3,
    "WOW Size": "150mL",
    "WOW ppu": "$2.00 / 100ML"
  },
  {
    "Brand_Product_Size": "Woolworths Apple Pie Snack 4 pack",
    "WOW Price": 3.2,
    "WOW Size": "4 pack",
    "WOW ppu": "$0.64 / 100G"
  },
  {
    "Brand_Product_Size": "Weight Watchers Chicken & Mushroom Fettuccine 300g",
    "WOW Price": 4,
    "WOW Size": "300g",
    "WOW ppu": "$1.33 / 100G"
  },
  {
    "Brand_Product_Size": "Ocean Blue Smoked Salmon Cooking Pieces 200g",
    "WOW Price": 6.5,
    "WOW Size": "200g",
    "WOW ppu": "$32.50 / 1KG"
  },
  {
    "Brand_Product_Size": "Kleenex Flushable Wipes Unscented 42 pack",
    "WOW Price": 3.95,
    "WOW Size": "42 pack",
    "WOW ppu": "$0.09 / 1EA"
  },
  {
    "Brand_Product_Size": "Dolmio Pasta Bake Creamy Tomato & Mozzarella 495g",
    "WOW Price": 3,
    "WOW Size": "495g",
    "WOW ppu": "$0.61 / 100G"
  },
  {
    "Brand_Product_Size": "Eveready Value Battery Charger each",
    "WOW Price": 21,
    "WOW Size": "each",
    "WOW ppu": ""
  },
  {
    "Brand_Product_Size": "Nong Shim Shin Ramyun 5 pack",
    "WOW Price": 6.5,
    "WOW Size": "5 pack",
    "WOW ppu": "$1.08 / 100G"
  },
  {
    "Brand_Product_Size": "Bell Farms Potato Gratin 4 pack",
    "WOW Price": 4,
    "WOW Size": "4 pack",
    "WOW ppu": "$10.00 / 1KG"
  },
  {
    "Brand_Product_Size": "Eveready Gold 9v Batteries 2 pack",
    "WOW Price": 10,
    "WOW Size": "2 pack",
    "WOW ppu": "$5.00 / 1EA"
  },
  {
    "Brand_Product_Size": "Mountain Dew Cans 375mL x24 case",
    "WOW Price": 18.55,
    "WOW Size": "375mL x24 case",
    "WOW ppu": "$2.06 / 1L"
  },
  {
    "Brand_Product_Size": "Brut Aftershave Splash On 200mL",
    "WOW Price": 10,
    "WOW Size": "200mL",
    "WOW ppu": "$5.00 / 100ML"
  },
  {
    "Brand_Product_Size": "Organic Natural Muesli 750g",
    "WOW Price": 6.5,
    "WOW Size": "750g",
    "WOW ppu": "$0.87 / 100G"
  },
  {
    "Brand_Product_Size": "Squid Brand Fish Sauce 300mL",
    "WOW Price": 2,
    "WOW Size": "300mL",
    "WOW ppu": "$0.67 / 100ML"
  },
  {
    "Brand_Product_Size": "Cancer Council Active Pink Sunscreen Spf 50 Plus 110mL",
    "WOW Price": 12,
    "WOW Size": "110mL",
    "WOW ppu": "$10.91 / 100ML"
  },
  {
    "Brand_Product_Size": "Nature's Way Kids Smart Probiotic Choc Balls 50 pack",
    "WOW Price": 15.95,
    "WOW Size": "50 pack",
    "WOW ppu": "$31.90 / 100EA"
  },
  {
    "Brand_Product_Size": "Alka Power Active Ph9+ Water 1L",
    "WOW Price": 3.1,
    "WOW Size": "1L",
    "WOW ppu": "$3.10 / 1L"
  },
  {
    "Brand_Product_Size": "Alka Power Active Ph9+ Water 1L",
    "WOW Price": 3.1,
    "WOW Size": "1L",
    "WOW ppu": "$3.10 / 1L"
  },
  {
    "Brand_Product_Size": "Hart & Soul All Natural Supergrain Teriyaki Chicken 250g",
    "WOW Price": 5,
    "WOW Size": "250g",
    "WOW ppu": "$2.00 / 100G"
  },
  {
    "Brand_Product_Size": "Decor Match-ups Oblong Container 4l each",
    "WOW Price": 12,
    "WOW Size": "each",
    "WOW ppu": ""
  },
  {
    "Brand_Product_Size": "Woolworths Soft & Juicy Apricots 250g",
    "WOW Price": 3,
    "WOW Size": "250g",
    "WOW ppu": "$12.00 / 1KG"
  },
  {
    "Brand_Product_Size": "Toni & Guy Straightening Brush each",
    "WOW Price": 19.6,
    "WOW Size": "each",
    "WOW ppu": ""
  },
  {
    "Brand_Product_Size": "Pana Mylk Chocolate 45g",
    "WOW Price": 4.8,
    "WOW Size": "45g",
    "WOW ppu": "$10.67 / 100G"
  },
  {
    "Brand_Product_Size": "Woolworths Nut Mix Natural Premium 400g",
    "WOW Price": 15,
    "WOW Size": "400g",
    "WOW ppu": "$37.50 / 1KG"
  },
  {
    "Brand_Product_Size": "Rimmel Lasting Finish Full Coverage Foundation 200 Soft Beige 30mL",
    "WOW Price": 9.5,
    "WOW Size": "30mL",
    "WOW ppu": "$3.17 / 10ML"
  },
  {
    "Brand_Product_Size": "Olay Total Effects Face Cream Moisturiser Normal Spf 15 50g",
    "WOW Price": 24.5,
    "WOW Size": "50g",
    "WOW ppu": "$49.00 / 100G"
  },
  {
    "Brand_Product_Size": "Harpic Eco Fresh Eucalyptus Toilet Gel 500mL",
    "WOW Price": 5,
    "WOW Size": "500mL",
    "WOW ppu": "$1.00 / 100ML"
  },
  {
    "Brand_Product_Size": "Fab Perfume Indulgence Sublime Velvel Laundry Liquid 900mL",
    "WOW Price": 5,
    "WOW Size": "900mL",
    "WOW ppu": "$5.56 / 1L"
  },
  {
    "Brand_Product_Size": "Play-doh Rescue Firetruck each",
    "WOW Price": 16,
    "WOW Size": "each",
    "WOW ppu": ""
  },
  {
    "Brand_Product_Size": "Maybelline Fit Me Matte & Poreless Foundation - Light Beige 118 30mL",
    "WOW Price": 11,
    "WOW Size": "30mL",
    "WOW ppu": "$3.67 / 10ML"
  },
  {
    "Brand_Product_Size": "Tablelands Dairy Free Buttery 500g",
    "WOW Price": 2.3,
    "WOW Size": "500g",
    "WOW ppu": "$0.46 / 100G"
  },
  {
    "Brand_Product_Size": "Cottee's Cordial Lime Coola 1L",
    "WOW Price": 4.2,
    "WOW Size": "1L",
    "WOW ppu": "$4.20 / 1L"
  },
  {
    "Brand_Product_Size": "Colgate Plax Alcohol Free Mouthwash Freshmint 1L",
    "WOW Price": 8,
    "WOW Size": "1L",
    "WOW ppu": "$0.80 / 100ML"
  },
  {
    "Brand_Product_Size": "Oak Banana Flavoured Milk 600mL",
    "WOW Price": 3.1,
    "WOW Size": "600mL",
    "WOW ppu": "$5.17 / 1L"
  },
  {
    "Brand_Product_Size": "Bonds Explorer Socks Mens Black Size 6-10 each",
    "WOW Price": 15,
    "WOW Size": "each",
    "WOW ppu": ""
  },
  {
    "Brand_Product_Size": "Camelbak 1 Litre Eddy Drink Bottle each",
    "WOW Price": 30,
    "WOW Size": "each",
    "WOW ppu": ""
  },
  {
    "Brand_Product_Size": "Camelbak 1 Litre Eddy Drink Bottle each",
    "WOW Price": 30,
    "WOW Size": "each",
    "WOW ppu": ""
  },
  {
    "Brand_Product_Size": "Saxa Natural Sea Salt Flakes 200g",
    "WOW Price": 8,
    "WOW Size": "200g",
    "WOW ppu": "$0.40 / 10G"
  },
  {
    "Brand_Product_Size": "Rufus & Coco Retractable Lead Large each",
    "WOW Price": 27.79,
    "WOW Size": "each",
    "WOW ppu": "$27.79 / 1EA"
  },
  {
    "Brand_Product_Size": "Nutriboost Boosted Milk Drink Banana 250mL",
    "WOW Price": 1.75,
    "WOW Size": "250mL",
    "WOW ppu": "$7.00 / 1L"
  },
  {
    "Brand_Product_Size": "Nutriboost Boosted Milk Drink Banana 250mL",
    "WOW Price": 1.75,
    "WOW Size": "250mL",
    "WOW ppu": "$7.00 / 1L"
  },
  {
    "Brand_Product_Size": "Vitapet Chicken Muesli Bars 100g",
    "WOW Price": 6.5,
    "WOW Size": "100g",
    "WOW ppu": "$6.50 / 100G"
  },
  {
    "Brand_Product_Size": "L'or Espresso Lungo Profondo Intensity 8 Coffee Capsules 10 pack",
    "WOW Price": 6,
    "WOW Size": "10 pack",
    "WOW ppu": "$0.60 / 1EA"
  },
  {
    "Brand_Product_Size": "L'or Espresso Lungo Profondo Intensity 8 Coffee Capsules 10 pack",
    "WOW Price": 6,
    "WOW Size": "10 pack",
    "WOW ppu": "$0.60 / 1EA"
  },
  {
    "Brand_Product_Size": "Bow Wow Chicken Super Snacks Dog Treat 20 pack",
    "WOW Price": 15,
    "WOW Size": "20 pack",
    "WOW ppu": "$0.75 / 1EA"
  },
  {
    "Brand_Product_Size": "Thankyou. Hand Wash - Botanical Sweet Orange & Almond 500mL",
    "WOW Price": 7.5,
    "WOW Size": "500mL",
    "WOW ppu": "$1.50 / 100ML"
  },
  {
    "Brand_Product_Size": "Bertocchi Pepper Crusted Chilli Sopressa Salami Sliced From The Deli per kg",
    "WOW Price": 29,
    "WOW Size": "per kg",
    "WOW ppu": "$29.00 / 1KG"
  },
  {
    "Brand_Product_Size": "Method Body Wash Simply Nourish 532mL",
    "WOW Price": 8,
    "WOW Size": "532mL",
    "WOW ppu": "$1.50 / 100ML"
  },
  {
    "Brand_Product_Size": "Aeroplane Ready To Eat Jelly Pineapple 120g",
    "WOW Price": 1,
    "WOW Size": "120g",
    "WOW ppu": "$0.83 / 100G"
  },
  {
    "Brand_Product_Size": "Aeroplane Ready To Eat Jelly Pineapple 120g",
    "WOW Price": 1,
    "WOW Size": "120g",
    "WOW ppu": "$0.83 / 100G"
  },
  {
    "Brand_Product_Size": "Bell Farms Snap Frozen Cauliflower Florets 500g",
    "WOW Price": 2.15,
    "WOW Size": "500g",
    "WOW ppu": "$4.30 / 1KG"
  },
  {
    "Brand_Product_Size": "Golden Circle Cordial Orange Crush 2L",
    "WOW Price": 3,
    "WOW Size": "2L",
    "WOW ppu": "$1.50 / 1L"
  },
  {
    "Brand_Product_Size": "Armada Small Kitchen Tidy Bags Lavender/lemon Scented 40 pack",
    "WOW Price": 2,
    "WOW Size": "40 pack",
    "WOW ppu": "$0.05 / 1EA"
  },
  {
    "Brand_Product_Size": "Air Wick Pure Aerosol Cherry Blossom 159g",
    "WOW Price": 7,
    "WOW Size": "159g",
    "WOW ppu": "$4.40 / 100G"
  },
  {
    "Brand_Product_Size": "Schick Hydro Silk Razor Blades 4 pack",
    "WOW Price": 20,
    "WOW Size": "4 pack",
    "WOW ppu": "$5.00 / 1EA"
  },
  {
    "Brand_Product_Size": "Woolworths Ginger Ground 25g",
    "WOW Price": 1.85,
    "WOW Size": "25g",
    "WOW ppu": "$0.74 / 10G"
  },
  {
    "Brand_Product_Size": "Freedom Foods Protein Crunch 250g",
    "WOW Price": 5,
    "WOW Size": "250g",
    "WOW ppu": "$2.00 / 100G"
  },
  {
    "Brand_Product_Size": "Schweppes Dry Ginger Ale Zero Sugar 4 x300mL",
    "WOW Price": 5.9,
    "WOW Size": "4 x300mL",
    "WOW ppu": "$4.92 / 1L"
  },
  {
    "Brand_Product_Size": "Kopparberg Non Alcoholic Strawberry Lime Cider 330mL x4 pack",
    "WOW Price": 7.5,
    "WOW Size": "330mL x4 pack",
    "WOW ppu": "$5.68 / 1L"
  },
  {
    "Brand_Product_Size": "L&p Soft Drink 1.5L",
    "WOW Price": 4.3,
    "WOW Size": "1.5L",
    "WOW ppu": "$2.87 / 1L"
  },
  {
    "Brand_Product_Size": "Birds Eye Fish Fingers 375g",
    "WOW Price": 6,
    "WOW Size": "375g",
    "WOW ppu": "$16.00 / 1KG"
  },
  {
    "Brand_Product_Size": "Oscar Orsen Nail File Sapphire each",
    "WOW Price": 4.5,
    "WOW Size": "each",
    "WOW ppu": ""
  },
  {
    "Brand_Product_Size": "Nivea Men Black & White Roll On Antiperspirant Deodorant 50mL",
    "WOW Price": 3.5,
    "WOW Size": "50mL",
    "WOW ppu": "$7.00 / 100ML"
  },
  {
    "Brand_Product_Size": "Donna Hay Gluten Free Self Raising Flour 500g",
    "WOW Price": 10,
    "WOW Size": "500g",
    "WOW ppu": ""
  },
  {
    "Brand_Product_Size": "Lingham's Sauce Chilli 280g",
    "WOW Price": 3.4,
    "WOW Size": "280g",
    "WOW ppu": "$1.21 / 100ML"
  },
  {
    "Brand_Product_Size": "Weis Ice Cream Macadamia With Mango & Cream 4 pack",
    "WOW Price": 5.5,
    "WOW Size": "4 pack",
    "WOW ppu": "$1.96 / 100ML"
  },
  {
    "Brand_Product_Size": "Essentials Non-stick 20cm Frypan each",
    "WOW Price": 6,
    "WOW Size": "each",
    "WOW ppu": ""
  },
  {
    "Brand_Product_Size": "Pauls Pure Organic Unhomogenised Full Cream Milk 1L",
    "WOW Price": 3.2,
    "WOW Size": "1L",
    "WOW ppu": "$3.20 / 1L"
  },
  {
    "Brand_Product_Size": "Cancer Council Moisture Sunscreen Spf 50+ 110mL",
    "WOW Price": 12,
    "WOW Size": "110mL",
    "WOW ppu": "$10.91 / 100ML"
  },
  {
    "Brand_Product_Size": "Darrell Lea Liquorice Twists 280g",
    "WOW Price": 3.5,
    "WOW Size": "280g",
    "WOW ppu": "$1.25 / 100G"
  },
  {
    "Brand_Product_Size": "Lindt Milk No Sugar Added Block 100g",
    "WOW Price": 5,
    "WOW Size": "100g",
    "WOW ppu": "$5.00 / 100G"
  },
  {
    "Brand_Product_Size": "Calbee Harvest Snaps Original Salted 5 pack",
    "WOW Price": 3.5,
    "WOW Size": "5 pack",
    "WOW ppu": "$4.38 / 100G"
  },
  {
    "Brand_Product_Size": "Calbee Harvest Snaps Original Salted 5 pack",
    "WOW Price": 3.5,
    "WOW Size": "5 pack",
    "WOW ppu": "$4.38 / 100G"
  },
  {
    "Brand_Product_Size": "Poise Incontinence Pads Overnight Absorbency 8 pack",
    "WOW Price": 6,
    "WOW Size": "8 pack",
    "WOW ppu": "$0.75 / 1EA"
  },
  {
    "Brand_Product_Size": "Pauls Custard Low Fat Vanilla 1kg",
    "WOW Price": 4.2,
    "WOW Size": "1kg",
    "WOW ppu": "$0.42 / 100G"
  },
  {
    "Brand_Product_Size": "Globus Cucumbers Polish Dill 680g",
    "WOW Price": 3.25,
    "WOW Size": "680g",
    "WOW ppu": "$4.78 / 1KG"
  },
  {
    "Brand_Product_Size": "Coca-cola Vanilla Soft Drink Can 250mL",
    "WOW Price": 2.25,
    "WOW Size": "250mL",
    "WOW ppu": "$9.00 / 1L"
  },
  {
    "Brand_Product_Size": "Steggles Chicken Crumbed Nuggets 1kg",
    "WOW Price": 12,
    "WOW Size": "1kg",
    "WOW ppu": "$12.00 / 1KG"
  },
  {
    "Brand_Product_Size": "Bhuja Original Mix Big Bag 350g",
    "WOW Price": 5,
    "WOW Size": "350g",
    "WOW ppu": "$14.29 / 1KG"
  },
  {
    "Brand_Product_Size": "Ingham's Super Crunch Hot & Spicy Chicken Bites 325g",
    "WOW Price": 7,
    "WOW Size": "325g",
    "WOW ppu": "$21.54 / 1KG"
  },
  {
    "Brand_Product_Size": "Aussie Frozen Fruit 100% Australian Blueberries 400g",
    "WOW Price": 6,
    "WOW Size": "400g",
    "WOW ppu": "$15.00 / 1KG"
  },
  {
    "Brand_Product_Size": "Gillette Fusion Proshield Refill Blades 4 pack",
    "WOW Price": 27.5,
    "WOW Size": "4 pack",
    "WOW ppu": "$6.88 / 1EA"
  },
  {
    "Brand_Product_Size": "Dynamo Professional Discs 350g",
    "WOW Price": 7,
    "WOW Size": "350g",
    "WOW ppu": "$0.50 / 1EA"
  },
  {
    "Brand_Product_Size": "Nurofen Zavance Fast Pain Relief Liquid Capsules Ibuprofen 10 pack",
    "WOW Price": 4.7,
    "WOW Size": "10 pack",
    "WOW ppu": "$0.47 / 1EA"
  },
  {
    "Brand_Product_Size": "L'oreal Men Expert Barber Club 3-in-1 Wash 200mL",
    "WOW Price": 12,
    "WOW Size": "200mL",
    "WOW ppu": "$6.00 / 100ML"
  },
  {
    "Brand_Product_Size": "Reflex 50% Recycled Paper A4 5x80gsm 5 pack",
    "WOW Price": 35,
    "WOW Size": "5 pack",
    "WOW ppu": ""
  },
  {
    "Brand_Product_Size": "Play-doh Slime 3 pack",
    "WOW Price": 8,
    "WOW Size": "3 pack",
    "WOW ppu": ""
  },
  {
    "Brand_Product_Size": "Aeroplane Ready To Eat Orange Jelly 120g",
    "WOW Price": 1,
    "WOW Size": "120g",
    "WOW ppu": "$0.83 / 100G"
  },
  {
    "Brand_Product_Size": "Aeroplane Ready To Eat Orange Jelly 120g",
    "WOW Price": 1,
    "WOW Size": "120g",
    "WOW ppu": "$0.83 / 100G"
  },
  {
    "Brand_Product_Size": "Norsca Deodorant Aerosol Forest Fresh 150g",
    "WOW Price": 6,
    "WOW Size": "150g",
    "WOW ppu": "$2.45 / 100ML"
  },
  {
    "Brand_Product_Size": "Quick-eze Chewy Forest Berry Antacid Tablets 8ea",
    "WOW Price": 2.3,
    "WOW Size": "8ea",
    "WOW ppu": "$0.29 / 1EA"
  },
  {
    "Brand_Product_Size": "Philips Led 806lm Cool Bc 2 pack",
    "WOW Price": 6.5,
    "WOW Size": "2 pack",
    "WOW ppu": "$3.25 / 1EA"
  },
  {
    "Brand_Product_Size": "Woolworths Sweet Potato Mini Gold Prepacked 300g",
    "WOW Price": 2.5,
    "WOW Size": "300g",
    "WOW ppu": "$8.33 / 1KG"
  },
  {
    "Brand_Product_Size": "Plantitude Dairy Free Coconut Yoghurt Passionfruit 500g",
    "WOW Price": 5.4,
    "WOW Size": "500g",
    "WOW ppu": "$1.08 / 100G"
  },
  {
    "Brand_Product_Size": "Diet Rite Soft Drink Grape Portello Bottle 1.25L",
    "WOW Price": 1.15,
    "WOW Size": "1.25L",
    "WOW ppu": "$0.92 / 1L"
  },
  {
    "Brand_Product_Size": "Original Juice Fruit & Veg Apple Carrot & Ginger 1.5L",
    "WOW Price": 5,
    "WOW Size": "1.5L",
    "WOW ppu": "$3.33 / 1L"
  },
  {
    "Brand_Product_Size": "Korbond Whiz Pop Bang Straight Silver Sparkler 20cm 16 pack",
    "WOW Price": 3,
    "WOW Size": "16 pack",
    "WOW ppu": "$0.19 / 1EA"
  },
  {
    "Brand_Product_Size": "Danone Activia Yoghurt Berries 4 pack",
    "WOW Price": 4.5,
    "WOW Size": "4 pack",
    "WOW ppu": "$0.90 / 100G"
  },
  {
    "Brand_Product_Size": "Schweppes Lime 1.1L",
    "WOW Price": 1.25,
    "WOW Size": "1.1L",
    "WOW ppu": "$1.14 / 1L"
  },
  {
    "Brand_Product_Size": "The Spice Tailor Punjabi Channa Masala Daal 500g",
    "WOW Price": 2.75,
    "WOW Size": "500g",
    "WOW ppu": "$0.55 / 100G"
  },
  {
    "Brand_Product_Size": "Woolworths Taco Seasoning Mix 35g",
    "WOW Price": 1,
    "WOW Size": "35g",
    "WOW ppu": "$2.86 / 100G"
  },
  {
    "Brand_Product_Size": "Pyrex 500ml Measuring Jug each",
    "WOW Price": 10,
    "WOW Size": "each",
    "WOW ppu": ""
  },
  {
    "Brand_Product_Size": "Fruit-tella Sour Wrigglers 120g",
    "WOW Price": 4,
    "WOW Size": "120g",
    "WOW ppu": "$3.33 / 100G"
  },
  {
    "Brand_Product_Size": "Nicorette Quit Smoking Extra Strength Icy Mint Lozenges 4mg 80 pack",
    "WOW Price": 36,
    "WOW Size": "80 pack",
    "WOW ppu": "$0.45 / 1EA"
  },
  {
    "Brand_Product_Size": "Woolworths Beef Sizzle Schnitzel 400g",
    "WOW Price": 10,
    "WOW Size": "400g",
    "WOW ppu": "$25.00 / 1KG"
  },
  {
    "Brand_Product_Size": "Woolworths Corned Beef Silverside 1kg - 2.1kg",
    "WOW Price": 18.9,
    "WOW Size": "1kg - 2.1kg",
    "WOW ppu": "$9.00 / 1KG"
  },
  {
    "Brand_Product_Size": "Oakwood Hydrating Leather Conditioner 75mL",
    "WOW Price": 8,
    "WOW Size": "75mL",
    "WOW ppu": "$10.67 / 100ML"
  },
  {
    "Brand_Product_Size": "Liddells Lactose Free Chocolate Milk 3x250mL",
    "WOW Price": 4,
    "WOW Size": "3x250mL",
    "WOW ppu": "$5.33 / 1L"
  },
  {
    "Brand_Product_Size": "Heinz Smooth Food 6 Months Vanilla Custard 110g",
    "WOW Price": 1,
    "WOW Size": "110g",
    "WOW ppu": "$0.91 / 100G"
  },
  {
    "Brand_Product_Size": "Angas Park Superblends Energy Boost 200g",
    "WOW Price": 5.5,
    "WOW Size": "200g",
    "WOW ppu": "$27.50 / 1KG"
  },
  {
    "Brand_Product_Size": "Philips Led 470lm Bc Candle Ww Frosted each",
    "WOW Price": 6.5,
    "WOW Size": "each",
    "WOW ppu": "$6.50 / 1EA"
  },
  {
    "Brand_Product_Size": "Leggos Stir Through Tomato, Olive & Chilli 350g",
    "WOW Price": 4,
    "WOW Size": "350g",
    "WOW ppu": "$1.14 / 100G"
  },
  {
    "Brand_Product_Size": "The Pet Cartel Cuddle Bear With Small Rope Dog Toy each",
    "WOW Price": 19,
    "WOW Size": "each",
    "WOW ppu": "$19.00 / 1EA"
  },
  {
    "Brand_Product_Size": "Edens Bars Sesame 45g",
    "WOW Price": 0.9,
    "WOW Size": "45g",
    "WOW ppu": "$2.00 / 100G"
  },
  {
    "Brand_Product_Size": "Edens Bars Sesame 45g",
    "WOW Price": 0.9,
    "WOW Size": "45g",
    "WOW ppu": "$2.00 / 100G"
  },
  {
    "Brand_Product_Size": "Nerf Squeak Dog Toy Balls 4 pack",
    "WOW Price": 15,
    "WOW Size": "4 pack",
    "WOW ppu": "$3.75 / 1EA"
  },
  {
    "Brand_Product_Size": "Balnea Sorbolene Unscented Soap 3x100g",
    "WOW Price": 3,
    "WOW Size": "3x100g",
    "WOW ppu": "$1.00 / 1EA"
  },
  {
    "Brand_Product_Size": "Aeroplane Jelly Lite Lime 2x9g",
    "WOW Price": 1.8,
    "WOW Size": "2x9g",
    "WOW ppu": "$10.00 / 100G"
  },
  {
    "Brand_Product_Size": "Nobby's Salted Cashews Nuts Tossed In Sea Salt 300g",
    "WOW Price": 9.55,
    "WOW Size": "300g",
    "WOW ppu": "$31.83 / 1KG"
  },
  {
    "Brand_Product_Size": "Elmer's Gue Glassy Clear Premade Slime 236.5mL",
    "WOW Price": 6,
    "WOW Size": "236.5mL",
    "WOW ppu": ""
  },
  {
    "Brand_Product_Size": "Sabco Antimicrobial Wipes 10 pack",
    "WOW Price": 3.6,
    "WOW Size": "10 pack",
    "WOW ppu": "$3.60 / 1EA"
  },
  {
    "Brand_Product_Size": "Pedigree Casserole With Chicken & Gravy Wet Dog Food Can 1.2kg",
    "WOW Price": 3,
    "WOW Size": "1.2kg",
    "WOW ppu": "$0.25 / 100G"
  },
  {
    "Brand_Product_Size": "Rufus & Coco Do Good Poo Bags & Holder each",
    "WOW Price": 9,
    "WOW Size": "each",
    "WOW ppu": "$9.00 / 1EA"
  },
  {
    "Brand_Product_Size": "Woolworths Asparagus Spears Tin 425g",
    "WOW Price": 2.5,
    "WOW Size": "425g",
    "WOW ppu": "$0.59 / 100G"
  },
  {
    "Brand_Product_Size": "Oakwood Shoe Glue 50mL",
    "WOW Price": 7.5,
    "WOW Size": "50mL",
    "WOW ppu": "$15.00 / 100ML"
  },
  {
    "Brand_Product_Size": "Neutrogena Rapid Wrinkle Repair Retinol Oil 30mL",
    "WOW Price": 43,
    "WOW Size": "30mL",
    "WOW ppu": "$143.33 / 100ML"
  },
  {
    "Brand_Product_Size": "Fancy Feast Adult Classic Salmon Feast Gravy Grilled Wet Cat Food 85g",
    "WOW Price": 1.45,
    "WOW Size": "85g",
    "WOW ppu": "$1.71 / 100G"
  },
  {
    "Brand_Product_Size": "Dove Nutritive Solutions Hair Conditioner Daily Moisture 320mL",
    "WOW Price": 4.9,
    "WOW Size": "320mL",
    "WOW ppu": "$1.53 / 100ML"
  },
  {
    "Brand_Product_Size": "Sanitarium Up&go Dairy Free Liquid Breakfast Choc Ice 12 pack",
    "WOW Price": 14,
    "WOW Size": "12 pack",
    "WOW ppu": "$0.47 / 100ML"
  },
  {
    "Brand_Product_Size": "Energizer Batteries 1632 2 pack",
    "WOW Price": 10,
    "WOW Size": "2 pack",
    "WOW ppu": "$5.00 / 1EA"
  },
  {
    "Brand_Product_Size": "Bertocchi Sopressa Salami Mild Sliced From The Deli per kg",
    "WOW Price": 26,
    "WOW Size": "per kg",
    "WOW ppu": "$26.00 / 1KG"
  },
  {
    "Brand_Product_Size": "Streets Magnum Dairy Free Sea Salt Caramel Sticks 3 pack",
    "WOW Price": 7,
    "WOW Size": "3 pack",
    "WOW ppu": "$2.59 / 100ML"
  },
  {
    "Brand_Product_Size": "Adesso Stainless Steel Kettle 1.7l each",
    "WOW Price": 27,
    "WOW Size": "each",
    "WOW ppu": ""
  },
  {
    "Brand_Product_Size": "Sabco Strong Grip Pegs 50 pack",
    "WOW Price": 6.25,
    "WOW Size": "50 pack",
    "WOW ppu": ""
  },
  {
    "Brand_Product_Size": "Mount Franklin Lightly Sparkling Raspberry 250mL x4 pack",
    "WOW Price": 5,
    "WOW Size": "250mL x4 pack",
    "WOW ppu": "$5.00 / 1L"
  },
  {
    "Brand_Product_Size": "Huggies Drynites Pyjama Pants 2-4yrs Boy 11 pack",
    "WOW Price": 12,
    "WOW Size": "11 pack",
    "WOW ppu": "$1.09 / 1EA"
  },
  {
    "Brand_Product_Size": "Maui Moisture Heal & Hydrate Shea Butter Shampoo 385mL",
    "WOW Price": 22,
    "WOW Size": "385mL",
    "WOW ppu": "$5.71 / 100ML"
  },
  {
    "Brand_Product_Size": "Woolworths Free From Gluten Vanilla Mini Smiles 8 pack",
    "WOW Price": 4,
    "WOW Size": "8 pack",
    "WOW ppu": "$2.17 / 100G"
  },
  {
    "Brand_Product_Size": "Woolworths Free From Gluten Vanilla Mini Smiles 8 pack",
    "WOW Price": 4,
    "WOW Size": "8 pack",
    "WOW ppu": "$2.17 / 100G"
  },
  {
    "Brand_Product_Size": "Redheads Classic Mega Value Block 64 pack",
    "WOW Price": 6.5,
    "WOW Size": "64 pack",
    "WOW ppu": "$0.10 / 1EA"
  },
  {
    "Brand_Product_Size": "Nicabate Chewing Gum 2mg 200 pack",
    "WOW Price": 40,
    "WOW Size": "200 pack",
    "WOW ppu": "$20.00 / 100EA"
  },
  {
    "Brand_Product_Size": "White King Premium Bleach Lemon 2.5L",
    "WOW Price": 4.25,
    "WOW Size": "2.5L",
    "WOW ppu": "$1.70 / 1L"
  },
  {
    "Brand_Product_Size": "White Glo Toothpaste 150g",
    "WOW Price": 3.17,
    "WOW Size": "150g",
    "WOW ppu": "$2.11 / 100G"
  },
  {
    "Brand_Product_Size": "Energizer Iphone Flat Cable Pink 1.2 Metre each",
    "WOW Price": 20,
    "WOW Size": "each",
    "WOW ppu": ""
  },
  {
    "Brand_Product_Size": "Sanitarium Up&go Liquid Breakfast Choc Ice 6 pack",
    "WOW Price": 9.7,
    "WOW Size": "6 pack",
    "WOW ppu": "$6.47 / 1L"
  },
  {
    "Brand_Product_Size": "Sanitarium Up&go Liquid Breakfast Choc Ice 6 pack",
    "WOW Price": 9.7,
    "WOW Size": "6 pack",
    "WOW ppu": "$6.47 / 1L"
  },
  {
    "Brand_Product_Size": "Crayola Mosaic Fun Activity Kit each",
    "WOW Price": 10,
    "WOW Size": "each",
    "WOW ppu": ""
  },
  {
    "Brand_Product_Size": "Exelpet Ezy-dose Dog Treatment Intestinal All Wormer 4 pack",
    "WOW Price": 21,
    "WOW Size": "4 pack",
    "WOW ppu": "$5.25 / 1EA"
  },
  {
    "Brand_Product_Size": "Jackson Led Push Lights 3 pack",
    "WOW Price": 10,
    "WOW Size": "3 pack",
    "WOW ppu": ""
  },
  {
    "Brand_Product_Size": "4 Legs Chicken With Vegetables Dog Meatballs 870g",
    "WOW Price": 6,
    "WOW Size": "870g",
    "WOW ppu": "$0.69 / 100G"
  },
  {
    "Brand_Product_Size": "Lian Vietnamese Pho Rice Noodle Beef 70g",
    "WOW Price": 2,
    "WOW Size": "70g",
    "WOW ppu": "$2.86 / 100G"
  },
  {
    "Brand_Product_Size": "Only Organic Mango Coconut & Quinoa 120g",
    "WOW Price": 1.5,
    "WOW Size": "120g",
    "WOW ppu": "$1.25 / 100G"
  },
  {
    "Brand_Product_Size": "Lynx Hair Styling Paste Messy Look 75mL",
    "WOW Price": 7,
    "WOW Size": "75mL",
    "WOW ppu": "$9.33 / 100ML"
  },
  {
    "Brand_Product_Size": "Uncle Tobys Oat Cups Honey Porridge 50g",
    "WOW Price": 1.8,
    "WOW Size": "50g",
    "WOW ppu": "$3.60 / 100G"
  },
  {
    "Brand_Product_Size": "Gillette Blue Ii Disposable Shaving Razor Ultra Grip Pivot 16 pack",
    "WOW Price": 13.5,
    "WOW Size": "16 pack",
    "WOW ppu": "$0.84 / 1EA"
  },
  {
    "Brand_Product_Size": "Olsent Led Filament Gls Es 6.5w 810lm 2 pack",
    "WOW Price": 10,
    "WOW Size": "2 pack",
    "WOW ppu": "$10.00 / 1EA"
  },
  {
    "Brand_Product_Size": "Woolworths Microwave Brown Rice 250g",
    "WOW Price": 1.5,
    "WOW Size": "250g",
    "WOW ppu": "$0.60 / 100G"
  },
  {
    "Brand_Product_Size": "Mint Nylon Spaghetti Fork each",
    "WOW Price": 4,
    "WOW Size": "each",
    "WOW ppu": ""
  },
  {
    "Brand_Product_Size": "Always Fresh Olives Spanish Black 450g",
    "WOW Price": 3.25,
    "WOW Size": "450g",
    "WOW ppu": "$7.22 / 1KG"
  },
  {
    "Brand_Product_Size": "Clonakilty Black Pudding 200g",
    "WOW Price": 7,
    "WOW Size": "200g",
    "WOW ppu": "$35.00 / 1KG"
  },
  {
    "Brand_Product_Size": "Paw Paw Fresh whoLe each",
    "WOW Price": 3.89,
    "WOW Size": "whoLe each",
    "WOW ppu": "$3.89 / 1EA"
  },
  {
    "Brand_Product_Size": "Macro Natural Brazil, Almond & Cashew Spread 250g",
    "WOW Price": 8,
    "WOW Size": "250g",
    "WOW ppu": "$3.20 / 100G"
  },
  {
    "Brand_Product_Size": "Kale, Pumpkin, Feta & Capsicum Quiche 2 pack",
    "WOW Price": 11,
    "WOW Size": "2 pack",
    "WOW ppu": "$3.06 / 100G"
  },
  {
    "Brand_Product_Size": "Moki Life Phone Grip each",
    "WOW Price": 10,
    "WOW Size": "each",
    "WOW ppu": ""
  },
  {
    "Brand_Product_Size": "Grenade Carb Killa High Protein Bar Caramel Chaos 60g",
    "WOW Price": 4,
    "WOW Size": "60g",
    "WOW ppu": "$6.67 / 100G"
  },
  {
    "Brand_Product_Size": "Mcobeauty Wing Stamp & Liquid Liner Duo 3mL",
    "WOW Price": 7,
    "WOW Size": "3mL",
    "WOW ppu": "$23.33 / 10ML"
  },
  {
    "Brand_Product_Size": "L'oreal Paris Revitalift Filler Serum 30mL",
    "WOW Price": 27,
    "WOW Size": "30mL",
    "WOW ppu": "$90.00 / 100ML"
  },
  {
    "Brand_Product_Size": "Helios French Manicure Pink Nail Medium 24 pack",
    "WOW Price": 6.5,
    "WOW Size": "24 pack",
    "WOW ppu": "$0.27 / 1EA"
  },
  {
    "Brand_Product_Size": "Vittoria Ground Coffee Italian Blend 1kg",
    "WOW Price": 19,
    "WOW Size": "1kg",
    "WOW ppu": "$1.90 / 100G"
  },
  {
    "Brand_Product_Size": "Vittoria Ground Coffee Italian Blend 1kg",
    "WOW Price": 19,
    "WOW Size": "1kg",
    "WOW ppu": "$1.90 / 100G"
  },
  {
    "Brand_Product_Size": "Paws Fresh Pet Diced Chicken 600g",
    "WOW Price": 5,
    "WOW Size": "600g",
    "WOW ppu": "$0.83 / 100G"
  },
  {
    "Brand_Product_Size": "Kinder Surprise Chocolate Egg Blue 20g",
    "WOW Price": 2.2,
    "WOW Size": "20g",
    "WOW ppu": "$11.00 / 100G"
  },
  {
    "Brand_Product_Size": "Original Juice Grapefruit Juice 1.5L",
    "WOW Price": 5.65,
    "WOW Size": "1.5L",
    "WOW ppu": "$3.77 / 1L"
  },
  {
    "Brand_Product_Size": "Chevron Extension Lead 10m 10amps each",
    "WOW Price": 10,
    "WOW Size": "each",
    "WOW ppu": ""
  },
  {
    "Brand_Product_Size": "Hercules Sustain 60% Plant Based Kitchen Tidy Bag Large 20 pack",
    "WOW Price": 4,
    "WOW Size": "20 pack",
    "WOW ppu": "$0.20 / 1EA"
  },
  {
    "Brand_Product_Size": "Mccain Beer Batter Chips Shoestring 750g",
    "WOW Price": 3,
    "WOW Size": "750g",
    "WOW ppu": "$4.00 / 1KG"
  },
  {
    "Brand_Product_Size": "Baby U Bamboo Tumbler each",
    "WOW Price": 5.6,
    "WOW Size": "each",
    "WOW ppu": "$5.60 / 1EA"
  },
  {
    "Brand_Product_Size": "Buderim Ginger & Lemongrass Cordial 750mL",
    "WOW Price": 4,
    "WOW Size": "750mL",
    "WOW ppu": "$5.33 / 1L"
  },
  {
    "Brand_Product_Size": "Bubs Goat Stage 3 Formula Stage 3 800g",
    "WOW Price": 38,
    "WOW Size": "800g",
    "WOW ppu": "$4.75 / 100G"
  },
  {
    "Brand_Product_Size": "Glade Candle Angel Whispers 96g",
    "WOW Price": 6,
    "WOW Size": "96g",
    "WOW ppu": "$6.00 / 1EA"
  },
  {
    "Brand_Product_Size": "Twinings Infuse Rose Lemonade 12 pack",
    "WOW Price": 5,
    "WOW Size": "12 pack",
    "WOW ppu": "$0.42 / 1EA"
  },
  {
    "Brand_Product_Size": "Twinings Infuse Rose Lemonade 12 pack",
    "WOW Price": 5,
    "WOW Size": "12 pack",
    "WOW ppu": "$0.42 / 1EA"
  },
  {
    "Brand_Product_Size": "Stevia Sweet Tablets 220 pack",
    "WOW Price": 8,
    "WOW Size": "220 pack",
    "WOW ppu": "$0.04 / 1EA"
  },
  {
    "Brand_Product_Size": "Total Care Dog Shampoo Medicated Relief 350mL",
    "WOW Price": 14,
    "WOW Size": "350mL",
    "WOW ppu": "$4.00 / 100ML"
  },
  {
    "Brand_Product_Size": "Masterfoods Lemon Pepper Seasoning 170mL",
    "WOW Price": 4.9,
    "WOW Size": "170mL",
    "WOW ppu": "$0.29 / 10G"
  },
  {
    "Brand_Product_Size": "Radiant Advanced + Cleans & Softens 5-in-1 Laundry Powder 1.8kg",
    "WOW Price": 9.75,
    "WOW Size": "1.8kg",
    "WOW ppu": "$5.42 / 1KG"
  },
  {
    "Brand_Product_Size": "Peck's Anchovette Spread 125g",
    "WOW Price": 2.8,
    "WOW Size": "125g",
    "WOW ppu": "$2.24 / 100G"
  },
  {
    "Brand_Product_Size": "Woolworths Butterscotch 225g",
    "WOW Price": 2,
    "WOW Size": "225g",
    "WOW ppu": "$0.89 / 100G"
  },
  {
    "Brand_Product_Size": "Woolworths Apple & Strawberry Puree In Pouch 90g",
    "WOW Price": 0.95,
    "WOW Size": "90g",
    "WOW ppu": "$10.56 / 1KG"
  },
  {
    "Brand_Product_Size": "Woolworths Pepper Grinder Black Peppercorn 50g",
    "WOW Price": 2.95,
    "WOW Size": "50g",
    "WOW ppu": "$0.59 / 10G"
  },
  {
    "Brand_Product_Size": "Mitchum Women's Roll On Shower Fresh Antiperspirant & Deodorant 50mL",
    "WOW Price": 3.8,
    "WOW Size": "50mL",
    "WOW ppu": "$7.60 / 100ML"
  },
  {
    "Brand_Product_Size": "Woolworths Madeira Cake 450g",
    "WOW Price": 2.5,
    "WOW Size": "450g",
    "WOW ppu": "$0.56 / 100G"
  },
  {
    "Brand_Product_Size": "Woolworths Smiling Tums 6 Months+ Apple & Strawberry Custard 120g",
    "WOW Price": 1,
    "WOW Size": "120g",
    "WOW ppu": "$0.83 / 100G"
  },
  {
    "Brand_Product_Size": "Tommee Tippee Weighted Straw Cup 240ml Assorted each",
    "WOW Price": 9.1,
    "WOW Size": "each",
    "WOW ppu": "$9.10 / 1EA"
  },
  {
    "Brand_Product_Size": "Bonds Baby Classic Crawler Legging Girl Size 6-12m each",
    "WOW Price": 7.2,
    "WOW Size": "each",
    "WOW ppu": "$7.20 / 1EA"
  },
  {
    "Brand_Product_Size": "Odor Eaters Shoe Care Foot Powder 100g",
    "WOW Price": 7.5,
    "WOW Size": "100g",
    "WOW ppu": "$7.50 / 100G"
  },
  {
    "Brand_Product_Size": "Selleys Sugar Soap Liquid 750mL",
    "WOW Price": 4.25,
    "WOW Size": "750mL",
    "WOW ppu": "$0.57 / 100ML"
  },
  {
    "Brand_Product_Size": "K R Castlemaine Hungarian Salami Mild Sliced From The Deli per kg",
    "WOW Price": 31.5,
    "WOW Size": "per kg",
    "WOW ppu": "$31.50 / 1KG"
  },
  {
    "Brand_Product_Size": "Moccona Freeze Dried Instant Coffee Rich 200g",
    "WOW Price": 11,
    "WOW Size": "200g",
    "WOW ppu": "$5.50 / 100G"
  },
  {
    "Brand_Product_Size": "Moccona Freeze Dried Instant Coffee Rich 200g",
    "WOW Price": 11,
    "WOW Size": "200g",
    "WOW ppu": "$5.50 / 100G"
  },
  {
    "Brand_Product_Size": "Portion Ling Skinned & Boned Thawed per kg",
    "WOW Price": 15,
    "WOW Size": "per kg",
    "WOW ppu": "$15.00 / 1KG"
  },
  {
    "Brand_Product_Size": "Schweppes Lemonade Zero Sugar 1.1L",
    "WOW Price": 1.25,
    "WOW Size": "1.1L",
    "WOW ppu": "$1.14 / 1L"
  },
  {
    "Brand_Product_Size": "Oak Mini Shake Chocolate 250mL",
    "WOW Price": 2.1,
    "WOW Size": "250mL",
    "WOW ppu": "$8.40 / 1L"
  },
  {
    "Brand_Product_Size": "Sukin Botanical Body Wash Eucalyptus & Tea Tree 500mL",
    "WOW Price": 8,
    "WOW Size": "500mL",
    "WOW ppu": "$1.60 / 100ML"
  },
  {
    "Brand_Product_Size": "Herbal Essences Bio Renew Conditioner Revitalise Blue Ginger 400mL",
    "WOW Price": 6,
    "WOW Size": "400mL",
    "WOW ppu": "$1.50 / 100ML"
  },
  {
    "Brand_Product_Size": "Primo Frankfurts Slim 1kg",
    "WOW Price": 6.5,
    "WOW Size": "1kg",
    "WOW ppu": "$6.50 / 1KG"
  },
  {
    "Brand_Product_Size": "Lucky Kitchen Prawn Gyoza 750g",
    "WOW Price": 9.5,
    "WOW Size": "750g",
    "WOW ppu": "$1.27 / 100G"
  },
  {
    "Brand_Product_Size": "Magnum Luxe Gold Caramelised Chocolate 4 pack",
    "WOW Price": 10.5,
    "WOW Size": "4 pack",
    "WOW ppu": "$2.92 / 100ML"
  },
  {
    "Brand_Product_Size": "Redwin Handwash Refill 750mL",
    "WOW Price": 5.39,
    "WOW Size": "750mL",
    "WOW ppu": "$0.72 / 100ML"
  },
  {
    "Brand_Product_Size": "Trang's Pastry Spring Roll Sheets 300g",
    "WOW Price": 2.3,
    "WOW Size": "300g",
    "WOW ppu": "$0.77 / 100G"
  },
  {
    "Brand_Product_Size": "Bulla Mini Splits Tropical & Raspberry 14 pack",
    "WOW Price": 7,
    "WOW Size": "14 pack",
    "WOW ppu": "$1.25 / 100ML"
  },
  {
    "Brand_Product_Size": "Vetta Rural Aid Spirals Pasta 500g",
    "WOW Price": 1.8,
    "WOW Size": "500g",
    "WOW ppu": "$0.36 / 100G"
  },
  {
    "Brand_Product_Size": "Rite Aid Nursing Pads 40 pack",
    "WOW Price": 7,
    "WOW Size": "40 pack",
    "WOW ppu": "$0.18 / 1EA"
  },
  {
    "Brand_Product_Size": "Breaka Iced Coffee 6x250mL",
    "WOW Price": 5.7,
    "WOW Size": "6x250mL",
    "WOW ppu": "$3.80 / 1L"
  },
  {
    "Brand_Product_Size": "Cadbury Roses Chocolate Gift Pouch 150g",
    "WOW Price": 6.5,
    "WOW Size": "150g",
    "WOW ppu": "$4.33 / 100G"
  },
  {
    "Brand_Product_Size": "Rimmel Oh My Gloss Glossaholic 6.5mL",
    "WOW Price": 7,
    "WOW Size": "6.5mL",
    "WOW ppu": "$10.77 / 10ML"
  },
  {
    "Brand_Product_Size": "Woolworths Lightly Sparkling Lime Water 1.25L",
    "WOW Price": 1.35,
    "WOW Size": "1.25L",
    "WOW ppu": "$1.08 / 1L"
  },
  {
    "Brand_Product_Size": "Woolworths Mint Choc Crunch Ice Cream 4 pack",
    "WOW Price": 3.8,
    "WOW Size": "4 pack",
    "WOW ppu": "$0.95 / 100ML"
  },
  {
    "Brand_Product_Size": "Glade Sense & Spray Automatic Freshener Hawaiian Breeze 12g",
    "WOW Price": 9,
    "WOW Size": "12g",
    "WOW ppu": "$7.38 / 10G"
  },
  {
    "Brand_Product_Size": "Connoisseur Gourmet Ice Cream Mini Cookies & Cream Sticks 6 pack",
    "WOW Price": 6,
    "WOW Size": "6 pack",
    "WOW ppu": "$1.67 / 100ML"
  },
  {
    "Brand_Product_Size": "Chupa Chups Strawberry Melody Pop 15g",
    "WOW Price": 0.6,
    "WOW Size": "15g",
    "WOW ppu": "$4.00 / 100G"
  },
  {
    "Brand_Product_Size": "Body Science High Protein Low Carb Bar Cookie Dough 60g",
    "WOW Price": 4,
    "WOW Size": "60g",
    "WOW ppu": "$6.67 / 100G"
  },
  {
    "Brand_Product_Size": "Olay Complete Moisturiser Lotion Uv Protection Normal/dry Spf15 150mL",
    "WOW Price": 10.5,
    "WOW Size": "150mL",
    "WOW ppu": "$7.00 / 100ML"
  },
  {
    "Brand_Product_Size": "Little Wishes Weaning Spoons 5 pack",
    "WOW Price": 2.5,
    "WOW Size": "5 pack",
    "WOW ppu": "$0.50 / 1EA"
  },
  {
    "Brand_Product_Size": "Ambi Pur Plug In Air Freshener Refill Linen & Sky 20mL",
    "WOW Price": 7.5,
    "WOW Size": "20mL",
    "WOW ppu": "$3.75 / 10ML"
  },
  {
    "Brand_Product_Size": "D3 Strapping Tape Rigid 13.7m each",
    "WOW Price": 10,
    "WOW Size": "13.7m each",
    "WOW ppu": "$10.00 / 1EA"
  },
  {
    "Brand_Product_Size": "Thankyou. Exfoliating Hand Wash Botanical Cedarwood 250mL",
    "WOW Price": 4.2,
    "WOW Size": "250mL",
    "WOW ppu": "$1.68 / 100ML"
  },
  {
    "Brand_Product_Size": "Woolworths Free From Gluten Chocolate Scotch Finger 160g",
    "WOW Price": 2.7,
    "WOW Size": "160g",
    "WOW ppu": "$1.69 / 100G"
  },
  {
    "Brand_Product_Size": "Uncle Tobys Rolled Oats Quick Sachets Apple & Cinnamon 10 pack",
    "WOW Price": 5,
    "WOW Size": "10 pack",
    "WOW ppu": "$1.43 / 100G"
  },
  {
    "Brand_Product_Size": "Macro Organic Chicken Breast Fillet 330g - 650g",
    "WOW Price": 20.48,
    "WOW Size": "330g - 650g",
    "WOW ppu": "$31.50 / 1KG"
  },
  {
    "Brand_Product_Size": "Essentials Plastic Tumblers Small 25 pack",
    "WOW Price": 2,
    "WOW Size": "25 pack",
    "WOW ppu": "$0.08 / 1EA"
  },
  {
    "Brand_Product_Size": "Urbane Mess Beard Maintenance Kit each",
    "WOW Price": 15,
    "WOW Size": "each",
    "WOW ppu": "$15.00 / 1EA"
  },
  {
    "Brand_Product_Size": "Uhu Glue Stick Strong & Safe 7ml each",
    "WOW Price": 4.25,
    "WOW Size": "each",
    "WOW ppu": ""
  },
  {
    "Brand_Product_Size": "Revlon Colorstay Eye Liner Black Brown 0.28g",
    "WOW Price": 12,
    "WOW Size": "0.28g",
    "WOW ppu": "$428.57 / 10G"
  },
  {
    "Brand_Product_Size": "Piksters Comfort Grip Plastic Free Toothbrush each",
    "WOW Price": 4.5,
    "WOW Size": "each",
    "WOW ppu": "$4.50 / 1EA"
  },
  {
    "Brand_Product_Size": "Clearly Premium Octopus 200g",
    "WOW Price": 13,
    "WOW Size": "200g",
    "WOW ppu": "$65.00 / 1KG"
  },
  {
    "Brand_Product_Size": "Don Hot Hungarian Salami 180g",
    "WOW Price": 6.4,
    "WOW Size": "180g",
    "WOW ppu": "$35.56 / 1KG"
  },
  {
    "Brand_Product_Size": "L'oreal Volume Million Lashes Mascara Black 9mL",
    "WOW Price": 12.5,
    "WOW Size": "9mL",
    "WOW ppu": "$13.89 / 10ML"
  },
  {
    "Brand_Product_Size": "Tena Pants For Women Large 8 pack",
    "WOW Price": 8.75,
    "WOW Size": "8 pack",
    "WOW ppu": "$1.09 / 1EA"
  },
  {
    "Brand_Product_Size": "Manicare Cuticle Scissors Curved each",
    "WOW Price": 6.37,
    "WOW Size": "each",
    "WOW ppu": ""
  },
  {
    "Brand_Product_Size": "Evergreen La Mein Noodle 500g",
    "WOW Price": 2.5,
    "WOW Size": "500g",
    "WOW ppu": "$5.00 / 1KG"
  },
  {
    "Brand_Product_Size": "Woolworths Classic Coleslaw 110g",
    "WOW Price": 2,
    "WOW Size": "110g",
    "WOW ppu": "$1.82 / 100G"
  },
  {
    "Brand_Product_Size": "Woolworths Classic Coleslaw 110g",
    "WOW Price": 2,
    "WOW Size": "110g",
    "WOW ppu": "$1.82 / 100G"
  },
  {
    "Brand_Product_Size": "Voeu Cleansing Cream Wash Dry & Sensitive Skin 150mL",
    "WOW Price": 4,
    "WOW Size": "150mL",
    "WOW ppu": "$2.67 / 100ML"
  },
  {
    "Brand_Product_Size": "Underworks Ladies Secret Sock Assorted Colours 5 pack",
    "WOW Price": 10,
    "WOW Size": "5 pack",
    "WOW ppu": ""
  },
  {
    "Brand_Product_Size": "Waxworks Citronella Natural Mozzie Oil Burner Assorted each",
    "WOW Price": 13,
    "WOW Size": "each",
    "WOW ppu": "$13.00 / 1EA"
  },
  {
    "Brand_Product_Size": "Manicare Nail Shaper 175mm 397 2 pack",
    "WOW Price": 3.05,
    "WOW Size": "2 pack",
    "WOW ppu": ""
  },
  {
    "Brand_Product_Size": "Elastoplast Flexible Fabric Strips 40 pack",
    "WOW Price": 4.5,
    "WOW Size": "40 pack",
    "WOW ppu": "$0.11 / 1EA"
  },
  {
    "Brand_Product_Size": "Hoyt's Paprika Sweet 190g",
    "WOW Price": 3.8,
    "WOW Size": "190g",
    "WOW ppu": "$0.20 / 10G"
  },
  {
    "Brand_Product_Size": "Balnea Premium Body Lotion Sicilian Citrus & Mandarin 500mL",
    "WOW Price": 7.5,
    "WOW Size": "500mL",
    "WOW ppu": "$1.50 / 100ML"
  },
  {
    "Brand_Product_Size": "Connoisseur Murray River Salted Caramel Macadamia 4 pack",
    "WOW Price": 6,
    "WOW Size": "4 pack",
    "WOW ppu": "$1.32 / 100ML"
  },
  {
    "Brand_Product_Size": "Nerf Infinity Dog Toy Tug each",
    "WOW Price": 10.5,
    "WOW Size": "each",
    "WOW ppu": "$10.50 / 1EA"
  },
  {
    "Brand_Product_Size": "Gillette Foam Sensitive Skin 333g",
    "WOW Price": 4.6,
    "WOW Size": "333g",
    "WOW ppu": "$1.38 / 100G"
  },
  {
    "Brand_Product_Size": "Always Fresh Crustini Crispbread Rosemary & Sea Salt 125g",
    "WOW Price": 3.7,
    "WOW Size": "125g",
    "WOW ppu": "$2.96 / 100G"
  },
  {
    "Brand_Product_Size": "Rafferty's Garden My First Pear 4+months 120g",
    "WOW Price": 1.65,
    "WOW Size": "120g",
    "WOW ppu": "$1.38 / 100G"
  },
  {
    "Brand_Product_Size": "Baby Bellies Smoothie Bowl Banana, Apple & Oats 110g",
    "WOW Price": 2.25,
    "WOW Size": "110g",
    "WOW ppu": "$2.05 / 100G"
  },
  {
    "Brand_Product_Size": "Liquid-plumr Drain Hair Clog Eliminator 473mL",
    "WOW Price": 12,
    "WOW Size": "473mL",
    "WOW ppu": "$2.54 / 100ML"
  },
  {
    "Brand_Product_Size": "Olay Luminous Hyaluronic Serum 30mL",
    "WOW Price": 42,
    "WOW Size": "30mL",
    "WOW ppu": "$140.00 / 100ML"
  },
  {
    "Brand_Product_Size": "Adesso 5 Cup Rice Cooker each",
    "WOW Price": 20,
    "WOW Size": "each",
    "WOW ppu": ""
  },
  {
    "Brand_Product_Size": "Nivea Soft Travel Mini Moisturiser Lotion Vitamin E & Jojoba 50mL",
    "WOW Price": 3,
    "WOW Size": "50mL",
    "WOW ppu": "$6.00 / 100ML"
  },
  {
    "Brand_Product_Size": "Carman's Cranberry Apple & Roasted Nut Crunchy Clusters 500g",
    "WOW Price": 5,
    "WOW Size": "500g",
    "WOW ppu": "$1.00 / 100G"
  },
  {
    "Brand_Product_Size": "Air Wick Life Scents Mystical Garden Reed 30mL",
    "WOW Price": 9.6,
    "WOW Size": "30mL",
    "WOW ppu": "$3.20 / 10ML"
  },
  {
    "Brand_Product_Size": "Oral-b Stages Kids Power Toothbrush each",
    "WOW Price": 45,
    "WOW Size": "each",
    "WOW ppu": "$45.00 / 1EA"
  },
  {
    "Brand_Product_Size": "Streets Cornetto Mini Vanilla With Hazelnuts 8 pack",
    "WOW Price": 6,
    "WOW Size": "8 pack",
    "WOW ppu": "$1.25 / 100ML"
  },
  {
    "Brand_Product_Size": "L'oreal Men Expert Barber Club Beard & Skin Oil 30mL",
    "WOW Price": 11.4,
    "WOW Size": "30mL",
    "WOW ppu": "$38.00 / 100ML"
  },
  {
    "Brand_Product_Size": "Tilly's Silky Salt Caramel Frozen Dessert 475mL",
    "WOW Price": 8,
    "WOW Size": "475mL",
    "WOW ppu": "$1.68 / 100ML"
  },
  {
    "Brand_Product_Size": "Listerine Fresh Burst Mouthwash 500mL",
    "WOW Price": 7.5,
    "WOW Size": "500mL",
    "WOW ppu": "$1.50 / 100ML"
  },
  {
    "Brand_Product_Size": "Homebrand Gloves Large 2 pack",
    "WOW Price": 1.25,
    "WOW Size": "2 pack",
    "WOW ppu": "$0.63 / 1EA"
  },
  {
    "Brand_Product_Size": "Farex Baby Food 9 Months Muesli With Apple 150g",
    "WOW Price": 3,
    "WOW Size": "150g",
    "WOW ppu": "$2.00 / 100G"
  },
  {
    "Brand_Product_Size": "Ingham's Super Crunch Crumbed Chicken Breast 350g",
    "WOW Price": 7,
    "WOW Size": "350g",
    "WOW ppu": "$20.00 / 1KG"
  },
  {
    "Brand_Product_Size": "Swisse Manuka Honey Daily Glow Foaming Cleanser 120mL",
    "WOW Price": 6.5,
    "WOW Size": "120mL",
    "WOW ppu": "$5.42 / 100ML"
  },
  {
    "Brand_Product_Size": "Revlon Ultra Hd Vinyl Lip Polish Birthday Suit 5.9mL",
    "WOW Price": 12.5,
    "WOW Size": "5.9mL",
    "WOW ppu": "$21.19 / 10ML"
  },
  {
    "Brand_Product_Size": "Purina Pixar Mike Wazowski Dog Toy each",
    "WOW Price": 17,
    "WOW Size": "each",
    "WOW ppu": "$17.00 / 1EA"
  },
  {
    "Brand_Product_Size": "No Vac Sanitiser & Deodoriser Carpet Garden Breeze 290g",
    "WOW Price": 4.9,
    "WOW Size": "290g",
    "WOW ppu": "$1.69 / 100G"
  },
  {
    "Brand_Product_Size": "Garnier Pure Charcoal Tissue Face Mask Black Algae each",
    "WOW Price": 3.55,
    "WOW Size": "each",
    "WOW ppu": "$12.68 / 100G"
  },
  {
    "Brand_Product_Size": "Sanitarium So Good Chilled Original Almond Milk 1L",
    "WOW Price": 3.85,
    "WOW Size": "1L",
    "WOW ppu": "$3.85 / 1L"
  },
  {
    "Brand_Product_Size": "Mum Anti Perspirant Deodorant Dry Cool Pink All Day 50mL",
    "WOW Price": 2.5,
    "WOW Size": "50mL",
    "WOW ppu": "$5.00 / 100ML"
  },
  {
    "Brand_Product_Size": "Batchelors Mushy Peas Canned Original 300g",
    "WOW Price": 2,
    "WOW Size": "300g",
    "WOW ppu": "$0.67 / 100G"
  },
  {
    "Brand_Product_Size": "Rit Dyes Liquid Black 236mL",
    "WOW Price": 10.75,
    "WOW Size": "236mL",
    "WOW ppu": "$45.55 / 1L"
  },
  {
    "Brand_Product_Size": "Olay Luminous Super Serum Niacinamide Plus Vitimin C 30mL",
    "WOW Price": 42,
    "WOW Size": "30mL",
    "WOW ppu": "$140.00 / 100ML"
  },
  {
    "Brand_Product_Size": "Slendier Pasta Fettuccine Style Organic 400g",
    "WOW Price": 3.9,
    "WOW Size": "400g",
    "WOW ppu": "$0.98 / 100G"
  },
  {
    "Brand_Product_Size": "Essano Blonde Purple Conditioner 300mL",
    "WOW Price": 16,
    "WOW Size": "300mL",
    "WOW ppu": "$5.33 / 100ML"
  },
  {
    "Brand_Product_Size": "Ice Break Extra Shot 750mL",
    "WOW Price": 4.15,
    "WOW Size": "750mL",
    "WOW ppu": "$5.53 / 1L"
  },
  {
    "Brand_Product_Size": "Mcobeauty False Lashes Pre-glued each",
    "WOW Price": 7.5,
    "WOW Size": "each",
    "WOW ppu": "$7.50 / 1EA"
  },
  {
    "Brand_Product_Size": "Bonds Kids Logo Low Cut Socks Size 2-4 Assorted 2 pack",
    "WOW Price": 5.4,
    "WOW Size": "2 pack",
    "WOW ppu": ""
  },
  {
    "Brand_Product_Size": "Voeu Age Regenerate Anti-ageing Night Moisturiser 50mL",
    "WOW Price": 7,
    "WOW Size": "50mL",
    "WOW ppu": "$14.00 / 100ML"
  },
  {
    "Brand_Product_Size": "Ingham's Chicken Necks 1kg",
    "WOW Price": 5.5,
    "WOW Size": "1kg",
    "WOW ppu": "$5.50 / 1KG"
  },
  {
    "Brand_Product_Size": "South Cape Sweet Chilli Cream Cheese 200g",
    "WOW Price": 4.6,
    "WOW Size": "200g",
    "WOW ppu": "$23.00 / 1KG"
  },
  {
    "Brand_Product_Size": "South Cape Sweet Chilli Cream Cheese 200g",
    "WOW Price": 4.6,
    "WOW Size": "200g",
    "WOW ppu": "$23.00 / 1KG"
  },
  {
    "Brand_Product_Size": "Sistema Storage With Lid 40l each",
    "WOW Price": 22,
    "WOW Size": "each",
    "WOW ppu": ""
  },
  {
    "Brand_Product_Size": "Rafferty's Garden Food 4 Months+ Banana, Pear & Mango 120g",
    "WOW Price": 1.65,
    "WOW Size": "120g",
    "WOW ppu": "$1.38 / 100G"
  },
  {
    "Brand_Product_Size": "Taylors Of Harrogate Yorkshire Extra Strong Tea Bags 100 pack",
    "WOW Price": 6,
    "WOW Size": "100 pack",
    "WOW ppu": "$0.06 / 1EA"
  },
  {
    "Brand_Product_Size": "Taylors Of Harrogate Yorkshire Extra Strong Tea Bags 100 pack",
    "WOW Price": 6,
    "WOW Size": "100 pack",
    "WOW ppu": "$0.06 / 1EA"
  },
  {
    "Brand_Product_Size": "Gm Housebrand Paint Your Own Painting Set Unicorn / Mermaid each",
    "WOW Price": 6,
    "WOW Size": "each",
    "WOW ppu": ""
  },
  {
    "Brand_Product_Size": "Peters Maxibon Honeycomb Honeycomb 620mL",
    "WOW Price": 5,
    "WOW Size": "620mL",
    "WOW ppu": "$0.81 / 100ML"
  },
  {
    "Brand_Product_Size": "Tampax Compak Pearl Super 18 pack",
    "WOW Price": 6.35,
    "WOW Size": "18 pack",
    "WOW ppu": "$0.35 / 1EA"
  },
  {
    "Brand_Product_Size": "Golden Circle Tropical Punch Fruit Drink 1L",
    "WOW Price": 2.25,
    "WOW Size": "1L",
    "WOW ppu": "$2.25 / 1L"
  },
  {
    "Brand_Product_Size": "Kellogg's All-bran Wheat Flakes Breakfast Cereal 330g",
    "WOW Price": 3.35,
    "WOW Size": "330g",
    "WOW ppu": "$1.02 / 100G"
  },
  {
    "Brand_Product_Size": "Macro Organic Passata 700g",
    "WOW Price": 2.15,
    "WOW Size": "700g",
    "WOW ppu": "$0.31 / 100G"
  },
  {
    "Brand_Product_Size": "Chobani Limited Batch Pouch 140g",
    "WOW Price": 1.5,
    "WOW Size": "140g",
    "WOW ppu": "$1.07 / 100G"
  },
  {
    "Brand_Product_Size": "Dove Beauty Soap Bar Exfoliating 4x100g",
    "WOW Price": 4.4,
    "WOW Size": "4x100g",
    "WOW ppu": "$1.10 / 100G"
  },
  {
    "Brand_Product_Size": "Uhu Tac White each",
    "WOW Price": 2.2,
    "WOW Size": "each",
    "WOW ppu": ""
  },
  {
    "Brand_Product_Size": "Woolworths Smiling Tums 6 Months+ Beef & Vegetables 120g",
    "WOW Price": 1,
    "WOW Size": "120g",
    "WOW ppu": "$0.83 / 100G"
  },
  {
    "Brand_Product_Size": "Green's Cake Mix Traditional Sultana 340g",
    "WOW Price": 2.75,
    "WOW Size": "340g",
    "WOW ppu": "$0.81 / 100G"
  },
  {
    "Brand_Product_Size": "Medichoice Eucalyptus Oil 175mL",
    "WOW Price": 14,
    "WOW Size": "175mL",
    "WOW ppu": "$8.00 / 100ML"
  },
  {
    "Brand_Product_Size": "Woolworths Mascarpone Cheese 250g",
    "WOW Price": 4,
    "WOW Size": "250g",
    "WOW ppu": "$16.00 / 1KG"
  },
  {
    "Brand_Product_Size": "Woolworths Mascarpone Cheese 250g",
    "WOW Price": 4,
    "WOW Size": "250g",
    "WOW ppu": "$16.00 / 1KG"
  },
  {
    "Brand_Product_Size": "Toscano Classic Brioche Rolls 280g",
    "WOW Price": 5,
    "WOW Size": "280g",
    "WOW ppu": "$1.79 / 100G"
  },
  {
    "Brand_Product_Size": "Bonds Bloody Comfy Period Full Brief Heavy Days Size 12 each",
    "WOW Price": 18.75,
    "WOW Size": "each",
    "WOW ppu": "$18.75 / 1EA"
  },
  {
    "Brand_Product_Size": "Glow Lab Repairing Shampoo 600mL",
    "WOW Price": 30,
    "WOW Size": "600mL",
    "WOW ppu": "$5.00 / 100ML"
  },
  {
    "Brand_Product_Size": "Dr Pepper Cola Drinks 330mL",
    "WOW Price": 2.35,
    "WOW Size": "330mL",
    "WOW ppu": "$7.12 / 1L"
  },
  {
    "Brand_Product_Size": "Macro Organic Cacao Nibs Cacao Nibs 250g",
    "WOW Price": 5.5,
    "WOW Size": "250g",
    "WOW ppu": "$2.20 / 100G"
  },
  {
    "Brand_Product_Size": "Listerine Cherry Blossom & Peach Mouthwash 500mL",
    "WOW Price": 6,
    "WOW Size": "500mL",
    "WOW ppu": "$1.20 / 100ML"
  },
  {
    "Brand_Product_Size": "Clean Laundry Collection Laundry Hamper each",
    "WOW Price": 12,
    "WOW Size": "each",
    "WOW ppu": ""
  },
  {
    "Brand_Product_Size": "Tasmanian Heritage Double Brie Cheese Snack 80g",
    "WOW Price": 3.5,
    "WOW Size": "80g",
    "WOW ppu": "$43.75 / 1KG"
  },
  {
    "Brand_Product_Size": "Tasmanian Heritage Double Brie Cheese Snack 80g",
    "WOW Price": 3.5,
    "WOW Size": "80g",
    "WOW ppu": "$43.75 / 1KG"
  },
  {
    "Brand_Product_Size": "Masterfoods Garlic & Herb Salt 62g",
    "WOW Price": 2.3,
    "WOW Size": "62g",
    "WOW ppu": "$0.37 / 10G"
  },
  {
    "Brand_Product_Size": "Edco Scourer Scrubber Pool Bath 1 pack",
    "WOW Price": 3,
    "WOW Size": "1 pack",
    "WOW ppu": ""
  },
  {
    "Brand_Product_Size": "Spc Spaghetti Rich Tomato Sauce 420g",
    "WOW Price": 1.4,
    "WOW Size": "420g",
    "WOW ppu": "$0.33 / 100G"
  },
  {
    "Brand_Product_Size": "Scitec Nutrition 100% Whey Protein Chocolate 30g",
    "WOW Price": 2,
    "WOW Size": "30g",
    "WOW ppu": "$6.67 / 100G"
  },
  {
    "Brand_Product_Size": "Kellogg's Hershey's Chocolatey Bites Cereal 380g",
    "WOW Price": 3.25,
    "WOW Size": "380g",
    "WOW ppu": "$0.86 / 100G"
  },
  {
    "Brand_Product_Size": "Macro Dry Roasted & Salted Cashews Nuts 500g",
    "WOW Price": 15,
    "WOW Size": "500g",
    "WOW ppu": "$30.00 / 1KG"
  },
  {
    "Brand_Product_Size": "Natures Organics Turning Point 2-in-1 Normal 400mL",
    "WOW Price": 2.85,
    "WOW Size": "400mL",
    "WOW ppu": "$0.71 / 100ML"
  },
  {
    "Brand_Product_Size": "Lolly Go Round Round Sour Worms 170g",
    "WOW Price": 2,
    "WOW Size": "170g",
    "WOW ppu": "$1.18 / 100G"
  },
  {
    "Brand_Product_Size": "Mildura Apple Guava Fruit Drink 500mL",
    "WOW Price": 2.15,
    "WOW Size": "500mL",
    "WOW ppu": "$4.30 / 1L"
  },
  {
    "Brand_Product_Size": "Select Continental Cucumbers each",
    "WOW Price": 1.5,
    "WOW Size": "each",
    "WOW ppu": ""
  },
  {
    "Brand_Product_Size": "Select Continental Cucumbers each",
    "WOW Price": 1.5,
    "WOW Size": "each",
    "WOW ppu": ""
  },
  {
    "Brand_Product_Size": "Ixl Strawberry Jam 50% Less Sugar 220g",
    "WOW Price": 2,
    "WOW Size": "220g",
    "WOW ppu": "$0.91 / 100G"
  },
  {
    "Brand_Product_Size": "Bega Tasty Cheese Block Tasty 750g",
    "WOW Price": 10,
    "WOW Size": "750g",
    "WOW ppu": "$13.33 / 1KG"
  },
  {
    "Brand_Product_Size": "Paperclick Cardboard Expanding File each",
    "WOW Price": 10,
    "WOW Size": "each",
    "WOW ppu": ""
  },
  {
    "Brand_Product_Size": "Pilpel Hummus 200g",
    "WOW Price": 5,
    "WOW Size": "200g",
    "WOW ppu": "$2.50 / 100G"
  },
  {
    "Brand_Product_Size": "Pilpel Hummus 200g",
    "WOW Price": 5,
    "WOW Size": "200g",
    "WOW ppu": "$2.50 / 100G"
  },
  {
    "Brand_Product_Size": "Dove Nourishing Care Body Wash 500mL",
    "WOW Price": 4,
    "WOW Size": "500mL",
    "WOW ppu": "$0.80 / 100ML"
  },
  {
    "Brand_Product_Size": "Perfect Italiano 4 Cheese Melt 450g",
    "WOW Price": 7.65,
    "WOW Size": "450g",
    "WOW ppu": "$17.00 / 1KG"
  },
  {
    "Brand_Product_Size": "Dairyworks Tasty Cheese Slices 500g",
    "WOW Price": 7.5,
    "WOW Size": "500g",
    "WOW ppu": "$15.00 / 1KG"
  },
  {
    "Brand_Product_Size": "Darrell Lea Milk Chocolate Liquorice Bullets 250g",
    "WOW Price": 3.5,
    "WOW Size": "250g",
    "WOW ppu": "$1.40 / 100G"
  },
  {
    "Brand_Product_Size": "Sard Wonder Power Stain Remover Spray Eucalyptus 500mL",
    "WOW Price": 4,
    "WOW Size": "500mL",
    "WOW ppu": "$8.00 / 1L"
  },
  {
    "Brand_Product_Size": "Woolworths Pistachios 80g",
    "WOW Price": 5,
    "WOW Size": "80g",
    "WOW ppu": "$62.50 / 1KG"
  },
  {
    "Brand_Product_Size": "Cold Power Advanced Clean Front & Top Loader Laundry Powder 4kg",
    "WOW Price": 30,
    "WOW Size": "4kg",
    "WOW ppu": "$7.50 / 1KG"
  },
  {
    "Brand_Product_Size": "Patak's Lime Pickle Lime Medium Pickle 283g",
    "WOW Price": 6.4,
    "WOW Size": "283g",
    "WOW ppu": "$2.26 / 100G"
  },
  {
    "Brand_Product_Size": "The Happy Snack Company Roasted Fav-va Beans Salt & Vinegar 10x15g",
    "WOW Price": 5.3,
    "WOW Size": "10x15g",
    "WOW ppu": "$3.53 / 100G"
  },
  {
    "Brand_Product_Size": "The Happy Snack Company Roasted Fav-va Beans Salt & Vinegar 10x15g",
    "WOW Price": 5.3,
    "WOW Size": "10x15g",
    "WOW ppu": "$3.53 / 100G"
  },
  {
    "Brand_Product_Size": "Blackmores Evening Primrose Oil 125 capsuLes",
    "WOW Price": 20,
    "WOW Size": "125 capsuLes",
    "WOW ppu": "$16.00 / 100EA"
  },
  {
    "Brand_Product_Size": "Korbond Dipped Colourful Candles 12 pack",
    "WOW Price": 2,
    "WOW Size": "12 pack",
    "WOW ppu": "$0.17 / 1EA"
  },
  {
    "Brand_Product_Size": "Glad To Be Green Compostable Mini 25 pack",
    "WOW Price": 4,
    "WOW Size": "25 pack",
    "WOW ppu": "$0.16 / 1EA"
  },
  {
    "Brand_Product_Size": "Bonds Womens Socks Logo Sports 1/4 Size 8-11 3 pack",
    "WOW Price": 15,
    "WOW Size": "3 pack",
    "WOW ppu": "$5.00 / 1EA"
  },
  {
    "Brand_Product_Size": "Myojo Chicken Abalone Noodle Chicken Abalone 79g x5 pack",
    "WOW Price": 2.55,
    "WOW Size": "79g x5 pack",
    "WOW ppu": "$0.65 / 100G"
  },
  {
    "Brand_Product_Size": "Maybelline Eye Studio Brow Precise - Deep Brown each",
    "WOW Price": 6,
    "WOW Size": "each",
    "WOW ppu": "$6.00 / 1EA"
  },
  {
    "Brand_Product_Size": "Continental Recipe Base Mild Mince Curry 40g",
    "WOW Price": 1.6,
    "WOW Size": "40g",
    "WOW ppu": "$4.00 / 100G"
  },
  {
    "Brand_Product_Size": "Steelo Scourer Steel Wool Soap Pads Stainless 5 pack",
    "WOW Price": 2,
    "WOW Size": "5 pack",
    "WOW ppu": "$0.40 / 1EA"
  },
  {
    "Brand_Product_Size": "Thankyou. Moisturising Lotion Bar With Coconut Oil 70g",
    "WOW Price": 10,
    "WOW Size": "70g",
    "WOW ppu": "$14.29 / 100G"
  },
  {
    "Brand_Product_Size": "For Her Womens Socks Low Cut White Size 2 - 8 3 pack",
    "WOW Price": 7,
    "WOW Size": "3 pack",
    "WOW ppu": "$2.33 / 1EA"
  },
  {
    "Brand_Product_Size": "Thankyou. Exfoliating Hand Wash Botanical Geranium & Rosewood 250mL",
    "WOW Price": 4.2,
    "WOW Size": "250mL",
    "WOW ppu": "$1.68 / 100ML"
  },
  {
    "Brand_Product_Size": "Bluebird Green Onions Original Cut 150g",
    "WOW Price": 4.2,
    "WOW Size": "150g",
    "WOW ppu": "$2.80 / 100G"
  },
  {
    "Brand_Product_Size": "Covergirl Clean Fresh Skin Milk Foundation Fair/light 30mL",
    "WOW Price": 10,
    "WOW Size": "30mL",
    "WOW ppu": "$3.33 / 10ML"
  },
  {
    "Brand_Product_Size": "Woolworths Garlic Powder 50g",
    "WOW Price": 2,
    "WOW Size": "50g",
    "WOW ppu": "$0.40 / 10G"
  },
  {
    "Brand_Product_Size": "Carbonell Extra Virgin Olive Oil 1L",
    "WOW Price": 9,
    "WOW Size": "1L",
    "WOW ppu": "$0.90 / 100ML"
  },
  {
    "Brand_Product_Size": "L'or Espresso Supremo Coffee Capsules 20 pack",
    "WOW Price": 8.8,
    "WOW Size": "20 pack",
    "WOW ppu": "$0.44 / 1EA"
  },
  {
    "Brand_Product_Size": "L'or Espresso Supremo Coffee Capsules 20 pack",
    "WOW Price": 8.8,
    "WOW Size": "20 pack",
    "WOW ppu": "$0.44 / 1EA"
  },
  {
    "Brand_Product_Size": "Tresemme Shampoo Botanique Restore & Shine 675mL",
    "WOW Price": 6.5,
    "WOW Size": "675mL",
    "WOW ppu": "$0.96 / 100ML"
  },
  {
    "Brand_Product_Size": "Korbond Instant Hook & Loop Tape Self Stick 1m each",
    "WOW Price": 7,
    "WOW Size": "each",
    "WOW ppu": ""
  },
  {
    "Brand_Product_Size": "Sally Hansen Insta Dri Petal To The Metal each",
    "WOW Price": 4.5,
    "WOW Size": "each",
    "WOW ppu": "$4.91 / 10ML"
  },
  {
    "Brand_Product_Size": "Rimmel Lasting Finish Full Coverage Foundation 400 Natural Beige 30mL",
    "WOW Price": 9.5,
    "WOW Size": "30mL",
    "WOW ppu": "$3.17 / 10ML"
  },
  {
    "Brand_Product_Size": "Connect Foods Kombucha Infusion Black Tea Bags 15 pack",
    "WOW Price": 3,
    "WOW Size": "15 pack",
    "WOW ppu": "$0.20 / 1EA"
  },
  {
    "Brand_Product_Size": "Connect Foods Kombucha Infusion Black Tea Bags 15 pack",
    "WOW Price": 3,
    "WOW Size": "15 pack",
    "WOW ppu": "$0.20 / 1EA"
  },
  {
    "Brand_Product_Size": "Schmackos Strapz Beef Flavour Dog Treats 800g",
    "WOW Price": 16,
    "WOW Size": "800g",
    "WOW ppu": "$2.00 / 100G"
  },
  {
    "Brand_Product_Size": "Banana Boat Baby Sunscreen Roll On Spf 50+ 75mL",
    "WOW Price": 11,
    "WOW Size": "75mL",
    "WOW ppu": "$14.67 / 100ML"
  },
  {
    "Brand_Product_Size": "Woolworths Marinated Danish Fetta Cheese In Herb & Garlic 300g",
    "WOW Price": 5.3,
    "WOW Size": "300g",
    "WOW ppu": "$17.67 / 1KG"
  },
  {
    "Brand_Product_Size": "Woolworths Marinated Danish Fetta Cheese In Herb & Garlic 300g",
    "WOW Price": 5.3,
    "WOW Size": "300g",
    "WOW ppu": "$17.67 / 1KG"
  },
  {
    "Brand_Product_Size": "Manicare Nail Polish Remover Pads Coconut 32 pack",
    "WOW Price": 5.3,
    "WOW Size": "32 pack",
    "WOW ppu": "$5.30 / 1EA"
  },
  {
    "Brand_Product_Size": "Woolworths The Odd Bunch Garlic Cloves 90g",
    "WOW Price": 2.1,
    "WOW Size": "90g",
    "WOW ppu": "$23.33 / 1KG"
  },
  {
    "Brand_Product_Size": "Fancy Feast Adult Classic Chicken Feast Gravy Grilled Wet Cat Food 85g x12 pack",
    "WOW Price": 14.5,
    "WOW Size": "85g x12 pack",
    "WOW ppu": "$1.42 / 100G"
  },
  {
    "Brand_Product_Size": "Neutrogena Hydro Boost Water Gel Lotion Spf 50 88mL",
    "WOW Price": 13.6,
    "WOW Size": "88mL",
    "WOW ppu": "$15.45 / 100ML"
  },
  {
    "Brand_Product_Size": "Nivea Men Stress Protect Aerosol Antiperspirant Deodorant 250mL",
    "WOW Price": 6.5,
    "WOW Size": "250mL",
    "WOW ppu": "$2.60 / 100ML"
  },
  {
    "Brand_Product_Size": "Yeo's Drink Lychee 6x250mL",
    "WOW Price": 3.7,
    "WOW Size": "6x250mL",
    "WOW ppu": "$2.47 / 1L"
  },
  {
    "Brand_Product_Size": "Macro Organic Coconut Flakes 200g",
    "WOW Price": 4.4,
    "WOW Size": "200g",
    "WOW ppu": "$2.20 / 100G"
  },
  {
    "Brand_Product_Size": "Plant Asia Plant Based Roast Chicken 360g",
    "WOW Price": 9,
    "WOW Size": "360g",
    "WOW ppu": "$25.00 / 1KG"
  },
  {
    "Brand_Product_Size": "Woolworths Thin Crust Pizza Base 2 pack",
    "WOW Price": 3,
    "WOW Size": "2 pack",
    "WOW ppu": "$1.50 / 100G"
  },
  {
    "Brand_Product_Size": "Allen's Retro Party Mix Lollies Bag 190g",
    "WOW Price": 3,
    "WOW Size": "190g",
    "WOW ppu": "$1.58 / 100G"
  },
  {
    "Brand_Product_Size": "Vittoria Oro Ground Coffee Oro 1kg",
    "WOW Price": 33,
    "WOW Size": "1kg",
    "WOW ppu": "$3.30 / 100G"
  },
  {
    "Brand_Product_Size": "Vittoria Oro Ground Coffee Oro 1kg",
    "WOW Price": 33,
    "WOW Size": "1kg",
    "WOW ppu": "$3.30 / 100G"
  },
  {
    "Brand_Product_Size": "B.box Silicone Fresh Food Feeder Assorted each",
    "WOW Price": 13,
    "WOW Size": "each",
    "WOW ppu": "$13.00 / 1EA"
  },
  {
    "Brand_Product_Size": "S-26 Alula Gold Reflux 0-12 Months 900g",
    "WOW Price": 25,
    "WOW Size": "900g",
    "WOW ppu": "$2.78 / 100G"
  },
  {
    "Brand_Product_Size": "Pauls Farmhouse Gold Milk 750mL",
    "WOW Price": 2.45,
    "WOW Size": "750mL",
    "WOW ppu": "$3.27 / 1L"
  },
  {
    "Brand_Product_Size": "Bonds Mens Underwear Hipster Brief Xx Large 5 pack",
    "WOW Price": 29,
    "WOW Size": "5 pack",
    "WOW ppu": "$5.80 / 1EA"
  },
  {
    "Brand_Product_Size": "Tommee Tippee Discovera Active Tipper 350mL",
    "WOW Price": 11,
    "WOW Size": "350mL",
    "WOW ppu": "$11.00 / 1EA"
  },
  {
    "Brand_Product_Size": "Magnum Mini Ice Cream Classic 6 pack",
    "WOW Price": 9,
    "WOW Size": "6 pack",
    "WOW ppu": "$2.50 / 100ML"
  },
  {
    "Brand_Product_Size": "Uncle Tobys Cereal Oat Flakes 640g",
    "WOW Price": 5,
    "WOW Size": "640g",
    "WOW ppu": "$0.78 / 100G"
  },
  {
    "Brand_Product_Size": "Swisse Ultiboost High Strength Magnesium Powder Orange 180g",
    "WOW Price": 30,
    "WOW Size": "180g",
    "WOW ppu": "$16.67 / 100EA"
  },
  {
    "Brand_Product_Size": "Heinz Soup Of The Day Pouch Creamy Potato & Leek Soup 430g",
    "WOW Price": 3,
    "WOW Size": "430g",
    "WOW ppu": "$0.70 / 100G"
  },
  {
    "Brand_Product_Size": "Milton Antibacterial Concentrated Solution 500mL",
    "WOW Price": 7,
    "WOW Size": "500mL",
    "WOW ppu": "$1.40 / 100ML"
  },
  {
    "Brand_Product_Size": "Skinny Cow Ice Cream Cookies Vanilla 4 pack",
    "WOW Price": 6,
    "WOW Size": "4 pack",
    "WOW ppu": "$1.36 / 100ML"
  },
  {
    "Brand_Product_Size": "Icare 100% Recycled Toilet Tissue Double Length White 3 Ply 6 pack",
    "WOW Price": 5.2,
    "WOW Size": "6 pack",
    "WOW ppu": "$0.24 / 100SS"
  },
  {
    "Brand_Product_Size": "Nature's Own Zinc + C Chewable Tablets 60 pack",
    "WOW Price": 16.5,
    "WOW Size": "60 pack",
    "WOW ppu": "$27.50 / 100EA"
  },
  {
    "Brand_Product_Size": "Brite Semi Permanent Hair Colour Colour Pink 75mL",
    "WOW Price": 10,
    "WOW Size": "75mL",
    "WOW ppu": "$13.33 / 100ML"
  },
  {
    "Brand_Product_Size": "Maybelline Lash Sensational Washable Mascara Black Rose 9.5mL",
    "WOW Price": 11.5,
    "WOW Size": "9.5mL",
    "WOW ppu": "$12.11 / 10ML"
  },
  {
    "Brand_Product_Size": "Ultimates Indulge Lamb Smoothie 90g",
    "WOW Price": 3,
    "WOW Size": "90g",
    "WOW ppu": "$3.33 / 100G"
  },
  {
    "Brand_Product_Size": "Cetaphil Body Moisturising Lotion Daily Face & Body 500mL",
    "WOW Price": 16.5,
    "WOW Size": "500mL",
    "WOW ppu": "$3.30 / 100ML"
  },
  {
    "Brand_Product_Size": "Aveeno Skin Relief Moisturising Lotion 71g",
    "WOW Price": 5.5,
    "WOW Size": "71g",
    "WOW ppu": ""
  },
  {
    "Brand_Product_Size": "Reflex Photocopy Paper A4 Ream each",
    "WOW Price": 7,
    "WOW Size": "each",
    "WOW ppu": ""
  },
  {
    "Brand_Product_Size": "Decor Tellfresh Oblong 1l 3 pack",
    "WOW Price": 13,
    "WOW Size": "3 pack",
    "WOW ppu": ""
  },
  {
    "Brand_Product_Size": "Thermocafe Stainless Steel Travel Mug Double Wall 400mL",
    "WOW Price": 9.6,
    "WOW Size": "400mL",
    "WOW ppu": ""
  },
  {
    "Brand_Product_Size": "Dolmio Three Cheese Pasta Bake Sauce 490g",
    "WOW Price": 3,
    "WOW Size": "490g",
    "WOW ppu": "$0.61 / 100G"
  },
  {
    "Brand_Product_Size": "Slendier Pasta Spaghetti Style 400g",
    "WOW Price": 3.9,
    "WOW Size": "400g",
    "WOW ppu": "$0.98 / 100G"
  },
  {
    "Brand_Product_Size": "Waxworks Mozzie Coils 10 pack",
    "WOW Price": 5,
    "WOW Size": "10 pack",
    "WOW ppu": ""
  },
  {
    "Brand_Product_Size": "Chris' Dips Tzatziki 200g",
    "WOW Price": 3.5,
    "WOW Size": "200g",
    "WOW ppu": "$1.75 / 100G"
  },
  {
    "Brand_Product_Size": "Sukin Cleansing Hand Wash Bergamot & Patchouli Pump 500mL",
    "WOW Price": 8,
    "WOW Size": "500mL",
    "WOW ppu": "$1.60 / 100ML"
  },
  {
    "Brand_Product_Size": "Mainland Munchables Tasty Cheese & Crackers 4 pack",
    "WOW Price": 4.5,
    "WOW Size": "4 pack",
    "WOW ppu": "$37.50 / 1KG"
  },
  {
    "Brand_Product_Size": "Woolworths Full Cream Milk Powder 1kg",
    "WOW Price": 5.7,
    "WOW Size": "1kg",
    "WOW ppu": "$0.57 / 100G"
  },
  {
    "Brand_Product_Size": "Woolworths Full Cream Milk Powder 1kg",
    "WOW Price": 5.7,
    "WOW Size": "1kg",
    "WOW ppu": "$0.57 / 100G"
  },
  {
    "Brand_Product_Size": "Tommee Tippee Roll N Go Bibs 2 pack",
    "WOW Price": 13,
    "WOW Size": "2 pack",
    "WOW ppu": ""
  },
  {
    "Brand_Product_Size": "Bulla Nourish Strawberry Sticks 6 pack",
    "WOW Price": 7,
    "WOW Size": "6 pack",
    "WOW ppu": "$1.56 / 100ML"
  },
  {
    "Brand_Product_Size": "Pedigree Dentastix Medium Dental Dog Treat 7 pack",
    "WOW Price": 5,
    "WOW Size": "7 pack",
    "WOW ppu": "$0.71 / 1EA"
  },
  {
    "Brand_Product_Size": "Lucky Toasted Pine Nuts 50g",
    "WOW Price": 4.5,
    "WOW Size": "50g",
    "WOW ppu": "$90.00 / 1KG"
  },
  {
    "Brand_Product_Size": "Primo Silverside Beef 80g",
    "WOW Price": 3.25,
    "WOW Size": "80g",
    "WOW ppu": "$40.63 / 1KG"
  },
  {
    "Brand_Product_Size": "Woolworths Yellowfin Tuna Slices In Olive Oil 125g",
    "WOW Price": 2,
    "WOW Size": "125g",
    "WOW ppu": "$16.00 / 1KG"
  },
  {
    "Brand_Product_Size": "Scholl Party Feet Foot Care Invisible Heel Shields each",
    "WOW Price": 10,
    "WOW Size": "each",
    "WOW ppu": "$10.00 / 1EA"
  },
  {
    "Brand_Product_Size": "Scholl Party Feet Foot Care Invisible Heel Shields each",
    "WOW Price": 10,
    "WOW Size": "each",
    "WOW ppu": "$10.00 / 1EA"
  },
  {
    "Brand_Product_Size": "Glow Lab Lemongrass & Lime Hand Wash Anitbacterial Refill 600mL",
    "WOW Price": 13,
    "WOW Size": "600mL",
    "WOW ppu": ""
  },
  {
    "Brand_Product_Size": "Babylove Sleepy Nights Overnight Pants 18-35kg 9 pack",
    "WOW Price": 11,
    "WOW Size": "9 pack",
    "WOW ppu": "$1.22 / 1EA"
  },
  {
    "Brand_Product_Size": "Street Foodie Spring Rolls Cocktail 1kg",
    "WOW Price": 7,
    "WOW Size": "1kg",
    "WOW ppu": "$0.70 / 100G"
  },
  {
    "Brand_Product_Size": "Neutrogena T/gel Anti-dandruff Therapeutic Shampoo 200mL",
    "WOW Price": 13,
    "WOW Size": "200mL",
    "WOW ppu": "$6.50 / 100ML"
  },
  {
    "Brand_Product_Size": "Saxa Iodised Sea Salt Grinder 90g",
    "WOW Price": 5,
    "WOW Size": "90g",
    "WOW ppu": "$0.56 / 10G"
  },
  {
    "Brand_Product_Size": "Sara Lee Chocolate Swirl Bavarian 375g",
    "WOW Price": 6.25,
    "WOW Size": "375g",
    "WOW ppu": "$1.67 / 100G"
  },
  {
    "Brand_Product_Size": "Rimmel Primer Lasting Finish 30mL",
    "WOW Price": 7,
    "WOW Size": "30mL",
    "WOW ppu": "$2.33 / 10ML"
  },
  {
    "Brand_Product_Size": "Pantene Prov Blend Rosewater Moisture Restoring Shampoo 300mL",
    "WOW Price": 7.8,
    "WOW Size": "300mL",
    "WOW ppu": "$2.60 / 100ML"
  },
  {
    "Brand_Product_Size": "Palmolive Men Body Wash Deep Clean Shower Gel 500mL",
    "WOW Price": 3.8,
    "WOW Size": "500mL",
    "WOW ppu": "$0.76 / 100ML"
  },
  {
    "Brand_Product_Size": "John West Salmon Tempters Naturally Smoked 95g",
    "WOW Price": 2.7,
    "WOW Size": "95g",
    "WOW ppu": "$28.42 / 1KG"
  },
  {
    "Brand_Product_Size": "Marie Claire Magazine each",
    "WOW Price": 8.99,
    "WOW Size": "each",
    "WOW ppu": ""
  },
  {
    "Brand_Product_Size": "Swisse Beauty Collagen Renew Powder Natural Berry 120g",
    "WOW Price": 30,
    "WOW Size": "120g",
    "WOW ppu": "$25.00 / 100G"
  },
  {
    "Brand_Product_Size": "Leggos Fresh Mushroom & Ricotta Ravioli 630g",
    "WOW Price": 8,
    "WOW Size": "630g",
    "WOW ppu": "$1.27 / 100G"
  },
  {
    "Brand_Product_Size": "Rokeby Farms Probiotic Yoghurt Vanila 750g",
    "WOW Price": 3.5,
    "WOW Size": "750g",
    "WOW ppu": "$0.47 / 100ML"
  },
  {
    "Brand_Product_Size": "Birch & Waite Yoghurt Ranch Dressing & Dip 250mL",
    "WOW Price": 5,
    "WOW Size": "250mL",
    "WOW ppu": "$2.00 / 100ML"
  },
  {
    "Brand_Product_Size": "Collapse Small Storage Box each",
    "WOW Price": 16,
    "WOW Size": "each",
    "WOW ppu": ""
  },
  {
    "Brand_Product_Size": "Head & Shoulders Smooth & Silky Shampoo 660mL",
    "WOW Price": 11.9,
    "WOW Size": "660mL",
    "WOW ppu": "$1.80 / 100ML"
  },
  {
    "Brand_Product_Size": "Frisp Mango Crisps 15g",
    "WOW Price": 2.5,
    "WOW Size": "15g",
    "WOW ppu": "$166.67 / 1KG"
  },
  {
    "Brand_Product_Size": "Munchme Almond Blueberry 120g",
    "WOW Price": 5.5,
    "WOW Size": "120g",
    "WOW ppu": "$4.58 / 100G"
  },
  {
    "Brand_Product_Size": "Nivea Double Effect Aerosol Antiperspirant Deodorant 250mL",
    "WOW Price": 6.5,
    "WOW Size": "250mL",
    "WOW ppu": "$2.60 / 100ML"
  },
  {
    "Brand_Product_Size": "Woolworths Brussels Sprouts 500g",
    "WOW Price": 2.35,
    "WOW Size": "500g",
    "WOW ppu": "$4.70 / 1KG"
  },
  {
    "Brand_Product_Size": "Apple Royal Gala each",
    "WOW Price": 0.62,
    "WOW Size": "each",
    "WOW ppu": "$0.62 / 1EA"
  },
  {
    "Brand_Product_Size": "Apple Royal Gala each",
    "WOW Price": 0.62,
    "WOW Size": "each",
    "WOW ppu": "$0.62 / 1EA"
  },
  {
    "Brand_Product_Size": "Nivea Cellular Anti-age Day Cream Fa Ce Moisturiser Spf15 50mL",
    "WOW Price": 28,
    "WOW Size": "50mL",
    "WOW ppu": "$56.00 / 100ML"
  },
  {
    "Brand_Product_Size": "Essentials Plastic Kids Hangers 6 pack",
    "WOW Price": 2,
    "WOW Size": "6 pack",
    "WOW ppu": ""
  },
  {
    "Brand_Product_Size": "Twinings Strawberry Raspberry & Loganberry Fruit Infusions 40 pack",
    "WOW Price": 5,
    "WOW Size": "40 pack",
    "WOW ppu": "$0.13 / 1EA"
  },
  {
    "Brand_Product_Size": "Twinings Strawberry Raspberry & Loganberry Fruit Infusions 40 pack",
    "WOW Price": 5,
    "WOW Size": "40 pack",
    "WOW ppu": "$0.13 / 1EA"
  },
  {
    "Brand_Product_Size": "Dine Creamy Treats Tuna Flavour Cat Treat 4 pack",
    "WOW Price": 2.1,
    "WOW Size": "4 pack",
    "WOW ppu": "$4.38 / 100G"
  },
  {
    "Brand_Product_Size": "Beerenberg Blackberry Jam 300g",
    "WOW Price": 5,
    "WOW Size": "300g",
    "WOW ppu": "$1.67 / 100G"
  },
  {
    "Brand_Product_Size": "Trill Food Pellets Small Birds 600g",
    "WOW Price": 9.99,
    "WOW Size": "600g",
    "WOW ppu": "$1.67 / 100G"
  },
  {
    "Brand_Product_Size": "Garnier Fructis Normal Strength & Shine Conditioner 850mL",
    "WOW Price": 7.5,
    "WOW Size": "850mL",
    "WOW ppu": "$0.88 / 100ML"
  },
  {
    "Brand_Product_Size": "Barilla Penne Pasta Gluten Free 340g",
    "WOW Price": 3.8,
    "WOW Size": "340g",
    "WOW ppu": "$1.12 / 100G"
  },
  {
    "Brand_Product_Size": "Revlon Super Lustrous Lipstick Teak Rose each",
    "WOW Price": 12.5,
    "WOW Size": "each",
    "WOW ppu": "$29.76 / 10G"
  },
  {
    "Brand_Product_Size": "Coca-cola No Sugar Soft Drink Can 250mL",
    "WOW Price": 2.25,
    "WOW Size": "250mL",
    "WOW ppu": "$9.00 / 1L"
  },
  {
    "Brand_Product_Size": "Libra Panty Liners Breathable 50 pack",
    "WOW Price": 3.6,
    "WOW Size": "50 pack",
    "WOW ppu": "$0.07 / 1EA"
  },
  {
    "Brand_Product_Size": "Plumrose Ham Leg 450g",
    "WOW Price": 5.25,
    "WOW Size": "450g",
    "WOW ppu": "$11.67 / 1KG"
  },
  {
    "Brand_Product_Size": "Rosken Intensive Moisture Body Lotion 400mL",
    "WOW Price": 6,
    "WOW Size": "400mL",
    "WOW ppu": "$1.50 / 100ML"
  },
  {
    "Brand_Product_Size": "Mckenzie's Arrowroot Tapioca Flour 175g",
    "WOW Price": 1.7,
    "WOW Size": "175g",
    "WOW ppu": "$9.71 / 1KG"
  },
  {
    "Brand_Product_Size": "Woolworths Free From Gluten Ingredients Tortilla Corn 280g",
    "WOW Price": 3.2,
    "WOW Size": "280g",
    "WOW ppu": "$1.14 / 100G"
  },
  {
    "Brand_Product_Size": "Woolworths Free From Gluten Ingredients Tortilla Corn 280g",
    "WOW Price": 3.2,
    "WOW Size": "280g",
    "WOW ppu": "$1.14 / 100G"
  },
  {
    "Brand_Product_Size": "Carmex Lip Balm Moisturising Jar 7.5g",
    "WOW Price": 3.49,
    "WOW Size": "7.5g",
    "WOW ppu": "$46.53 / 100G"
  },
  {
    "Brand_Product_Size": "The Pancake Parlour Pancake Mix 500g",
    "WOW Price": 6.6,
    "WOW Size": "500g",
    "WOW ppu": "$1.32 / 100G"
  },
  {
    "Brand_Product_Size": "Macro Organic Rice Milk 1L",
    "WOW Price": 1.65,
    "WOW Size": "1L",
    "WOW ppu": "$1.65 / 1L"
  },
  {
    "Brand_Product_Size": "Macro Organic Rice Milk 1L",
    "WOW Price": 1.65,
    "WOW Size": "1L",
    "WOW ppu": "$1.65 / 1L"
  },
  {
    "Brand_Product_Size": "Playgro Grooming Nail Care Set each",
    "WOW Price": 8.5,
    "WOW Size": "each",
    "WOW ppu": ""
  },
  {
    "Brand_Product_Size": "Masterfoods Dried Italian Herbs 30g",
    "WOW Price": 5.4,
    "WOW Size": "30g",
    "WOW ppu": "$1.80 / 10G"
  },
  {
    "Brand_Product_Size": "Musashi Deluxe Peanut Crunch 60g",
    "WOW Price": 3.2,
    "WOW Size": "60g",
    "WOW ppu": "$5.33 / 100G"
  },
  {
    "Brand_Product_Size": "Woolworths Free From Gluten Share Pack Potato Chips Original 100g",
    "WOW Price": 2.5,
    "WOW Size": "100g",
    "WOW ppu": "$2.50 / 100G"
  },
  {
    "Brand_Product_Size": "Woolworths Free From Gluten Share Pack Potato Chips Original 100g",
    "WOW Price": 2.5,
    "WOW Size": "100g",
    "WOW ppu": "$2.50 / 100G"
  },
  {
    "Brand_Product_Size": "L'oreal Elvive Dream Lengths Super Detangling Conditioner 300mL",
    "WOW Price": 5.25,
    "WOW Size": "300mL",
    "WOW ppu": "$1.75 / 100ML"
  },
  {
    "Brand_Product_Size": "Tassal Salmon With Mustard Dill 260g",
    "WOW Price": 10,
    "WOW Size": "260g",
    "WOW ppu": "$38.46 / 1KG"
  },
  {
    "Brand_Product_Size": "Olay Regenerist Micro-sculpting Face Cream Moisturiser 50g",
    "WOW Price": 34.3,
    "WOW Size": "50g",
    "WOW ppu": "$68.60 / 100G"
  },
  {
    "Brand_Product_Size": "Liddells Lactose Free Colby Cheese Slices 250g",
    "WOW Price": 6.5,
    "WOW Size": "250g",
    "WOW ppu": "$26.00 / 1KG"
  },
  {
    "Brand_Product_Size": "Culinare Magican Auto Can Opener each",
    "WOW Price": 18,
    "WOW Size": "each",
    "WOW ppu": ""
  },
  {
    "Brand_Product_Size": "Omo Touch Of Comfort Laundry Liquid 2L",
    "WOW Price": 15.4,
    "WOW Size": "2L",
    "WOW ppu": "$7.70 / 1L"
  },
  {
    "Brand_Product_Size": "Masterfoods Chilli Flakes 18g",
    "WOW Price": 2.9,
    "WOW Size": "18g",
    "WOW ppu": "$1.61 / 10G"
  },
  {
    "Brand_Product_Size": "Masterfoods Ground Cardamom 35g",
    "WOW Price": 4.5,
    "WOW Size": "35g",
    "WOW ppu": "$1.29 / 10G"
  },
  {
    "Brand_Product_Size": "My Dog Puppy Chicken Mince With Rice Carrot & Spinach Dog Food Tray 100g",
    "WOW Price": 1,
    "WOW Size": "100g",
    "WOW ppu": "$1.00 / 100G"
  },
  {
    "Brand_Product_Size": "Select Gourmet Tomatoes 480g punnet",
    "WOW Price": 4.9,
    "WOW Size": "480g punnet",
    "WOW ppu": "$10.21 / 1KG"
  },
  {
    "Brand_Product_Size": "Cavendish Bananas each",
    "WOW Price": 0.81,
    "WOW Size": "each",
    "WOW ppu": "$0.81 / 1EA"
  },
  {
    "Brand_Product_Size": "Cavendish Bananas each",
    "WOW Price": 0.81,
    "WOW Size": "each",
    "WOW ppu": "$0.81 / 1EA"
  },
  {
    "Brand_Product_Size": "Underworks Womens Athleisure Bikini Size 12 3 pack",
    "WOW Price": 14,
    "WOW Size": "3 pack",
    "WOW ppu": ""
  },
  {
    "Brand_Product_Size": "Woolworths Honey Mustard Pasta Salad 400g",
    "WOW Price": 5,
    "WOW Size": "400g",
    "WOW ppu": "$1.25 / 100G"
  },
  {
    "Brand_Product_Size": "Woolworths Honey Mustard Pasta Salad 400g",
    "WOW Price": 5,
    "WOW Size": "400g",
    "WOW ppu": "$1.25 / 100G"
  },
  {
    "Brand_Product_Size": "Woolworths Almonds Natural 150g",
    "WOW Price": 3.15,
    "WOW Size": "150g",
    "WOW ppu": "$21.00 / 1KG"
  },
  {
    "Brand_Product_Size": "Woolworths Blended Vegetable Oil 4L",
    "WOW Price": 8.8,
    "WOW Size": "4L",
    "WOW ppu": "$0.22 / 100ML"
  },
  {
    "Brand_Product_Size": "Nature's Own Vitamin B3 500mg Tablets 60 pack",
    "WOW Price": 12,
    "WOW Size": "60 pack",
    "WOW ppu": "$20.00 / 100EA"
  },
  {
    "Brand_Product_Size": "Leggos Tomato Paste Regular 280g",
    "WOW Price": 2.6,
    "WOW Size": "280g",
    "WOW ppu": "$0.93 / 100G"
  },
  {
    "Brand_Product_Size": "Energizer 389 Battery each",
    "WOW Price": 3.99,
    "WOW Size": "each",
    "WOW ppu": "$3.99 / 1EA"
  },
  {
    "Brand_Product_Size": "Macro Organic Tumeric 75g",
    "WOW Price": 6.9,
    "WOW Size": "75g",
    "WOW ppu": "$92.00 / 1KG"
  },
  {
    "Brand_Product_Size": "Sara Lee Ice Cream French Vanilla 1L tub",
    "WOW Price": 6.5,
    "WOW Size": "1L tub",
    "WOW ppu": "$0.65 / 100ML"
  },
  {
    "Brand_Product_Size": "Essentials Fish Fingers 1kg",
    "WOW Price": 5.4,
    "WOW Size": "1kg",
    "WOW ppu": "$5.40 / 1KG"
  },
  {
    "Brand_Product_Size": "Sunbites Crackers With Quinoa Sea Salt 105g",
    "WOW Price": 3,
    "WOW Size": "105g",
    "WOW ppu": "$2.86 / 100G"
  },
  {
    "Brand_Product_Size": "Daily Juice Pulp Free Orange Juice No Added Sugar 3L",
    "WOW Price": 7.5,
    "WOW Size": "3L",
    "WOW ppu": "$2.50 / 1L"
  },
  {
    "Brand_Product_Size": "Nature's Way Restore Probiotic 30 Billion 30 pack",
    "WOW Price": 28,
    "WOW Size": "30 pack",
    "WOW ppu": "$93.33 / 100EA"
  },
  {
    "Brand_Product_Size": "Piksters Eco Floss Picks 30 pack",
    "WOW Price": 3.5,
    "WOW Size": "30 pack",
    "WOW ppu": ""
  },
  {
    "Brand_Product_Size": "Haldiram's All In 1 Snack 150g",
    "WOW Price": 2,
    "WOW Size": "150g",
    "WOW ppu": "$1.33 / 100G"
  },
  {
    "Brand_Product_Size": "Health Lab Salted Caramel Protein Ball 40g",
    "WOW Price": 2.8,
    "WOW Size": "40g",
    "WOW ppu": "$7.00 / 100G"
  },
  {
    "Brand_Product_Size": "White Wings Parsons Vanilla Creamed Rice 98% Fat Free 430g",
    "WOW Price": 2.75,
    "WOW Size": "430g",
    "WOW ppu": "$0.64 / 100G"
  },
  {
    "Brand_Product_Size": "Woolworths Chicken Breast Fillet Skinless Small 459g - 683g",
    "WOW Price": 8.2,
    "WOW Size": "459g - 683g",
    "WOW ppu": "$12.00 / 1KG"
  },
  {
    "Brand_Product_Size": "Italian Style Salad Kit 290g",
    "WOW Price": 5.5,
    "WOW Size": "290g",
    "WOW ppu": "$18.97 / 1KG"
  },
  {
    "Brand_Product_Size": "Italian Style Salad Kit 290g",
    "WOW Price": 5.5,
    "WOW Size": "290g",
    "WOW ppu": "$18.97 / 1KG"
  },
  {
    "Brand_Product_Size": "Arnott's Salada Original 250g",
    "WOW Price": 3.2,
    "WOW Size": "250g",
    "WOW ppu": "$1.28 / 100G"
  },
  {
    "Brand_Product_Size": "Fancy Feast Cat Food Gravy Lovers Beef 85g",
    "WOW Price": 1.45,
    "WOW Size": "85g",
    "WOW ppu": "$1.71 / 100G"
  },
  {
    "Brand_Product_Size": "Glow Lab Repairing Shampoo 300mL",
    "WOW Price": 18,
    "WOW Size": "300mL",
    "WOW ppu": "$6.00 / 100ML"
  },
  {
    "Brand_Product_Size": "Comfort Fabric Conditioner Rosy Blush 800mL",
    "WOW Price": 7,
    "WOW Size": "800mL",
    "WOW ppu": "$8.75 / 1L"
  },
  {
    "Brand_Product_Size": "Ben & Jerry's Half Baked Ice Cream 458mL",
    "WOW Price": 12,
    "WOW Size": "458mL",
    "WOW ppu": "$2.62 / 100ML"
  },
  {
    "Brand_Product_Size": "Bulla Vanilla Ice Cream 2L",
    "WOW Price": 4,
    "WOW Size": "2L",
    "WOW ppu": "$0.20 / 100ML"
  },
  {
    "Brand_Product_Size": "Panadol With Optizorb Paracetamol Pain Relief 12 pack",
    "WOW Price": 3.1,
    "WOW Size": "12 pack",
    "WOW ppu": "$0.26 / 1EA"
  },
  {
    "Brand_Product_Size": "Ultimates Indulge Chicken Mince In Gravy 400g",
    "WOW Price": 2.5,
    "WOW Size": "400g",
    "WOW ppu": "$0.63 / 100G"
  },
  {
    "Brand_Product_Size": "Golden Circle Drink Tropical 6x250mL",
    "WOW Price": 4.5,
    "WOW Size": "6x250mL",
    "WOW ppu": "$3.00 / 1L"
  },
  {
    "Brand_Product_Size": "Simmone Logue Quiche Lorraine 12 pack",
    "WOW Price": 15,
    "WOW Size": "12 pack",
    "WOW ppu": "$3.13 / 100G"
  },
  {
    "Brand_Product_Size": "Platinum Shade & Line Duo Eye Brush each",
    "WOW Price": 12,
    "WOW Size": "each",
    "WOW ppu": "$12.00 / 1EA"
  },
  {
    "Brand_Product_Size": "Spam Ham With Real Bacon 340g",
    "WOW Price": 4,
    "WOW Size": "340g",
    "WOW ppu": "$11.76 / 1KG"
  },
  {
    "Brand_Product_Size": "Macro White Quinoa 1kg",
    "WOW Price": 10,
    "WOW Size": "1kg",
    "WOW ppu": "$10.00 / 1KG"
  },
  {
    "Brand_Product_Size": "Ocean Chef Salmon Portions Skin On 1kg",
    "WOW Price": 28,
    "WOW Size": "1kg",
    "WOW ppu": "$28.00 / 1KG"
  },
  {
    "Brand_Product_Size": "Ocean Chef Salmon Portions Skin On 1kg",
    "WOW Price": 28,
    "WOW Size": "1kg",
    "WOW ppu": "$28.00 / 1KG"
  },
  {
    "Brand_Product_Size": "Lindt Excellence Milk Chocolate Extra Creamy 100g bLock",
    "WOW Price": 2.7,
    "WOW Size": "100g bLock",
    "WOW ppu": "$2.70 / 100G"
  },
  {
    "Brand_Product_Size": "Atkins Advantage Bar Chocolate Decadence 60g",
    "WOW Price": 4.5,
    "WOW Size": "60g",
    "WOW ppu": "$7.50 / 100G"
  },
  {
    "Brand_Product_Size": "Maharajah's Choice Ground Coriander Spice 250g",
    "WOW Price": 2.5,
    "WOW Size": "250g",
    "WOW ppu": "$0.10 / 10G"
  },
  {
    "Brand_Product_Size": "Libra Pads Wings Super 12 pack",
    "WOW Price": 2.9,
    "WOW Size": "12 pack",
    "WOW ppu": "$0.24 / 1EA"
  },
  {
    "Brand_Product_Size": "Lee Kum Kee Char Siu Sauce Char Siu 397g",
    "WOW Price": 4.5,
    "WOW Size": "397g",
    "WOW ppu": "$1.13 / 100G"
  },
  {
    "Brand_Product_Size": "Cadbury Twirl Breakaway Wafer Chocolate Bar 40g",
    "WOW Price": 1.5,
    "WOW Size": "40g",
    "WOW ppu": "$3.75 / 100G"
  },
  {
    "Brand_Product_Size": "Woolworths Mini Double Choc Muffins 8 pack",
    "WOW Price": 3.5,
    "WOW Size": "8 pack",
    "WOW ppu": "$1.09 / 100G"
  },
  {
    "Brand_Product_Size": "Woolworths Mini Double Choc Muffins 8 pack",
    "WOW Price": 3.5,
    "WOW Size": "8 pack",
    "WOW ppu": "$1.09 / 100G"
  },
  {
    "Brand_Product_Size": "Woolworths Mini Double Choc Muffins 8 pack",
    "WOW Price": 3.5,
    "WOW Size": "8 pack",
    "WOW ppu": "$1.09 / 100G"
  },
  {
    "Brand_Product_Size": "Dr Beckmann Colour Safe Colour Run Remover 2 pack",
    "WOW Price": 6,
    "WOW Size": "2 pack",
    "WOW ppu": "$46.15 / 1L"
  },
  {
    "Brand_Product_Size": "Curash Baby Wipes Fragrance Free 240 pack",
    "WOW Price": 8.8,
    "WOW Size": "240 pack",
    "WOW ppu": "$3.67 / 100EA"
  },
  {
    "Brand_Product_Size": "Dine Melting Soup Tuna & Salmon Wet Cat Food Treat 40g",
    "WOW Price": 0.7,
    "WOW Size": "40g",
    "WOW ppu": "$1.75 / 100G"
  },
  {
    "Brand_Product_Size": "Arnott's Cracker Chips With Sweet Potato Maple Bacon 150g",
    "WOW Price": 3.5,
    "WOW Size": "150g",
    "WOW ppu": "$2.33 / 100G"
  },
  {
    "Brand_Product_Size": "Chobani Flip Greek Yoghurt Mint Choc Chip 140g",
    "WOW Price": 3,
    "WOW Size": "140g",
    "WOW ppu": "$2.14 / 100G"
  },
  {
    "Brand_Product_Size": "Chobani Flip Greek Yoghurt Mint Choc Chip 140g",
    "WOW Price": 3,
    "WOW Size": "140g",
    "WOW ppu": "$2.14 / 100G"
  },
  {
    "Brand_Product_Size": "Marco Polo Pitted Cherries Pitted Fresh 670g",
    "WOW Price": 3.95,
    "WOW Size": "670g",
    "WOW ppu": "$5.90 / 1KG"
  },
  {
    "Brand_Product_Size": "Vetta Rural Aid Penne Value Pack 750g",
    "WOW Price": 2.8,
    "WOW Size": "750g",
    "WOW ppu": "$0.37 / 100G"
  },
  {
    "Brand_Product_Size": "Latina Fresh Beef Tortellini & Ragu Sauce 350g",
    "WOW Price": 8,
    "WOW Size": "350g",
    "WOW ppu": "$2.29 / 100G"
  },
  {
    "Brand_Product_Size": "Sabco Multipurpose Disposable Gloves Medium 100 pack",
    "WOW Price": 16,
    "WOW Size": "100 pack",
    "WOW ppu": "$0.16 / 1EA"
  },
  {
    "Brand_Product_Size": "Elmer's Crunchy Slime Kit each",
    "WOW Price": 10,
    "WOW Size": "each",
    "WOW ppu": ""
  },
  {
    "Brand_Product_Size": "Decor Microsafe Rice Cooker & Veg Steamer 2.75L",
    "WOW Price": 10,
    "WOW Size": "2.75L",
    "WOW ppu": ""
  },
  {
    "Brand_Product_Size": "Arnott's Premier Cookies Chocolate Chip 310g",
    "WOW Price": 3.5,
    "WOW Size": "310g",
    "WOW ppu": "$1.13 / 100G"
  },
  {
    "Brand_Product_Size": "Via Minardi Margherita Pizza 350g",
    "WOW Price": 8,
    "WOW Size": "350g",
    "WOW ppu": "$2.29 / 100G"
  },
  {
    "Brand_Product_Size": "Via Minardi Margherita Pizza 350g",
    "WOW Price": 8,
    "WOW Size": "350g",
    "WOW ppu": "$2.29 / 100G"
  },
  {
    "Brand_Product_Size": "Macro Pistachio Kernels 250g",
    "WOW Price": 15.5,
    "WOW Size": "250g",
    "WOW ppu": "$62.00 / 1KG"
  },
  {
    "Brand_Product_Size": "Kellogg's Crispix Honey Pillows Breakfast Cereal 460g",
    "WOW Price": 5.5,
    "WOW Size": "460g",
    "WOW ppu": "$1.20 / 100G"
  },
  {
    "Brand_Product_Size": "Woolworths Vegetable Lasagne 375g",
    "WOW Price": 3,
    "WOW Size": "375g",
    "WOW ppu": "$0.80 / 100G"
  },
  {
    "Brand_Product_Size": "Diggers Methylated Spirits 1L",
    "WOW Price": 5.5,
    "WOW Size": "1L",
    "WOW ppu": "$0.55 / 100ML"
  },
  {
    "Brand_Product_Size": "Milo Refill Pack 750g",
    "WOW Price": 8.5,
    "WOW Size": "750g",
    "WOW ppu": "$1.13 / 100G"
  },
  {
    "Brand_Product_Size": "Woolworths Tropical Juice 6x250mL",
    "WOW Price": 2.9,
    "WOW Size": "6x250mL",
    "WOW ppu": "$1.93 / 1L"
  },
  {
    "Brand_Product_Size": "Woolworths Tropical Juice 6x250mL",
    "WOW Price": 2.9,
    "WOW Size": "6x250mL",
    "WOW ppu": "$1.93 / 1L"
  },
  {
    "Brand_Product_Size": "Macro Organic Solanato Tomatoes 200g",
    "WOW Price": 3.9,
    "WOW Size": "200g",
    "WOW ppu": "$24.50 / 1KG"
  },
  {
    "Brand_Product_Size": "Mint Electric Salt/pepper Mill each",
    "WOW Price": 12,
    "WOW Size": "each",
    "WOW ppu": ""
  },
  {
    "Brand_Product_Size": "Nescafe Decaf Cappuccino Coffee Sachets 10 pack",
    "WOW Price": 3.15,
    "WOW Size": "10 pack",
    "WOW ppu": "$0.32 / 1EA"
  },
  {
    "Brand_Product_Size": "Nescafe Decaf Cappuccino Coffee Sachets 10 pack",
    "WOW Price": 3.15,
    "WOW Size": "10 pack",
    "WOW ppu": "$0.32 / 1EA"
  },
  {
    "Brand_Product_Size": "V Energy Drink 500mL x4 pack",
    "WOW Price": 10,
    "WOW Size": "500mL x4 pack",
    "WOW ppu": "$5.00 / 1L"
  },
  {
    "Brand_Product_Size": "Sabco Duex Scrub & Wipe Kitchen Sponge 3 pack",
    "WOW Price": 5.5,
    "WOW Size": "3 pack",
    "WOW ppu": "$1.83 / 1EA"
  },
  {
    "Brand_Product_Size": "Tom's Of Maine No Aluminium Women Deodorant Wild Lavender Stick 64g",
    "WOW Price": 7,
    "WOW Size": "64g",
    "WOW ppu": "$10.94 / 100G"
  },
  {
    "Brand_Product_Size": "Lakanto Low Carb Protein Pancake Mix 200g",
    "WOW Price": 7,
    "WOW Size": "200g",
    "WOW ppu": "$3.50 / 100G"
  },
  {
    "Brand_Product_Size": "Noshu 98% Sugar Free Choc Chip Bake Mix 300g",
    "WOW Price": 7.5,
    "WOW Size": "300g",
    "WOW ppu": "$2.50 / 100G"
  },
  {
    "Brand_Product_Size": "Woolworths Free From Gluten Pizza Base 190g",
    "WOW Price": 4.5,
    "WOW Size": "190g",
    "WOW ppu": "$2.37 / 100G"
  },
  {
    "Brand_Product_Size": "Ferrero Rocher Chocolates Box 5 pack",
    "WOW Price": 4.2,
    "WOW Size": "5 pack",
    "WOW ppu": "$6.72 / 100G"
  },
  {
    "Brand_Product_Size": "Tampax Compak Pearl Regular 18 pack",
    "WOW Price": 6.35,
    "WOW Size": "18 pack",
    "WOW ppu": "$0.35 / 1EA"
  },
  {
    "Brand_Product_Size": "Messy Monkeys Choc Crunch Cereal 240g",
    "WOW Price": 4,
    "WOW Size": "240g",
    "WOW ppu": "$1.67 / 100G"
  },
  {
    "Brand_Product_Size": "Woolworths Essentials Silicone Spatula Assorted each",
    "WOW Price": 2,
    "WOW Size": "each",
    "WOW ppu": ""
  },
  {
    "Brand_Product_Size": "Minor Figures Barista Oat Uht Milk 1L",
    "WOW Price": 4.8,
    "WOW Size": "1L",
    "WOW ppu": "$4.80 / 1L"
  },
  {
    "Brand_Product_Size": "Minor Figures Barista Oat Uht Milk 1L",
    "WOW Price": 4.8,
    "WOW Size": "1L",
    "WOW ppu": "$4.80 / 1L"
  },
  {
    "Brand_Product_Size": "Radiant Whites Or Colours Laundry Powder 4kg",
    "WOW Price": 16,
    "WOW Size": "4kg",
    "WOW ppu": "$4.00 / 1KG"
  },
  {
    "Brand_Product_Size": "Real Foods Corn Thins Original 150g",
    "WOW Price": 1,
    "WOW Size": "150g",
    "WOW ppu": "$0.67 / 100G"
  },
  {
    "Brand_Product_Size": "Real Foods Corn Thins Original 150g",
    "WOW Price": 1,
    "WOW Size": "150g",
    "WOW ppu": "$0.67 / 100G"
  },
  {
    "Brand_Product_Size": "Pastoral Free Range Ham Off The Bone Freshly Sliced From The Deli per kg",
    "WOW Price": 28,
    "WOW Size": "per kg",
    "WOW ppu": "$28.00 / 1KG"
  },
  {
    "Brand_Product_Size": "Sorbent Toilet Tissue White 20 pack",
    "WOW Price": 9.5,
    "WOW Size": "20 pack",
    "WOW ppu": "$0.26 / 100SS"
  },
  {
    "Brand_Product_Size": "Inkjoy Papermate Ballpoint Pen 3 Colours 4 pack",
    "WOW Price": 3.15,
    "WOW Size": "4 pack",
    "WOW ppu": ""
  },
  {
    "Brand_Product_Size": "Golden Circle Cordial Apple Peach Lychee 2L",
    "WOW Price": 3,
    "WOW Size": "2L",
    "WOW ppu": "$1.50 / 1L"
  },
  {
    "Brand_Product_Size": "Schwarzkopf Extra Care Hair Spray Strong Hold 250g",
    "WOW Price": 7,
    "WOW Size": "250g",
    "WOW ppu": "$2.80 / 100G"
  },
  {
    "Brand_Product_Size": "Sunsilk Keratin Shampoo Defeat Damage 350mL",
    "WOW Price": 5.5,
    "WOW Size": "350mL",
    "WOW ppu": "$1.57 / 100ML"
  },
  {
    "Brand_Product_Size": "So? Sinful Body Spray 150mL",
    "WOW Price": 3.75,
    "WOW Size": "150mL",
    "WOW ppu": "$2.50 / 100ML"
  },
  {
    "Brand_Product_Size": "Sperling Door Mat 60cm X 40cm each",
    "WOW Price": 10,
    "WOW Size": "each",
    "WOW ppu": ""
  },
  {
    "Brand_Product_Size": "Nature's Gift Meal Time Loaf Duck & Vegetables Dog Food 700g",
    "WOW Price": 2,
    "WOW Size": "700g",
    "WOW ppu": "$0.29 / 100G"
  },
  {
    "Brand_Product_Size": "Woolworths Essentials 4 Sided Grater Stainless Steel each",
    "WOW Price": 6,
    "WOW Size": "each",
    "WOW ppu": ""
  },
  {
    "Brand_Product_Size": "Korbond Kids Favours Srt 1 32g",
    "WOW Price": 2,
    "WOW Size": "32g",
    "WOW ppu": "$2.00 / 1EA"
  },
  {
    "Brand_Product_Size": "Explorer Mens Tough Work Crew Socks Size 6-10 3 pack",
    "WOW Price": 20,
    "WOW Size": "3 pack",
    "WOW ppu": ""
  },
  {
    "Brand_Product_Size": "Nature's Way Vitagummies For Adults Daily Fibre 110 pack",
    "WOW Price": 10,
    "WOW Size": "110 pack",
    "WOW ppu": "$9.09 / 100EA"
  },
  {
    "Brand_Product_Size": "Macro Organic Whole Egg Mayonnaise 440g",
    "WOW Price": 5.5,
    "WOW Size": "440g",
    "WOW ppu": "$1.25 / 100G"
  },
  {
    "Brand_Product_Size": "Gravox Gravy Sauce Pepper 29g",
    "WOW Price": 1.1,
    "WOW Size": "29g",
    "WOW ppu": "$0.38 / 10G"
  },
  {
    "Brand_Product_Size": "Vo5 Groomed Wax Styling 75mL",
    "WOW Price": 5,
    "WOW Size": "75mL",
    "WOW ppu": "$6.67 / 100ML"
  },
  {
    "Brand_Product_Size": "Nivea Sunscreen Moisturiser Lotion Spf50+ & Vitamin E 100mL",
    "WOW Price": 11,
    "WOW Size": "100mL",
    "WOW ppu": "$11.00 / 100ML"
  },
  {
    "Brand_Product_Size": "Doritos Nacho Cheese Dip 300g",
    "WOW Price": 2.5,
    "WOW Size": "300g",
    "WOW ppu": "$0.83 / 100G"
  },
  {
    "Brand_Product_Size": "Don Donskis Bullets Mild Salami 100g",
    "WOW Price": 3,
    "WOW Size": "100g",
    "WOW ppu": "$3.00 / 100G"
  },
  {
    "Brand_Product_Size": "Armada Pattern Paper Bowls 10 pack",
    "WOW Price": 3,
    "WOW Size": "10 pack",
    "WOW ppu": ""
  },
  {
    "Brand_Product_Size": "Revlon Volume + Length Magnified Mascara Blackest Black 8.5mL",
    "WOW Price": 11,
    "WOW Size": "8.5mL",
    "WOW ppu": "$12.94 / 10ML"
  },
  {
    "Brand_Product_Size": "Fantastic Fresh Noodles Thin Hokkien 450g",
    "WOW Price": 1.35,
    "WOW Size": "450g",
    "WOW ppu": "$0.30 / 100G"
  },
  {
    "Brand_Product_Size": "Jamie Oliver Large Baking Tray each",
    "WOW Price": 15,
    "WOW Size": "each",
    "WOW ppu": ""
  },
  {
    "Brand_Product_Size": "Glad Garbage Bags Wavetop 56l 20 pack",
    "WOW Price": 3.5,
    "WOW Size": "20 pack",
    "WOW ppu": "$0.18 / 1EA"
  },
  {
    "Brand_Product_Size": "Gravox Gravy Mix Supreme Roast Meat 29g",
    "WOW Price": 1.1,
    "WOW Size": "29g",
    "WOW ppu": "$0.38 / 10G"
  },
  {
    "Brand_Product_Size": "Purina One Adult Hairball With Chicken In Gravy Wet Cat Food 70g",
    "WOW Price": 1.8,
    "WOW Size": "70g",
    "WOW ppu": "$2.57 / 100G"
  },
  {
    "Brand_Product_Size": "Ultrafresh Breath Fresheners Cool Mint Spray 12mL",
    "WOW Price": 4.8,
    "WOW Size": "12mL",
    "WOW ppu": "$40.00 / 100ML"
  },
  {
    "Brand_Product_Size": "Twinings Earl Grey Tea Bags 50 pack 100g",
    "WOW Price": 6,
    "WOW Size": "50 pack 100g",
    "WOW ppu": "$0.12 / 1EA"
  },
  {
    "Brand_Product_Size": "Twinings Earl Grey Tea Bags 50 pack 100g",
    "WOW Price": 6,
    "WOW Size": "50 pack 100g",
    "WOW ppu": "$0.12 / 1EA"
  },
  {
    "Brand_Product_Size": "Manicare Corn Plane each",
    "WOW Price": 7.5,
    "WOW Size": "each",
    "WOW ppu": "$7.50 / 1EA"
  },
  {
    "Brand_Product_Size": "Nestle Uncle Tobys Muesli Bars Chewy Apricot 6 pack",
    "WOW Price": 4.3,
    "WOW Size": "6 pack",
    "WOW ppu": "$2.32 / 100G"
  },
  {
    "Brand_Product_Size": "Nestle Uncle Tobys Muesli Bars Chewy Apricot 6 pack",
    "WOW Price": 4.3,
    "WOW Size": "6 pack",
    "WOW ppu": "$2.32 / 100G"
  },
  {
    "Brand_Product_Size": "Woolworths Green Basil bunch",
    "WOW Price": 3,
    "WOW Size": "bunch",
    "WOW ppu": "$3.00 / 1EA"
  },
  {
    "Brand_Product_Size": "Woolworths Green Basil bunch",
    "WOW Price": 3,
    "WOW Size": "bunch",
    "WOW ppu": "$3.00 / 1EA"
  },
  {
    "Brand_Product_Size": "Vitasoy Chocolate Milk 1L",
    "WOW Price": 3,
    "WOW Size": "1L",
    "WOW ppu": "$3.00 / 1L"
  },
  {
    "Brand_Product_Size": "Supercoat Adult Small Breed Beef Dry Dog Food 3kg",
    "WOW Price": 15.5,
    "WOW Size": "3kg",
    "WOW ppu": "$0.52 / 100G"
  },
  {
    "Brand_Product_Size": "The Famous Homemade Almond Biscotti 150g",
    "WOW Price": 7,
    "WOW Size": "150g",
    "WOW ppu": "$4.67 / 100G"
  },
  {
    "Brand_Product_Size": "John West Tuna Tempter Chunky Springwater 95g",
    "WOW Price": 1.15,
    "WOW Size": "95g",
    "WOW ppu": "$12.11 / 1KG"
  },
  {
    "Brand_Product_Size": "Farmers Market Adult Wet Dog Food Home Style Shreds With Beef 250g",
    "WOW Price": 5,
    "WOW Size": "250g",
    "WOW ppu": "$2.00 / 100G"
  },
  {
    "Brand_Product_Size": "Maybelline Great Lash Volumizing Mascara - Blackest Black 12.7mL",
    "WOW Price": 6.5,
    "WOW Size": "12.7mL",
    "WOW ppu": "$5.12 / 10ML"
  },
  {
    "Brand_Product_Size": "Smith's Oven Baked Chips Multipack Sour Cream & Chives 26g x5 pack",
    "WOW Price": 4.65,
    "WOW Size": "26g x5 pack",
    "WOW ppu": "$3.58 / 100G"
  },
  {
    "Brand_Product_Size": "Korbond Instant Iron On Menders 3 pack",
    "WOW Price": 4,
    "WOW Size": "3 pack",
    "WOW ppu": ""
  },
  {
    "Brand_Product_Size": "Annalisa Diced Tomatoes Basil & Oregano 400g",
    "WOW Price": 1.45,
    "WOW Size": "400g",
    "WOW ppu": "$3.63 / 1KG"
  },
  {
    "Brand_Product_Size": "Kellogg's Lcms Yoghurty Split Stix Snack Bars 6 pack",
    "WOW Price": 2,
    "WOW Size": "6 pack",
    "WOW ppu": "$1.45 / 100G"
  },
  {
    "Brand_Product_Size": "Kellogg's Lcms Yoghurty Split Stix Snack Bars 6 pack",
    "WOW Price": 2,
    "WOW Size": "6 pack",
    "WOW ppu": "$1.45 / 100G"
  },
  {
    "Brand_Product_Size": "Leggos Fresh Napoli Sauce 250g",
    "WOW Price": 3.5,
    "WOW Size": "250g",
    "WOW ppu": "$1.40 / 100G"
  },
  {
    "Brand_Product_Size": "Slendier Zucchini & Eggplant Pasta Sauce 340g",
    "WOW Price": 5.8,
    "WOW Size": "340g",
    "WOW ppu": "$1.71 / 100G"
  },
  {
    "Brand_Product_Size": "Rufus & Coco 2 In 1 Oatmeal Dog Shampoo & Conditioner 200mL",
    "WOW Price": 12.79,
    "WOW Size": "200mL",
    "WOW ppu": "$6.40 / 100ML"
  },
  {
    "Brand_Product_Size": "Hoyt's Seasoning Moroccan Mix 65g",
    "WOW Price": 2.4,
    "WOW Size": "65g",
    "WOW ppu": "$0.37 / 10G"
  },
  {
    "Brand_Product_Size": "Mt Ossa Tasmanian Spring Water Still 750mL",
    "WOW Price": 2.9,
    "WOW Size": "750mL",
    "WOW ppu": "$3.87 / 1L"
  },
  {
    "Brand_Product_Size": "Mt Ossa Tasmanian Spring Water Still 750mL",
    "WOW Price": 2.9,
    "WOW Size": "750mL",
    "WOW ppu": "$3.87 / 1L"
  },
  {
    "Brand_Product_Size": "Tasti Smooshed Wholefood Balls Protein Cacao Brownie 174g",
    "WOW Price": 6.5,
    "WOW Size": "174g",
    "WOW ppu": "$3.74 / 100G"
  },
  {
    "Brand_Product_Size": "Sheese Mozzarella Vegan Cheese Grated 200g",
    "WOW Price": 8,
    "WOW Size": "200g",
    "WOW ppu": "$40.00 / 1KG"
  },
  {
    "Brand_Product_Size": "Phillips Avent Translucent Soother 0-6 Months 2 pack",
    "WOW Price": 12.5,
    "WOW Size": "2 pack",
    "WOW ppu": "$6.25 / 1EA"
  },
  {
    "Brand_Product_Size": "Beans Round per kg",
    "WOW Price": 6.9,
    "WOW Size": "per kg",
    "WOW ppu": "$6.90 / 1KG"
  },
  {
    "Brand_Product_Size": "Bertocchi Meaty Hock Smoked 800g - 1.3kg",
    "WOW Price": 14.3,
    "WOW Size": "800g - 1.3kg",
    "WOW ppu": "$11.00 / 1KG"
  },
  {
    "Brand_Product_Size": "Lavazza Prontissimo Espresso 95g",
    "WOW Price": 5,
    "WOW Size": "95g",
    "WOW ppu": "$5.26 / 100G"
  },
  {
    "Brand_Product_Size": "Lavazza Prontissimo Espresso 95g",
    "WOW Price": 5,
    "WOW Size": "95g",
    "WOW ppu": "$5.26 / 100G"
  },
  {
    "Brand_Product_Size": "Chobani Fit Strawberry Greek Yoghurt 170g",
    "WOW Price": 1.5,
    "WOW Size": "170g",
    "WOW ppu": "$0.88 / 100G"
  },
  {
    "Brand_Product_Size": "Dairyworks Jalapeno Cheese & Crackers 120g",
    "WOW Price": 4.5,
    "WOW Size": "120g",
    "WOW ppu": "$37.50 / 1KG"
  },
  {
    "Brand_Product_Size": "Hansells Chef's Kitchen Panna Cotta 65g",
    "WOW Price": 2,
    "WOW Size": "65g",
    "WOW ppu": "$3.08 / 100G"
  },
  {
    "Brand_Product_Size": "Woolworths Roasted & Salted Pistachios 170g",
    "WOW Price": 6,
    "WOW Size": "170g",
    "WOW ppu": "$35.29 / 1KG"
  },
  {
    "Brand_Product_Size": "Spc Puree & Simple Apple & Strawberry 90g",
    "WOW Price": 1.1,
    "WOW Size": "90g",
    "WOW ppu": "$12.22 / 1KG"
  },
  {
    "Brand_Product_Size": "Woolworths Dill 10g",
    "WOW Price": 2,
    "WOW Size": "10g",
    "WOW ppu": "$2.00 / 10G"
  },
  {
    "Brand_Product_Size": "Banana Boat Spf 50+ Sunscreen Sport Tube 100g",
    "WOW Price": 11,
    "WOW Size": "100g",
    "WOW ppu": "$11.00 / 100G"
  },
  {
    "Brand_Product_Size": "Toni & Guy Strength Plex Bond Repair Conditioner 250mL",
    "WOW Price": 8,
    "WOW Size": "250mL",
    "WOW ppu": "$3.20 / 100ML"
  },
  {
    "Brand_Product_Size": "Clean Laundry Collection Laundry Basket each",
    "WOW Price": 12,
    "WOW Size": "each",
    "WOW ppu": ""
  },
  {
    "Brand_Product_Size": "Bulla Creamy Classics Ice Cream Vanilla & Boysenberry 2L",
    "WOW Price": 4.25,
    "WOW Size": "2L",
    "WOW ppu": "$0.21 / 100ML"
  },
  {
    "Brand_Product_Size": "Cadbury Baking Dark Chocolate Melts 225g",
    "WOW Price": 3,
    "WOW Size": "225g",
    "WOW ppu": "$1.33 / 100G"
  },
  {
    "Brand_Product_Size": "Nivea Irresistibly Smooth Body Moisturiser + Shea Butter 400mL",
    "WOW Price": 6.4,
    "WOW Size": "400mL",
    "WOW ppu": "$1.60 / 100ML"
  },
  {
    "Brand_Product_Size": "Lamb Shanks 500g - 1.2kg",
    "WOW Price": 17.4,
    "WOW Size": "500g - 1.2kg",
    "WOW ppu": "$14.50 / 1KG"
  },
  {
    "Brand_Product_Size": "Aussie Bodies Protein Fx Lo Carb Peanut Butter Caramel 4x30g",
    "WOW Price": 9,
    "WOW Size": "4x30g",
    "WOW ppu": "$7.50 / 100G"
  },
  {
    "Brand_Product_Size": "Select White Grapes 400g bunch",
    "WOW Price": 3.9,
    "WOW Size": "400g bunch",
    "WOW ppu": "$9.75 / 1KG"
  },
  {
    "Brand_Product_Size": "Dollar Sweets Jurassic Bitz 125g",
    "WOW Price": 3.5,
    "WOW Size": "125g",
    "WOW ppu": "$2.80 / 100G"
  },
  {
    "Brand_Product_Size": "Creative Gourmet Frozen Mango Chunks 500g",
    "WOW Price": 4.5,
    "WOW Size": "500g",
    "WOW ppu": "$9.00 / 1KG"
  },
  {
    "Brand_Product_Size": "Woolworths Zucchini & Carrot Spaghetti 250g",
    "WOW Price": 3,
    "WOW Size": "250g",
    "WOW ppu": "$12.00 / 1KG"
  },
  {
    "Brand_Product_Size": "Capilano Twist & Squeeze Honey 220g",
    "WOW Price": 4.7,
    "WOW Size": "220g",
    "WOW ppu": "$2.14 / 100G"
  },
  {
    "Brand_Product_Size": "Mission Pita Bread Pockets Plain 420g",
    "WOW Price": 4,
    "WOW Size": "420g",
    "WOW ppu": "$0.95 / 100G"
  },
  {
    "Brand_Product_Size": "Gravox Finishing Sauce Diane 165g",
    "WOW Price": 1.75,
    "WOW Size": "165g",
    "WOW ppu": "$1.06 / 100G"
  },
  {
    "Brand_Product_Size": "Syndian Super Green Falafel Vegan Bites 300g",
    "WOW Price": 5.2,
    "WOW Size": "300g",
    "WOW ppu": "$1.73 / 100G"
  },
  {
    "Brand_Product_Size": "Kellogg's Lcms Choc Chip Cereal Snack Bars 15 pack",
    "WOW Price": 7,
    "WOW Size": "15 pack",
    "WOW ppu": "$2.12 / 100G"
  },
  {
    "Brand_Product_Size": "Kellogg's Lcms Choc Chip Cereal Snack Bars 15 pack",
    "WOW Price": 7,
    "WOW Size": "15 pack",
    "WOW ppu": "$2.12 / 100G"
  },
  {
    "Brand_Product_Size": "Woolworths Mushrooms Oyster 150g punnet",
    "WOW Price": 4,
    "WOW Size": "150g punnet",
    "WOW ppu": "$26.67 / 1KG"
  },
  {
    "Brand_Product_Size": "Schwarzkopf Colour Specialist 1.0 Opulent Black each",
    "WOW Price": 9.5,
    "WOW Size": "each",
    "WOW ppu": "$9.50 / 1EA"
  },
  {
    "Brand_Product_Size": "Woolworths Spaghetti Bolognese 375g",
    "WOW Price": 3,
    "WOW Size": "375g",
    "WOW ppu": "$0.80 / 100G"
  },
  {
    "Brand_Product_Size": "Farmers Union Greek Style Yogurt Vanilla 950g",
    "WOW Price": 5.5,
    "WOW Size": "950g",
    "WOW ppu": "$0.58 / 100G"
  },
  {
    "Brand_Product_Size": "Biozet Attack Liquid With Softner 2L",
    "WOW Price": 11,
    "WOW Size": "2L",
    "WOW ppu": "$5.50 / 1L"
  },
  {
    "Brand_Product_Size": "Fussy Cat Grain Free Chicken Mince Casserole Wet Cat Food 400g",
    "WOW Price": 1.8,
    "WOW Size": "400g",
    "WOW ppu": "$0.45 / 100G"
  },
  {
    "Brand_Product_Size": "Laughing Cow Cheese Original 128g",
    "WOW Price": 3.75,
    "WOW Size": "128g",
    "WOW ppu": "$29.30 / 1KG"
  },
  {
    "Brand_Product_Size": "Laughing Cow Cheese Original 128g",
    "WOW Price": 3.75,
    "WOW Size": "128g",
    "WOW ppu": "$29.30 / 1KG"
  },
  {
    "Brand_Product_Size": "Laughing Cow Cheese Original 128g",
    "WOW Price": 3.75,
    "WOW Size": "128g",
    "WOW ppu": "$29.30 / 1KG"
  },
  {
    "Brand_Product_Size": "Extra Strawberry Chewing Gum Sugar Free Multipack 3x14 Piece 81g",
    "WOW Price": 4,
    "WOW Size": "81g",
    "WOW ppu": "$4.94 / 100G"
  },
  {
    "Brand_Product_Size": "Yumi's Italian Olive Dip 200g",
    "WOW Price": 4,
    "WOW Size": "200g",
    "WOW ppu": "$2.00 / 100G"
  },
  {
    "Brand_Product_Size": "Mint Lemon Squeezer each",
    "WOW Price": 5,
    "WOW Size": "each",
    "WOW ppu": ""
  },
  {
    "Brand_Product_Size": "Clio Invisible Band Anklet Black One Size each",
    "WOW Price": 4,
    "WOW Size": "each",
    "WOW ppu": ""
  },
  {
    "Brand_Product_Size": "Air Wick Botanica Non-aerosol Spray Caribbean Vetiver Sandalwood 236mL",
    "WOW Price": 7.5,
    "WOW Size": "236mL",
    "WOW ppu": "$3.18 / 100ML"
  },
  {
    "Brand_Product_Size": "Moki Life Moki Life Wireless Headphones each",
    "WOW Price": 25,
    "WOW Size": "each",
    "WOW ppu": ""
  },
  {
    "Brand_Product_Size": "Mckenzie's Saffron 100mg",
    "WOW Price": 13,
    "WOW Size": "100mg",
    "WOW ppu": "$1,300.00 / 10G"
  },
  {
    "Brand_Product_Size": "L'oreal False Lash Superstar Mascara 13mL",
    "WOW Price": 14.5,
    "WOW Size": "13mL",
    "WOW ppu": "$11.15 / 10ML"
  },
  {
    "Brand_Product_Size": "Moro Dressings Italian Glaze 118mL",
    "WOW Price": 4,
    "WOW Size": "118mL",
    "WOW ppu": "$3.39 / 100ML"
  },
  {
    "Brand_Product_Size": "Bx Earth Noosa Passion & Berry Reed Diffuser 150mL",
    "WOW Price": 15,
    "WOW Size": "150mL",
    "WOW ppu": "$10.00 / 100ML"
  },
  {
    "Brand_Product_Size": "Macro Organic Full Cream Milk 1L",
    "WOW Price": 2.2,
    "WOW Size": "1L",
    "WOW ppu": "$2.20 / 1L"
  },
  {
    "Brand_Product_Size": "Safcol Tuna Italian Style Tomato & Onion 74g",
    "WOW Price": 2,
    "WOW Size": "74g",
    "WOW ppu": "$27.03 / 1KG"
  },
  {
    "Brand_Product_Size": "Bonds Mens Invisible Socks Size 6-10 2 pack",
    "WOW Price": 9,
    "WOW Size": "2 pack",
    "WOW ppu": ""
  },
  {
    "Brand_Product_Size": "Rufus & Coco Itch Relief Dog Shampoo 200mL",
    "WOW Price": 13.79,
    "WOW Size": "200mL",
    "WOW ppu": "$6.90 / 100ML"
  },
  {
    "Brand_Product_Size": "Schwarzkopf Extra Care Shampoo Marrakesh Oil 400mL",
    "WOW Price": 4.8,
    "WOW Size": "400mL",
    "WOW ppu": "$1.20 / 100ML"
  },
  {
    "Brand_Product_Size": "Nicorette Spearmint Gum 4mg 150 pack",
    "WOW Price": 48,
    "WOW Size": "150 pack",
    "WOW ppu": "$0.32 / 1EA"
  },
  {
    "Brand_Product_Size": "Select Non Skid Medium Embossed Dog Bowl each",
    "WOW Price": 9.77,
    "WOW Size": "each",
    "WOW ppu": ""
  },
  {
    "Brand_Product_Size": "Cadbury Fry's Turkish Delight 55g bar",
    "WOW Price": 1.5,
    "WOW Size": "55g bar",
    "WOW ppu": "$2.73 / 100G"
  },
  {
    "Brand_Product_Size": "Dermaveen Body Wash Soap Free 500mL",
    "WOW Price": 13.6,
    "WOW Size": "500mL",
    "WOW ppu": "$2.72 / 100ML"
  },
  {
    "Brand_Product_Size": "Decor Match-ups Oblong Container 1l each",
    "WOW Price": 6,
    "WOW Size": "each",
    "WOW ppu": ""
  },
  {
    "Brand_Product_Size": "Neutrogena Hydro Boost Hydrating Hydrogel Mask 30g",
    "WOW Price": 6,
    "WOW Size": "30g",
    "WOW ppu": "$20.00 / 100G"
  },
  {
    "Brand_Product_Size": "Revlon Colorstay 16hr Eyeshadow Addictive 4.8g",
    "WOW Price": 12.5,
    "WOW Size": "4.8g",
    "WOW ppu": "$26.04 / 10G"
  },
  {
    "Brand_Product_Size": "Lifebuoy Hand Sanitiser Spray 150mL",
    "WOW Price": 3.75,
    "WOW Size": "150mL",
    "WOW ppu": "$2.50 / 100ML"
  },
  {
    "Brand_Product_Size": "Norsca 0% Aluminium Antiperspirant Rosewater & Lotus Roll-on 50mL",
    "WOW Price": 5,
    "WOW Size": "50mL",
    "WOW ppu": "$10.00 / 100ML"
  },
  {
    "Brand_Product_Size": "Blackmores Pre-conception Conceive Well Gold 56 pack",
    "WOW Price": 39,
    "WOW Size": "56 pack",
    "WOW ppu": "$69.64 / 100EA"
  },
  {
    "Brand_Product_Size": "Masterfoods Cloves Whole 20g",
    "WOW Price": 4.3,
    "WOW Size": "20g",
    "WOW ppu": "$2.15 / 10G"
  },
  {
    "Brand_Product_Size": "White Wings Cake In A Cup Triple Choc Brownie 4 pack 220g",
    "WOW Price": 5,
    "WOW Size": "4 pack 220g",
    "WOW ppu": "$2.27 / 100G"
  },
  {
    "Brand_Product_Size": "Panadol Rapid For Pain Relief Paracetamol 500 Mg 20 pack",
    "WOW Price": 5,
    "WOW Size": "20 pack",
    "WOW ppu": "$0.25 / 1EA"
  },
  {
    "Brand_Product_Size": "Hydralyte Orange Effervescent Tablets 40 pack",
    "WOW Price": 22,
    "WOW Size": "40 pack",
    "WOW ppu": "$55.00 / 100EA"
  },
  {
    "Brand_Product_Size": "Revlon Super Lustrous Matte Lipstick Show Off 4.2g",
    "WOW Price": 12.5,
    "WOW Size": "4.2g",
    "WOW ppu": "$29.76 / 10G"
  },
  {
    "Brand_Product_Size": "Colgate Advanced Whitening Charcoal Fluoride Toothpaste 170g",
    "WOW Price": 3.5,
    "WOW Size": "170g",
    "WOW ppu": "$2.06 / 100G"
  },
  {
    "Brand_Product_Size": "Rimmel Oh My Gloss Snog 6.5mL",
    "WOW Price": 7,
    "WOW Size": "6.5mL",
    "WOW ppu": "$10.77 / 10ML"
  },
  {
    "Brand_Product_Size": "Hart & Soul Chicken & Wholegrain Rice Soup 400g",
    "WOW Price": 4,
    "WOW Size": "400g",
    "WOW ppu": "$1.00 / 100G"
  },
  {
    "Brand_Product_Size": "Bx Earth Good On You Love Enriching Body Wash 600mL",
    "WOW Price": 6.4,
    "WOW Size": "600mL",
    "WOW ppu": "$1.07 / 100ML"
  },
  {
    "Brand_Product_Size": "Natures Goodness Grain Free Chicken With Lamb & Garden Veg Dry Dog Food 7kg",
    "WOW Price": 30.6,
    "WOW Size": "7kg",
    "WOW ppu": "$0.44 / 100G"
  },
  {
    "Brand_Product_Size": "Panadol Extra With Optizorb Paracetamol Pain Relief 20 pack",
    "WOW Price": 7.2,
    "WOW Size": "20 pack",
    "WOW ppu": "$0.36 / 1EA"
  },
  {
    "Brand_Product_Size": "Aunt Betty's Sticky Date Steamy Puds 2x95g",
    "WOW Price": 4,
    "WOW Size": "2x95g",
    "WOW ppu": "$2.11 / 100G"
  },
  {
    "Brand_Product_Size": "Woolworths Spiral Lecture Book A4 140pg each",
    "WOW Price": 3.5,
    "WOW Size": "140pg each",
    "WOW ppu": ""
  },
  {
    "Brand_Product_Size": "Maille Hollandaise Cream Sauce With Lemon Juice 200mL",
    "WOW Price": 4.2,
    "WOW Size": "200mL",
    "WOW ppu": "$2.10 / 100ML"
  },
  {
    "Brand_Product_Size": "Cloverdale Tasty & Sweet Pure Honey 1kg",
    "WOW Price": 10,
    "WOW Size": "1kg",
    "WOW ppu": "$1.00 / 100G"
  },
  {
    "Brand_Product_Size": "Rexona Men Antiperspirant Aerosol Deodorant Original 250mL",
    "WOW Price": 5,
    "WOW Size": "250mL",
    "WOW ppu": "$2.00 / 100ML"
  },
  {
    "Brand_Product_Size": "Surf Coastal Luxury Laundry Liquid 2L",
    "WOW Price": 7,
    "WOW Size": "2L",
    "WOW ppu": "$3.50 / 1L"
  },
  {
    "Brand_Product_Size": "Mtr Ready To Eat Bhindhi Masala 300g",
    "WOW Price": 2.75,
    "WOW Size": "300g",
    "WOW ppu": "$0.92 / 100G"
  },
  {
    "Brand_Product_Size": "Korbond Happy Birthday Plaque With Coloured Candles 31g",
    "WOW Price": 2.5,
    "WOW Size": "31g",
    "WOW ppu": "$2.50 / 1EA"
  },
  {
    "Brand_Product_Size": "Australia's Own Whipping Cream Uht 200mL",
    "WOW Price": 1.5,
    "WOW Size": "200mL",
    "WOW ppu": "$7.50 / 1L"
  },
  {
    "Brand_Product_Size": "Vittoria Black Valley Nespresso Compatible Coffee Capsules pack 10",
    "WOW Price": 7,
    "WOW Size": "pack 10",
    "WOW ppu": "$0.70 / 1EA"
  },
  {
    "Brand_Product_Size": "Vittoria Black Valley Nespresso Compatible Coffee Capsules pack 10",
    "WOW Price": 7,
    "WOW Size": "pack 10",
    "WOW ppu": "$0.70 / 1EA"
  },
  {
    "Brand_Product_Size": "Woolworths Essentials Underwear Boy's Basic Briefs Size 4-5 each",
    "WOW Price": 8,
    "WOW Size": "each",
    "WOW ppu": ""
  },
  {
    "Brand_Product_Size": "Birds Eye Fillets Natural Salmon 260g",
    "WOW Price": 12.5,
    "WOW Size": "260g",
    "WOW ppu": "$48.08 / 1KG"
  },
  {
    "Brand_Product_Size": "York Foods Lard 250g",
    "WOW Price": 4.5,
    "WOW Size": "250g",
    "WOW ppu": "$1.80 / 100G"
  },
  {
    "Brand_Product_Size": "Vevelle White Toilet Tissue 3ply 190 Sheets 4 pack",
    "WOW Price": 2.5,
    "WOW Size": "4 pack",
    "WOW ppu": "$0.33 / 100SS"
  },
  {
    "Brand_Product_Size": "Bic 1 Sensitive Disposable Razor 10 pack",
    "WOW Price": 3.4,
    "WOW Size": "10 pack",
    "WOW ppu": "$0.34 / 1EA"
  },
  {
    "Brand_Product_Size": "Woolworths Superfood Mix 70g",
    "WOW Price": 2,
    "WOW Size": "70g",
    "WOW ppu": "$28.57 / 1KG"
  },
  {
    "Brand_Product_Size": "Dine Creamy Treats Tuna & Salmon Flavour Cat Treat 4 pack",
    "WOW Price": 2.1,
    "WOW Size": "4 pack",
    "WOW ppu": "$4.38 / 100G"
  },
  {
    "Brand_Product_Size": "Woolworths Dressing 99% Free French 300mL",
    "WOW Price": 1.8,
    "WOW Size": "300mL",
    "WOW ppu": "$0.60 / 100ML"
  },
  {
    "Brand_Product_Size": "Green's Learn To Bake Fun Magic Mix 430g",
    "WOW Price": 4,
    "WOW Size": "430g",
    "WOW ppu": "$0.93 / 100G"
  },
  {
    "Brand_Product_Size": "Smitten Kitten Food Chicken Mince 400g",
    "WOW Price": 0.85,
    "WOW Size": "400g",
    "WOW ppu": "$0.21 / 100G"
  },
  {
    "Brand_Product_Size": "Goulburn Valley Plums 700g",
    "WOW Price": 3.7,
    "WOW Size": "700g",
    "WOW ppu": "$5.29 / 1KG"
  },
  {
    "Brand_Product_Size": "Bonds Kids Cushioned 1/4 Crew Socks Size 5-8 3 pack",
    "WOW Price": 9.1,
    "WOW Size": "3 pack",
    "WOW ppu": ""
  },
  {
    "Brand_Product_Size": "Pampas Shortcrust Pastry 5 Sheets 1kg",
    "WOW Price": 4.5,
    "WOW Size": "1kg",
    "WOW ppu": "$0.45 / 100G"
  },
  {
    "Brand_Product_Size": "Clairol Natural Instincts 5g Medium Golden Brown each",
    "WOW Price": 16,
    "WOW Size": "each",
    "WOW ppu": ""
  },
  {
    "Brand_Product_Size": "Lucky Natural Golden Walnuts 100g",
    "WOW Price": 3,
    "WOW Size": "100g",
    "WOW ppu": "$30.00 / 1KG"
  },
  {
    "Brand_Product_Size": "Strength Meals Co Chicken Stroganoff 350g",
    "WOW Price": 9,
    "WOW Size": "350g",
    "WOW ppu": "$2.57 / 100G"
  },
  {
    "Brand_Product_Size": "Cenovis Garlic Immunity Capsules 60 pack",
    "WOW Price": 10,
    "WOW Size": "60 pack",
    "WOW ppu": "$16.67 / 100EA"
  },
  {
    "Brand_Product_Size": "Salmon Tasmanian Atlantic Fillets Skinned & Boned per kg",
    "WOW Price": 29,
    "WOW Size": "per kg",
    "WOW ppu": "$29.00 / 1KG"
  },
  {
    "Brand_Product_Size": "Chilli Con Carne 375g",
    "WOW Price": 3,
    "WOW Size": "375g",
    "WOW ppu": "$0.80 / 100G"
  },
  {
    "Brand_Product_Size": "Cadbury Baking Milk Chocolate Melts 225g",
    "WOW Price": 3,
    "WOW Size": "225g",
    "WOW ppu": "$1.33 / 100G"
  },
  {
    "Brand_Product_Size": "Weight Watchers Peri Peri Chicken 400g",
    "WOW Price": 10,
    "WOW Size": "400g",
    "WOW ppu": "$2.50 / 100G"
  },
  {
    "Brand_Product_Size": "Pepsi Max Bottle 2L",
    "WOW Price": 2.15,
    "WOW Size": "2L",
    "WOW ppu": "$1.08 / 1L"
  },
  {
    "Brand_Product_Size": "Nivea Men Deep Espresso Aerosol Antiperspirant Deodorant 250mL",
    "WOW Price": 6.5,
    "WOW Size": "250mL",
    "WOW ppu": "$2.60 / 100ML"
  },
  {
    "Brand_Product_Size": "Woolworths Mint Choc Chip Cookie Ice Cream Tub 1L",
    "WOW Price": 5,
    "WOW Size": "1L",
    "WOW ppu": "$0.50 / 100ML"
  },
  {
    "Brand_Product_Size": "Azure Wipes Anti Bacterial Sensitive 15 pack",
    "WOW Price": 1.4,
    "WOW Size": "15 pack",
    "WOW ppu": "$0.09 / 1EA"
  },
  {
    "Brand_Product_Size": "Azure Wipes Anti Bacterial Sensitive 15 pack",
    "WOW Price": 1.4,
    "WOW Size": "15 pack",
    "WOW ppu": "$0.09 / 1EA"
  },
  {
    "Brand_Product_Size": "Plantein Plant Based Nuggets 300g",
    "WOW Price": 7.5,
    "WOW Size": "300g",
    "WOW ppu": "$25.00 / 1KG"
  },
  {
    "Brand_Product_Size": "Moccona Soy Cappuccino 8 pack",
    "WOW Price": 3,
    "WOW Size": "8 pack",
    "WOW ppu": "$0.38 / 1EA"
  },
  {
    "Brand_Product_Size": "Moccona Soy Cappuccino 8 pack",
    "WOW Price": 3,
    "WOW Size": "8 pack",
    "WOW ppu": "$0.38 / 1EA"
  },
  {
    "Brand_Product_Size": "Best Foods Real Mayonnaise 810g",
    "WOW Price": 8.4,
    "WOW Size": "810g",
    "WOW ppu": "$1.04 / 100G"
  },
  {
    "Brand_Product_Size": "The Odd Bunch Carrot Prepacked 1kg",
    "WOW Price": 1.9,
    "WOW Size": "1kg",
    "WOW ppu": "$1.90 / 1KG"
  },
  {
    "Brand_Product_Size": "Maybelline Dream Radiant Liquid Foundation Nude 30mL",
    "WOW Price": 12.5,
    "WOW Size": "30mL",
    "WOW ppu": "$4.17 / 10ML"
  },
  {
    "Brand_Product_Size": "Nature's Own Glucosamine Sulfate Tablets 240 pack",
    "WOW Price": 30,
    "WOW Size": "240 pack",
    "WOW ppu": "$12.50 / 100EA"
  },
  {
    "Brand_Product_Size": "Super Nature Pulses Bowl Tuna Bake 300g",
    "WOW Price": 4,
    "WOW Size": "300g",
    "WOW ppu": "$1.33 / 100G"
  },
  {
    "Brand_Product_Size": "Dettol Healthy Clean Antibacterial Kitchen Cleaner Trigger Spray 500mL",
    "WOW Price": 4.5,
    "WOW Size": "500mL",
    "WOW ppu": "$0.90 / 100ML"
  },
  {
    "Brand_Product_Size": "Madura English Breakfast Tea Bags 50 pack 100g",
    "WOW Price": 4.85,
    "WOW Size": "50 pack 100g",
    "WOW ppu": "$0.10 / 1EA"
  },
  {
    "Brand_Product_Size": "Madura English Breakfast Tea Bags 50 pack 100g",
    "WOW Price": 4.85,
    "WOW Size": "50 pack 100g",
    "WOW ppu": "$0.10 / 1EA"
  },
  {
    "Brand_Product_Size": "Sistema Klip It Plus Rectangle Container 10L",
    "WOW Price": 8,
    "WOW Size": "10L",
    "WOW ppu": "$8.00 / 1EA"
  },
  {
    "Brand_Product_Size": "Swisse Ultibiotic Daily Immune Probiotic Capsules 30 pack",
    "WOW Price": 33,
    "WOW Size": "30 pack",
    "WOW ppu": "$110.00 / 100EA"
  },
  {
    "Brand_Product_Size": "Hygiene Plus Gloves Disposable Powder Free 24 pack",
    "WOW Price": 4.7,
    "WOW Size": "24 pack",
    "WOW ppu": "$0.20 / 1EA"
  },
  {
    "Brand_Product_Size": "Gatorade No Sugar Glacier Freeze 600mL",
    "WOW Price": 2.15,
    "WOW Size": "600mL",
    "WOW ppu": "$3.58 / 1L"
  },
  {
    "Brand_Product_Size": "Air Wick Reed Diffuser Decorative Blackberry & Vanilla Silk 50mL",
    "WOW Price": 8,
    "WOW Size": "50mL",
    "WOW ppu": "$1.60 / 10ML"
  },
  {
    "Brand_Product_Size": "Woolworths Chinese Bbq Pork From The Deli per kg",
    "WOW Price": 30,
    "WOW Size": "per kg",
    "WOW ppu": "$30.00 / 1KG"
  },
  {
    "Brand_Product_Size": "Monster Mango Loco Energy Juice 500mL",
    "WOW Price": 2.75,
    "WOW Size": "500mL",
    "WOW ppu": "$5.50 / 1L"
  },
  {
    "Brand_Product_Size": "Mcobeauty Angled Blender Sponge each",
    "WOW Price": 5,
    "WOW Size": "each",
    "WOW ppu": "$5.00 / 1EA"
  },
  {
    "Brand_Product_Size": "Woolworths Chargrilled Chicken Dinner 350g",
    "WOW Price": 8.5,
    "WOW Size": "350g",
    "WOW ppu": "$2.43 / 100G"
  },
  {
    "Brand_Product_Size": "Grinders Fair Trade Organic Coffee Beans Crema 1kg",
    "WOW Price": 20,
    "WOW Size": "1kg",
    "WOW ppu": "$2.00 / 100G"
  },
  {
    "Brand_Product_Size": "Grinders Fair Trade Organic Coffee Beans Crema 1kg",
    "WOW Price": 20,
    "WOW Size": "1kg",
    "WOW ppu": "$2.00 / 100G"
  },
  {
    "Brand_Product_Size": "Ambrosia Apple each",
    "WOW Price": 1.3,
    "WOW Size": "each",
    "WOW ppu": "$1.30 / 1EA"
  },
  {
    "Brand_Product_Size": "Sharwood's Creamy Butter Chicken 420g",
    "WOW Price": 2,
    "WOW Size": "420g",
    "WOW ppu": "$0.48 / 100G"
  },
  {
    "Brand_Product_Size": "Bickford's Prune Juice 250mL",
    "WOW Price": 2.6,
    "WOW Size": "250mL",
    "WOW ppu": "$10.40 / 1L"
  },
  {
    "Brand_Product_Size": "Woolworths Peach In Mango Flavoured Jelly 4x120g",
    "WOW Price": 2.2,
    "WOW Size": "4x120g",
    "WOW ppu": "$4.58 / 1KG"
  },
  {
    "Brand_Product_Size": "Woolworths Peach In Mango Flavoured Jelly 4x120g",
    "WOW Price": 2.2,
    "WOW Size": "4x120g",
    "WOW ppu": "$4.58 / 1KG"
  },
  {
    "Brand_Product_Size": "L'oreal Infallable More Than Concealer 328 Biscuit 11mL",
    "WOW Price": 15,
    "WOW Size": "11mL",
    "WOW ppu": "$13.64 / 10ML"
  },
  {
    "Brand_Product_Size": "Ingham's Turkey Breast Mince 400g",
    "WOW Price": 8,
    "WOW Size": "400g",
    "WOW ppu": "$20.00 / 1KG"
  },
  {
    "Brand_Product_Size": "Kellogg's Special K High Fibre Advantage Cereal 315g",
    "WOW Price": 3.6,
    "WOW Size": "315g",
    "WOW ppu": "$1.14 / 100G"
  },
  {
    "Brand_Product_Size": "The Odd Bunch Lime Prepacked 500g",
    "WOW Price": 3.9,
    "WOW Size": "500g",
    "WOW ppu": "$7.80 / 1KG"
  },
  {
    "Brand_Product_Size": "A2 Full Cream Milk Powder 1kg",
    "WOW Price": 15,
    "WOW Size": "1kg",
    "WOW ppu": "$1.50 / 100G"
  },
  {
    "Brand_Product_Size": "A2 Full Cream Milk Powder 1kg",
    "WOW Price": 15,
    "WOW Size": "1kg",
    "WOW ppu": "$1.50 / 100G"
  },
  {
    "Brand_Product_Size": "Nestle Peppermint Crisp Large 50g",
    "WOW Price": 2,
    "WOW Size": "50g",
    "WOW ppu": "$4.08 / 100G"
  },
  {
    "Brand_Product_Size": "Bed Head Shampoo Resurrection 250mL",
    "WOW Price": 19,
    "WOW Size": "250mL",
    "WOW ppu": "$7.60 / 100ML"
  },
  {
    "Brand_Product_Size": "Beef Rump Steak Large 700g - 1.3kg",
    "WOW Price": 37.05,
    "WOW Size": "700g - 1.3kg",
    "WOW ppu": "$28.50 / 1KG"
  },
  {
    "Brand_Product_Size": "Tic Tac Peppermint 24g",
    "WOW Price": 2,
    "WOW Size": "24g",
    "WOW ppu": "$8.33 / 100G"
  },
  {
    "Brand_Product_Size": "Dare Caramel Latte Iced Coffee 750mL",
    "WOW Price": 3.2,
    "WOW Size": "750mL",
    "WOW ppu": "$4.27 / 1L"
  },
  {
    "Brand_Product_Size": "Zanetti Firm Parmesan Cheese Grana Padano 200g",
    "WOW Price": 8.5,
    "WOW Size": "200g",
    "WOW ppu": "$42.50 / 1KG"
  },
  {
    "Brand_Product_Size": "Zanetti Firm Parmesan Cheese Grana Padano 200g",
    "WOW Price": 8.5,
    "WOW Size": "200g",
    "WOW ppu": "$42.50 / 1KG"
  },
  {
    "Brand_Product_Size": "Norsca Deodorant Aerosol Instant Adrenalin 150g",
    "WOW Price": 6,
    "WOW Size": "150g",
    "WOW ppu": "$2.45 / 100ML"
  },
  {
    "Brand_Product_Size": "Arctic Zone 12 Can Zipperless Cooler each",
    "WOW Price": 18,
    "WOW Size": "each",
    "WOW ppu": ""
  },
  {
    "Brand_Product_Size": "Woolworths Market Value Thin Sausage 1.8kg",
    "WOW Price": 11,
    "WOW Size": "1.8kg",
    "WOW ppu": "$6.11 / 1KG"
  },
  {
    "Brand_Product_Size": "Red Rock Deli Honey Soy Chicken Deli Style Crackers 135g",
    "WOW Price": 2.8,
    "WOW Size": "135g",
    "WOW ppu": "$2.07 / 100G"
  },
  {
    "Brand_Product_Size": "For Him Fly Front Trunks Xlarge Assorted 3 pack",
    "WOW Price": 12,
    "WOW Size": "3 pack",
    "WOW ppu": ""
  },
  {
    "Brand_Product_Size": "Csr Demerara Sugar 375g",
    "WOW Price": 3,
    "WOW Size": "375g",
    "WOW ppu": "$0.80 / 100G"
  },
  {
    "Brand_Product_Size": "Energizer 379 Battery each",
    "WOW Price": 2.99,
    "WOW Size": "each",
    "WOW ppu": "$2.99 / 1EA"
  },
  {
    "Brand_Product_Size": "Nair Hair Removal Wax Easiwax Large Strips 20 pack",
    "WOW Price": 10,
    "WOW Size": "20 pack",
    "WOW ppu": "$0.50 / 1EA"
  },
  {
    "Brand_Product_Size": "Kan Tong Honey Soy & Garlic Meal Base Pouch 175g",
    "WOW Price": 2.9,
    "WOW Size": "175g",
    "WOW ppu": "$1.66 / 100G"
  },
  {
    "Brand_Product_Size": "Woolworths Free From Gluten White Bread 550g",
    "WOW Price": 4.5,
    "WOW Size": "550g",
    "WOW ppu": "$0.82 / 100G"
  },
  {
    "Brand_Product_Size": "Woolworths Free From Gluten White Bread 550g",
    "WOW Price": 4.5,
    "WOW Size": "550g",
    "WOW ppu": "$0.82 / 100G"
  },
  {
    "Brand_Product_Size": "Woolworths Free From Gluten White Bread 550g",
    "WOW Price": 4.5,
    "WOW Size": "550g",
    "WOW ppu": "$0.82 / 100G"
  },
  {
    "Brand_Product_Size": "Massel 7's Chicken Cubes Gluten Free 35g",
    "WOW Price": 1,
    "WOW Size": "35g",
    "WOW ppu": "$0.29 / 10G"
  },
  {
    "Brand_Product_Size": "Love'em Beef Straps Dog Treats 150g",
    "WOW Price": 3,
    "WOW Size": "150g",
    "WOW ppu": "$2.00 / 100G"
  },
  {
    "Brand_Product_Size": "S&b Japanese Style Chilli Paste Tube 43g",
    "WOW Price": 3,
    "WOW Size": "43g",
    "WOW ppu": "$6.98 / 100G"
  },
  {
    "Brand_Product_Size": "Cold Power Clean & Fresh Odour Fighter Laundry Powder 1.8kg",
    "WOW Price": 8.75,
    "WOW Size": "1.8kg",
    "WOW ppu": "$4.86 / 1KG"
  },
  {
    "Brand_Product_Size": "Chobani Fit X Vanilla Cookie Crush 140g",
    "WOW Price": 2.5,
    "WOW Size": "140g",
    "WOW ppu": "$1.79 / 100G"
  },
  {
    "Brand_Product_Size": "Brut Body Wash Endurance 400mL",
    "WOW Price": 6.3,
    "WOW Size": "400mL",
    "WOW ppu": "$1.58 / 100ML"
  },
  {
    "Brand_Product_Size": "Huy Fong Sriracha Salsa Hot 439g",
    "WOW Price": 3,
    "WOW Size": "439g",
    "WOW ppu": "$0.68 / 100G"
  },
  {
    "Brand_Product_Size": "Sanitarium So Good Vanilla Bliss Frozen Dessert 1L",
    "WOW Price": 6.6,
    "WOW Size": "1L",
    "WOW ppu": "$0.66 / 100ML"
  },
  {
    "Brand_Product_Size": "L'oreal Paris Casting Creme Gloss 415 Iced Chocolate each",
    "WOW Price": 16,
    "WOW Size": "each",
    "WOW ppu": ""
  },
  {
    "Brand_Product_Size": "Pana Organic White Chocolate & Salted Caramel 45g",
    "WOW Price": 4.8,
    "WOW Size": "45g",
    "WOW ppu": "$10.67 / 100G"
  },
  {
    "Brand_Product_Size": "Revlon Kiss Glow Lip Oil Berry 6mL",
    "WOW Price": 10,
    "WOW Size": "6mL",
    "WOW ppu": "$16.67 / 10ML"
  },
  {
    "Brand_Product_Size": "Belvoir Fruit Farms Elderflower & Rose Cordial 500mL",
    "WOW Price": 6,
    "WOW Size": "500mL",
    "WOW ppu": "$12.00 / 1L"
  },
  {
    "Brand_Product_Size": "Schick Hydro 5 Blades With Gel 8 pack",
    "WOW Price": 23.8,
    "WOW Size": "8 pack",
    "WOW ppu": "$2.98 / 1EA"
  },
  {
    "Brand_Product_Size": "Tommee Tippee Closer To Nature Fun Style Soothers 0 To 6 Months 2 pack",
    "WOW Price": 7.7,
    "WOW Size": "2 pack",
    "WOW ppu": "$3.85 / 1EA"
  },
  {
    "Brand_Product_Size": "Heinz Soup Of The Day Buttercup Pumpkin & Veg 430g",
    "WOW Price": 3,
    "WOW Size": "430g",
    "WOW ppu": "$0.70 / 100G"
  },
  {
    "Brand_Product_Size": "Biozet Attack Odour Eliminator Powder 1kg",
    "WOW Price": 12,
    "WOW Size": "1kg",
    "WOW ppu": "$12.00 / 1KG"
  },
  {
    "Brand_Product_Size": "Woolworths Burrito Tortillas 15 pack",
    "WOW Price": 4,
    "WOW Size": "15 pack",
    "WOW ppu": "$0.58 / 100G"
  },
  {
    "Brand_Product_Size": "Woolworths Pumpkin & Feta Risotto With Pepitas 350g",
    "WOW Price": 7.5,
    "WOW Size": "350g",
    "WOW ppu": "$2.14 / 100G"
  },
  {
    "Brand_Product_Size": "Olina's Gluten Free Cranberry Pumpkin Cracker 100g",
    "WOW Price": 5,
    "WOW Size": "100g",
    "WOW ppu": "$5.00 / 100G"
  },
  {
    "Brand_Product_Size": "Oral-b 3d White Luxe Mouthwash Diamond Strong Clean Mint 473mL",
    "WOW Price": 9,
    "WOW Size": "473mL",
    "WOW ppu": "$1.90 / 100ML"
  },
  {
    "Brand_Product_Size": "Sunrice Gluten Free Rice And Quinoa 750g",
    "WOW Price": 3.5,
    "WOW Size": "750g",
    "WOW ppu": "$0.47 / 100G"
  },
  {
    "Brand_Product_Size": "Woolworths Cook Stir Fry Kit Teriyaki Beef Strips With Veges 400g",
    "WOW Price": 8,
    "WOW Size": "400g",
    "WOW ppu": "$20.00 / 1KG"
  },
  {
    "Brand_Product_Size": "Clif Bar Cool Mint Chocolate Energy Bar 68g",
    "WOW Price": 3,
    "WOW Size": "68g",
    "WOW ppu": "$4.41 / 100G"
  },
  {
    "Brand_Product_Size": "Shine Antibacterial Dishwashing Liquid Lemon 900mL",
    "WOW Price": 2.69,
    "WOW Size": "900mL",
    "WOW ppu": "$0.30 / 100ML"
  },
  {
    "Brand_Product_Size": "Mud Blush Sculpting Nudes 5g",
    "WOW Price": 4.5,
    "WOW Size": "5g",
    "WOW ppu": "$9.00 / 10G"
  },
  {
    "Brand_Product_Size": "Papermate Kilometrico Pen Blue 10 pack",
    "WOW Price": 4.5,
    "WOW Size": "10 pack",
    "WOW ppu": ""
  },
  {
    "Brand_Product_Size": "Nature's Way Kids Smart Vita Gummies Multi + Omega 3 50 pack",
    "WOW Price": 14.5,
    "WOW Size": "50 pack",
    "WOW ppu": "$29.00 / 100EA"
  },
  {
    "Brand_Product_Size": "Hercules Sustain 50% Plant Based Sandwich Bags 30 pack",
    "WOW Price": 3.3,
    "WOW Size": "30 pack",
    "WOW ppu": "$0.11 / 1EA"
  },
  {
    "Brand_Product_Size": "Essentials Cooking Chocolate Dark 375g",
    "WOW Price": 2.5,
    "WOW Size": "375g",
    "WOW ppu": "$0.67 / 100G"
  },
  {
    "Brand_Product_Size": "Woolworths Tuna And Rice Paella Style 190g",
    "WOW Price": 3,
    "WOW Size": "190g",
    "WOW ppu": "$15.79 / 1KG"
  },
  {
    "Brand_Product_Size": "White Wings Muffin Mix Triple Chocolate 550g",
    "WOW Price": 3,
    "WOW Size": "550g",
    "WOW ppu": "$0.55 / 100G"
  },
  {
    "Brand_Product_Size": "Gaviscon Dual Action Heartburn & Indigestion Chewable Tablets 48 pack",
    "WOW Price": 15,
    "WOW Size": "48 pack",
    "WOW ppu": "$31.25 / 100EA"
  },
  {
    "Brand_Product_Size": "Evergreen Classic Tofu 500g",
    "WOW Price": 3.2,
    "WOW Size": "500g",
    "WOW ppu": "$6.40 / 1KG"
  },
  {
    "Brand_Product_Size": "Cadbury Baking Dark Chocolate Block 180g",
    "WOW Price": 3,
    "WOW Size": "180g",
    "WOW ppu": "$1.67 / 100G"
  },
  {
    "Brand_Product_Size": "Masterfoods Stir Fry Sauce Honey, Garlic & Soy 175g",
    "WOW Price": 2.2,
    "WOW Size": "175g",
    "WOW ppu": "$1.26 / 100G"
  },
  {
    "Brand_Product_Size": "Hart & Soul Noodle Soup Hot & Sour 155g",
    "WOW Price": 4,
    "WOW Size": "155g",
    "WOW ppu": "$2.58 / 100G"
  },
  {
    "Brand_Product_Size": "Little Wishes Wraps Muslin 3 pack",
    "WOW Price": 15,
    "WOW Size": "3 pack",
    "WOW ppu": "$5.00 / 1EA"
  },
  {
    "Brand_Product_Size": "Calidad Brother Lc3317 Bcmy Ink Cartridge 4 pack",
    "WOW Price": 65,
    "WOW Size": "4 pack",
    "WOW ppu": ""
  },
  {
    "Brand_Product_Size": "Pandaroo Lite Coconut Milk 400mL",
    "WOW Price": 1.4,
    "WOW Size": "400mL",
    "WOW ppu": "$0.35 / 100ML"
  },
  {
    "Brand_Product_Size": "Pauls Zymil Lactose Free Long Life Milk 1L",
    "WOW Price": 2.25,
    "WOW Size": "1L",
    "WOW ppu": "$2.25 / 1L"
  },
  {
    "Brand_Product_Size": "Pauls Zymil Lactose Free Long Life Milk 1L",
    "WOW Price": 2.25,
    "WOW Size": "1L",
    "WOW ppu": "$2.25 / 1L"
  },
  {
    "Brand_Product_Size": "Quilton Royal Toilet Tissue 3ply 10 pack",
    "WOW Price": 9,
    "WOW Size": "10 pack",
    "WOW ppu": "$0.56 / 100SS"
  },
  {
    "Brand_Product_Size": "Woolworths Angus Beef Lasagne 700g",
    "WOW Price": 9.99,
    "WOW Size": "700g",
    "WOW ppu": "$1.43 / 100G"
  },
  {
    "Brand_Product_Size": "Maggie Beer Pate Duck & Orange 120g",
    "WOW Price": 7,
    "WOW Size": "120g",
    "WOW ppu": "$58.33 / 1KG"
  },
  {
    "Brand_Product_Size": "Nivea Refreshing Cleansing Face Wipe S + Vitamin E 25 pack",
    "WOW Price": 5,
    "WOW Size": "25 pack",
    "WOW ppu": "$0.20 / 1EA"
  },
  {
    "Brand_Product_Size": "Ogx Renewing & Argan Oil Of Morocco Conditioner 750mL",
    "WOW Price": 32,
    "WOW Size": "750mL",
    "WOW ppu": "$4.27 / 100ML"
  },
  {
    "Brand_Product_Size": "Birds Eye Fresh Caught Barramundi Original Crumb 270g",
    "WOW Price": 10,
    "WOW Size": "270g",
    "WOW ppu": "$37.04 / 1KG"
  },
  {
    "Brand_Product_Size": "Darrell Lea Chocolate Liquorice Balls 160g",
    "WOW Price": 3.5,
    "WOW Size": "160g",
    "WOW ppu": "$2.19 / 100G"
  },
  {
    "Brand_Product_Size": "Protea Foods South African Biltong Stokkies Traditional 100g",
    "WOW Price": 12,
    "WOW Size": "100g",
    "WOW ppu": "$12.00 / 100G"
  },
  {
    "Brand_Product_Size": "Woolworths The Cooks Cuts Beef Brisket 550g - 1.1kg",
    "WOW Price": 15.4,
    "WOW Size": "550g - 1.1kg",
    "WOW ppu": "$14.00 / 1KG"
  },
  {
    "Brand_Product_Size": "Gourmet Delight Cat Food Chicken Mince In Gravy 6x85g",
    "WOW Price": 4.3,
    "WOW Size": "6x85g",
    "WOW ppu": "$0.84 / 100G"
  },
  {
    "Brand_Product_Size": "Neutrogena Black Head Eliminating Scrub 150mL",
    "WOW Price": 14.5,
    "WOW Size": "150mL",
    "WOW ppu": "$9.67 / 100ML"
  },
  {
    "Brand_Product_Size": "Hoyt's Chilli Dried Crushed 100g",
    "WOW Price": 4.5,
    "WOW Size": "100g",
    "WOW ppu": "$0.45 / 10G"
  },
  {
    "Brand_Product_Size": "Mamee Noodle Snacks Chicken 8pk 200g",
    "WOW Price": 3.15,
    "WOW Size": "200g",
    "WOW ppu": "$1.58 / 100G"
  },
  {
    "Brand_Product_Size": "Mamee Noodle Snacks Chicken 8pk 200g",
    "WOW Price": 3.15,
    "WOW Size": "200g",
    "WOW ppu": "$1.58 / 100G"
  },
  {
    "Brand_Product_Size": "Toni & Guy Hair Ties 5 pack",
    "WOW Price": 2.8,
    "WOW Size": "5 pack",
    "WOW ppu": ""
  },
  {
    "Brand_Product_Size": "Sanitarium Up&go Protein Energize Coffee 250mL x6 pack",
    "WOW Price": 9.7,
    "WOW Size": "250mL x6 pack",
    "WOW ppu": "$6.47 / 1L"
  },
  {
    "Brand_Product_Size": "Sanitarium Up&go Protein Energize Coffee 250mL x6 pack",
    "WOW Price": 9.7,
    "WOW Size": "250mL x6 pack",
    "WOW ppu": "$6.47 / 1L"
  },
  {
    "Brand_Product_Size": "Health Basics Body Wash Dermatology Plus 1L",
    "WOW Price": 10,
    "WOW Size": "1L",
    "WOW ppu": "$1.00 / 100ML"
  },
  {
    "Brand_Product_Size": "Lip Smacker Lip Gloss Coca-cola 4g",
    "WOW Price": 1.67,
    "WOW Size": "4g",
    "WOW ppu": "$4.18 / 10G"
  },
  {
    "Brand_Product_Size": "Philips Led Mr16 Cool 4 pack",
    "WOW Price": 32,
    "WOW Size": "4 pack",
    "WOW ppu": "$8.00 / 1EA"
  },
  {
    "Brand_Product_Size": "Whittaker's Peanut Slab Milk Chocolate 50g bar",
    "WOW Price": 2,
    "WOW Size": "50g bar",
    "WOW ppu": "$4.00 / 100G"
  },
  {
    "Brand_Product_Size": "Keep It Cleaner Plant Based Protein Crunch Peanut Butter Bar 40g",
    "WOW Price": 4,
    "WOW Size": "40g",
    "WOW ppu": "$10.00 / 100G"
  },
  {
    "Brand_Product_Size": "Stabilo Boss Highlighters 4 pack",
    "WOW Price": 4,
    "WOW Size": "4 pack",
    "WOW ppu": ""
  },
  {
    "Brand_Product_Size": "Air Wick Plug-in Air Freshener Vanilla Refill 2x19mL",
    "WOW Price": 9.99,
    "WOW Size": "2x19mL",
    "WOW ppu": "$2.38 / 10ML"
  },
  {
    "Brand_Product_Size": "Avofresh Chunky Avocado Hint Of Lemon 160g tub",
    "WOW Price": 5.5,
    "WOW Size": "160g tub",
    "WOW ppu": "$3.44 / 100G"
  },
  {
    "Brand_Product_Size": "Avofresh Chunky Avocado Hint Of Lemon 160g tub",
    "WOW Price": 5.5,
    "WOW Size": "160g tub",
    "WOW ppu": "$3.44 / 100G"
  },
  {
    "Brand_Product_Size": "Birds Eye Steam Plus Cous Cous 400g",
    "WOW Price": 5,
    "WOW Size": "400g",
    "WOW ppu": "$12.50 / 1KG"
  },
  {
    "Brand_Product_Size": "Hoyt's Cloves Whole 15g",
    "WOW Price": 1.8,
    "WOW Size": "15g",
    "WOW ppu": "$1.20 / 10G"
  },
  {
    "Brand_Product_Size": "Chang's Crunchy Noodles Noodles 100g",
    "WOW Price": 1.4,
    "WOW Size": "100g",
    "WOW ppu": "$1.40 / 100G"
  },
  {
    "Brand_Product_Size": "Allen's Ice Pops 170g",
    "WOW Price": 3,
    "WOW Size": "170g",
    "WOW ppu": "$1.76 / 100G"
  },
  {
    "Brand_Product_Size": "Philips Led 806lm Cool Es 2 pack",
    "WOW Price": 6.5,
    "WOW Size": "2 pack",
    "WOW ppu": "$3.25 / 1EA"
  },
  {
    "Brand_Product_Size": "Sealord Hoki Fillet Gluten Free Crumb 300g",
    "WOW Price": 7,
    "WOW Size": "300g",
    "WOW ppu": "$2.33 / 100G"
  },
  {
    "Brand_Product_Size": "Voeu Facial Gel Wash Normal Or Combination Skin 150mL",
    "WOW Price": 4,
    "WOW Size": "150mL",
    "WOW ppu": "$2.67 / 100ML"
  },
  {
    "Brand_Product_Size": "Nivea Original Care Moisturising Lip Balm + Shea Butter 4.8g",
    "WOW Price": 4,
    "WOW Size": "4.8g",
    "WOW ppu": "$8.33 / 10G"
  },
  {
    "Brand_Product_Size": "Lindt Excellence Dark Chocolate Cranberry Almond & Hazelnut 100g",
    "WOW Price": 2.7,
    "WOW Size": "100g",
    "WOW ppu": "$2.70 / 100G"
  },
  {
    "Brand_Product_Size": "Mccain Mixed Vegetables Peas Corn & Carrot 500g",
    "WOW Price": 2.6,
    "WOW Size": "500g",
    "WOW ppu": "$5.20 / 1KG"
  },
  {
    "Brand_Product_Size": "Natures Goodness Adult Dog Food Lamb Rosemary & Vegetables 100g",
    "WOW Price": 1.19,
    "WOW Size": "100g",
    "WOW ppu": "$1.19 / 100G"
  },
  {
    "Brand_Product_Size": "Nissin Instant Noodles Shoyu Tonkotsu 100g",
    "WOW Price": 1.3,
    "WOW Size": "100g",
    "WOW ppu": "$1.30 / 100G"
  },
  {
    "Brand_Product_Size": "Armada Plastic Spoons Assorted 20 pack",
    "WOW Price": 2,
    "WOW Size": "20 pack",
    "WOW ppu": "$0.10 / 1EA"
  },
  {
    "Brand_Product_Size": "Youfoodz Cookies & Cream Protein Bites 80g",
    "WOW Price": 4,
    "WOW Size": "80g",
    "WOW ppu": "$5.00 / 100G"
  },
  {
    "Brand_Product_Size": "Sanitarium Weet-bix Gluten Free Coconut & Cinnamon Breakfast Cereal 400g",
    "WOW Price": 5,
    "WOW Size": "400g",
    "WOW ppu": "$1.25 / 100G"
  },
  {
    "Brand_Product_Size": "Woolworths Classic Coleslaw 200g",
    "WOW Price": 2,
    "WOW Size": "200g",
    "WOW ppu": "$10.00 / 1KG"
  },
  {
    "Brand_Product_Size": "Woolworths Classic Coleslaw 200g",
    "WOW Price": 2,
    "WOW Size": "200g",
    "WOW ppu": "$10.00 / 1KG"
  },
  {
    "Brand_Product_Size": "Natures Goodness Adult Dog Food Chicken With Duck & Veg 1.08kg",
    "WOW Price": 3.4,
    "WOW Size": "1.08kg",
    "WOW ppu": "$0.31 / 100G"
  },
  {
    "Brand_Product_Size": "Creative Kitchen Mini Flowers Cake Decorations 48 pack",
    "WOW Price": 3.5,
    "WOW Size": "48 pack",
    "WOW ppu": "$0.07 / 1EA"
  },
  {
    "Brand_Product_Size": "Woolworths Meringue Nests 10 pack",
    "WOW Price": 5.5,
    "WOW Size": "10 pack",
    "WOW ppu": "$5.50 / 100G"
  },
  {
    "Brand_Product_Size": "Vege Chips Deli Crisps Turmeric & Cheese 100g",
    "WOW Price": 5.5,
    "WOW Size": "100g",
    "WOW ppu": "$5.50 / 100G"
  },
  {
    "Brand_Product_Size": "Gravox Gravy Liquid Best Ever Chip Gravy 165g",
    "WOW Price": 2.5,
    "WOW Size": "165g",
    "WOW ppu": "$1.52 / 100G"
  },
  {
    "Brand_Product_Size": "Mortein Naturgard Insect Control Bomb Odourless 3 pack",
    "WOW Price": 16,
    "WOW Size": "3 pack",
    "WOW ppu": "$16.00 / 1EA"
  },
  {
    "Brand_Product_Size": "Selleys Quick Fix Adhesive Supa Glue Control Bottle 3g",
    "WOW Price": 6.5,
    "WOW Size": "3g",
    "WOW ppu": "$216.67 / 100G"
  },
  {
    "Brand_Product_Size": "Listerine Bright White Mouthwash 1L",
    "WOW Price": 12.5,
    "WOW Size": "1L",
    "WOW ppu": "$1.25 / 100ML"
  },
  {
    "Brand_Product_Size": "Continental Nutrish Snack Rockin Bangkok 80g",
    "WOW Price": 4,
    "WOW Size": "80g",
    "WOW ppu": "$5.00 / 100G"
  },
  {
    "Brand_Product_Size": "Skyn Oh Baby Vaginal Gel 80mL",
    "WOW Price": 13,
    "WOW Size": "80mL",
    "WOW ppu": "$16.25 / 100ML"
  },
  {
    "Brand_Product_Size": "Tetley Tea Bags 100 pack",
    "WOW Price": 3.3,
    "WOW Size": "100 pack",
    "WOW ppu": "$0.03 / 1EA"
  },
  {
    "Brand_Product_Size": "Tetley Tea Bags 100 pack",
    "WOW Price": 3.3,
    "WOW Size": "100 pack",
    "WOW ppu": "$0.03 / 1EA"
  },
  {
    "Brand_Product_Size": "Woolworths Beef Sausage 600g",
    "WOW Price": 6,
    "WOW Size": "600g",
    "WOW ppu": "$10.00 / 1KG"
  },
  {
    "Brand_Product_Size": "Pedigree Dentastix Large Dental Dog Treat 28 pack",
    "WOW Price": 8.75,
    "WOW Size": "28 pack",
    "WOW ppu": "$0.31 / 1EA"
  },
  {
    "Brand_Product_Size": "Woolworths Free From Gluten Chocolate Cake Mix 430g",
    "WOW Price": 3,
    "WOW Size": "430g",
    "WOW ppu": "$0.70 / 100G"
  },
  {
    "Brand_Product_Size": "Wiltshire Staysharp Santoku Knife 15cm each",
    "WOW Price": 24,
    "WOW Size": "each",
    "WOW ppu": ""
  },
  {
    "Brand_Product_Size": "Woolworths Corn Sweet 500g pack",
    "WOW Price": 4,
    "WOW Size": "500g pack",
    "WOW ppu": "$8.00 / 1KG"
  },
  {
    "Brand_Product_Size": "Mother's Day Mini Bear Cupcake each",
    "WOW Price": 6,
    "WOW Size": "each",
    "WOW ppu": ""
  },
  {
    "Brand_Product_Size": "Sistema Storage With Tray 1.7l each",
    "WOW Price": 5,
    "WOW Size": "each",
    "WOW ppu": ""
  },
  {
    "Brand_Product_Size": "Nutty Bruce Peanut Choc Nut Butter Bar 50g",
    "WOW Price": 2.4,
    "WOW Size": "50g",
    "WOW ppu": "$4.80 / 100G"
  },
  {
    "Brand_Product_Size": "Multix Aluminium Foil Wide 30cmx30m",
    "WOW Price": 5.5,
    "WOW Size": "30cmx30m",
    "WOW ppu": "$0.18 / 1M"
  },
  {
    "Brand_Product_Size": "Uncle Tobys Oats Ancient Grains Porridge 700g",
    "WOW Price": 6,
    "WOW Size": "700g",
    "WOW ppu": "$0.86 / 100G"
  },
  {
    "Brand_Product_Size": "Flora Proactiv Margarine Spread Buttery 500g",
    "WOW Price": 8,
    "WOW Size": "500g",
    "WOW ppu": "$1.60 / 100G"
  },
  {
    "Brand_Product_Size": "Synergy Natural Supergreens Powder 200g",
    "WOW Price": 21,
    "WOW Size": "200g",
    "WOW ppu": "$10.50 / 100G"
  },
  {
    "Brand_Product_Size": "Blue Dinosaur Paleo Bars Apple Pie 45g",
    "WOW Price": 3.6,
    "WOW Size": "45g",
    "WOW ppu": "$8.00 / 100G"
  },
  {
    "Brand_Product_Size": "Lego Mini Builds Assorted 2019 each",
    "WOW Price": 6,
    "WOW Size": "each",
    "WOW ppu": ""
  },
  {
    "Brand_Product_Size": "Essentials Dinnerware White Porcelain each",
    "WOW Price": 3,
    "WOW Size": "each",
    "WOW ppu": ""
  },
  {
    "Brand_Product_Size": "Twinings Camomile Honey & Vanilla Tea Bags 10 pack 15g",
    "WOW Price": 2.9,
    "WOW Size": "10 pack 15g",
    "WOW ppu": "$0.29 / 1EA"
  },
  {
    "Brand_Product_Size": "Twinings Camomile Honey & Vanilla Tea Bags 10 pack 15g",
    "WOW Price": 2.9,
    "WOW Size": "10 pack 15g",
    "WOW ppu": "$0.29 / 1EA"
  },
  {
    "Brand_Product_Size": "Fussy Cat Bites & Chicken Gravy Wet Cat Food 80g x12 pack",
    "WOW Price": 10,
    "WOW Size": "80g x12 pack",
    "WOW ppu": "$1.04 / 100G"
  },
  {
    "Brand_Product_Size": "Aussie Bodies Shine Collagen Wild Berry Burst 455g",
    "WOW Price": 28,
    "WOW Size": "455g",
    "WOW ppu": "$6.15 / 100G"
  },
  {
    "Brand_Product_Size": "Woolworths Smokey Chipotle Chilli Angus Beef Sausages 500g",
    "WOW Price": 8.5,
    "WOW Size": "500g",
    "WOW ppu": "$17.00 / 1KG"
  },
  {
    "Brand_Product_Size": "Mccain Dinner Veal Cordon Bleu 320g",
    "WOW Price": 6,
    "WOW Size": "320g",
    "WOW ppu": "$1.88 / 100G"
  },
  {
    "Brand_Product_Size": "Thursday Plantation Aloe Antiseptic Gel Aid 100g",
    "WOW Price": 9.4,
    "WOW Size": "100g",
    "WOW ppu": "$9.40 / 100G"
  },
  {
    "Brand_Product_Size": "Nivea Deep Espresso Roll On Antiperspirant Deodorant 50mL",
    "WOW Price": 3.5,
    "WOW Size": "50mL",
    "WOW ppu": "$7.00 / 100ML"
  },
  {
    "Brand_Product_Size": "Uncle Tobys Rolled Oats Quick Sachets Creamy Vanilla 20 pack",
    "WOW Price": 8,
    "WOW Size": "20 pack",
    "WOW ppu": "$1.14 / 100G"
  },
  {
    "Brand_Product_Size": "Continental Soup Sensations Thai Pumpkin & Coconut 62g",
    "WOW Price": 2.5,
    "WOW Size": "62g",
    "WOW ppu": "$4.03 / 100G"
  },
  {
    "Brand_Product_Size": "Duck Active Foam Citrus 38.6g",
    "WOW Price": 5,
    "WOW Size": "38.6g",
    "WOW ppu": "$12.95 / 100G"
  },
  {
    "Brand_Product_Size": "Farmers Market Adult Wet Dog Food Home Style Shreds With Chicken 750g",
    "WOW Price": 9.95,
    "WOW Size": "750g",
    "WOW ppu": "$1.33 / 100G"
  },
  {
    "Brand_Product_Size": "Essentials Salted Butter 500g",
    "WOW Price": 5,
    "WOW Size": "500g",
    "WOW ppu": "$1.00 / 100G"
  },
  {
    "Brand_Product_Size": "Redwin Sorbolene Hand Cream With Vitamin E 100g",
    "WOW Price": 3.17,
    "WOW Size": "100g",
    "WOW ppu": "$3.17 / 100G"
  },
  {
    "Brand_Product_Size": "Help@hand Cotton Balls 200 pack",
    "WOW Price": 1.6,
    "WOW Size": "200 pack",
    "WOW ppu": "$0.80 / 100EA"
  },
  {
    "Brand_Product_Size": "Woolworths Ice Cream Cones Choc Mint 4 pack",
    "WOW Price": 3.5,
    "WOW Size": "4 pack",
    "WOW ppu": "$0.74 / 100ML"
  },
  {
    "Brand_Product_Size": "Schwarzkopf Colour Specialist 5.65 Chocolate Brown each",
    "WOW Price": 9.5,
    "WOW Size": "each",
    "WOW ppu": "$9.50 / 1EA"
  },
  {
    "Brand_Product_Size": "Macro Walnuts 250g",
    "WOW Price": 8,
    "WOW Size": "250g",
    "WOW ppu": "$32.00 / 1KG"
  },
  {
    "Brand_Product_Size": "Red Bull Energy Drink Zero 250mL",
    "WOW Price": 3,
    "WOW Size": "250mL",
    "WOW ppu": "$12.00 / 1L"
  },
  {
    "Brand_Product_Size": "Nature's Gift Sustain Chicken & Fish Dry Dog Food 2.5kg",
    "WOW Price": 9.5,
    "WOW Size": "2.5kg",
    "WOW ppu": "$0.38 / 100G"
  },
  {
    "Brand_Product_Size": "Roar Protein Manuka Honey Ham, Roasted Almonds & Cheese 70g",
    "WOW Price": 5,
    "WOW Size": "70g",
    "WOW ppu": "$71.43 / 1KG"
  },
  {
    "Brand_Product_Size": "Woolworths Lamb Leg Steak 540g",
    "WOW Price": 13,
    "WOW Size": "540g",
    "WOW ppu": "$24.07 / 1KG"
  },
  {
    "Brand_Product_Size": "Nestle Milo Cereal Protein 600g",
    "WOW Price": 7.5,
    "WOW Size": "600g",
    "WOW ppu": "$1.25 / 100G"
  },
  {
    "Brand_Product_Size": "Chris' Dips Spring Onion 200g",
    "WOW Price": 3.5,
    "WOW Size": "200g",
    "WOW ppu": "$1.75 / 100G"
  },
  {
    "Brand_Product_Size": "Sunbeam Seed Mix 165g",
    "WOW Price": 3,
    "WOW Size": "165g",
    "WOW ppu": "$18.18 / 1KG"
  },
  {
    "Brand_Product_Size": "Beechworth Pure Squeezable Honey 500g",
    "WOW Price": 10,
    "WOW Size": "500g",
    "WOW ppu": "$2.00 / 100G"
  },
  {
    "Brand_Product_Size": "Kellogg's Just Right Apricot & Sultana Cereal 460g",
    "WOW Price": 5.9,
    "WOW Size": "460g",
    "WOW ppu": "$1.28 / 100G"
  },
  {
    "Brand_Product_Size": "Glen 20 Disinfectant Spray Country Scent 300g",
    "WOW Price": 4,
    "WOW Size": "300g",
    "WOW ppu": "$1.33 / 100G"
  },
  {
    "Brand_Product_Size": "Le Tan Uber Stay Self Tanning Foam Violet Base each",
    "WOW Price": 18,
    "WOW Size": "each",
    "WOW ppu": "$18.00 / 1EA"
  },
  {
    "Brand_Product_Size": "Rafferty's Garden Food 4 Months+ Pear & Apricot 120g",
    "WOW Price": 1.65,
    "WOW Size": "120g",
    "WOW ppu": "$1.38 / 100G"
  },
  {
    "Brand_Product_Size": "King Oscar Mackerel In Olive Oil 115g",
    "WOW Price": 3,
    "WOW Size": "115g",
    "WOW ppu": "$26.09 / 1KG"
  },
  {
    "Brand_Product_Size": "Rafferty's Garden Ready To Eat Porridge 6 Months Pear Banana & Mango 120g",
    "WOW Price": 1.65,
    "WOW Size": "120g",
    "WOW ppu": "$1.38 / 100G"
  },
  {
    "Brand_Product_Size": "Kraft Easy Mac Cheesy Chicken 4 pack",
    "WOW Price": 4,
    "WOW Size": "4 pack",
    "WOW ppu": "$1.43 / 100G"
  },
  {
    "Brand_Product_Size": "B2 Ham Luncheon Meat Premium 340g",
    "WOW Price": 3.85,
    "WOW Size": "340g",
    "WOW ppu": "$1.13 / 100G"
  },
  {
    "Brand_Product_Size": "Fab Essential Oils Cherry Blossom & Green Tea Laundry Liquid 1.8L",
    "WOW Price": 8,
    "WOW Size": "1.8L",
    "WOW ppu": "$4.44 / 1L"
  },
  {
    "Brand_Product_Size": "Revlon Colorstay Buff Foundation For Combination & Oily Skin 30mL",
    "WOW Price": 17.5,
    "WOW Size": "30mL",
    "WOW ppu": "$5.83 / 10ML"
  },
  {
    "Brand_Product_Size": "Annalisa Organically Farmed Chickpeas 400g",
    "WOW Price": 1.6,
    "WOW Size": "400g",
    "WOW ppu": "$0.40 / 100G"
  },
  {
    "Brand_Product_Size": "Magnum Ice Cream Honeycomb Crunch 4 pack",
    "WOW Price": 9,
    "WOW Size": "4 pack",
    "WOW ppu": "$2.10 / 100ML"
  },
  {
    "Brand_Product_Size": "Danone Ultimate Yoghurt Black Cherry 115g x4 pack",
    "WOW Price": 3.5,
    "WOW Size": "115g x4 pack",
    "WOW ppu": "$0.76 / 100G"
  },
  {
    "Brand_Product_Size": "Maltesers Milk Chocolate Large Party Share Bag 18 Piece 216g",
    "WOW Price": 5,
    "WOW Size": "216g",
    "WOW ppu": "$2.31 / 100G"
  },
  {
    "Brand_Product_Size": "Jordans Simply Granola Crunchy Oat & Honey 1.5kg",
    "WOW Price": 10,
    "WOW Size": "1.5kg",
    "WOW ppu": "$0.67 / 100G"
  },
  {
    "Brand_Product_Size": "Woolworths Creamed Cottage Cheese 500g",
    "WOW Price": 4,
    "WOW Size": "500g",
    "WOW ppu": "$8.00 / 1KG"
  },
  {
    "Brand_Product_Size": "Woolworths Creamed Cottage Cheese 500g",
    "WOW Price": 4,
    "WOW Size": "500g",
    "WOW ppu": "$8.00 / 1KG"
  },
  {
    "Brand_Product_Size": "Galiko All Natural Ginger Minced Jar 145g",
    "WOW Price": 3,
    "WOW Size": "145g",
    "WOW ppu": "$2.07 / 100G"
  },
  {
    "Brand_Product_Size": "Galiko All Natural Ginger Minced Jar 145g",
    "WOW Price": 3,
    "WOW Size": "145g",
    "WOW ppu": "$2.07 / 100G"
  },
  {
    "Brand_Product_Size": "L'oreal Age Perfect Face Cream Day Intense Nutrition 50mL",
    "WOW Price": 21,
    "WOW Size": "50mL",
    "WOW ppu": "$42.00 / 100ML"
  },
  {
    "Brand_Product_Size": "Rafferty's Garden Food 10 Months Chicken, Basil & Tomato Pasta 170g",
    "WOW Price": 2.45,
    "WOW Size": "170g",
    "WOW ppu": "$1.44 / 100G"
  },
  {
    "Brand_Product_Size": "Arnott's Shapes Cheddar Crackers 175g",
    "WOW Price": 2.5,
    "WOW Size": "175g",
    "WOW ppu": "$1.43 / 100G"
  },
  {
    "Brand_Product_Size": "Woolworths Mini Blueberry Muffins 8 pack",
    "WOW Price": 3.5,
    "WOW Size": "8 pack",
    "WOW ppu": "$1.09 / 100G"
  },
  {
    "Brand_Product_Size": "Woolworths Mini Blueberry Muffins 8 pack",
    "WOW Price": 3.5,
    "WOW Size": "8 pack",
    "WOW ppu": "$1.09 / 100G"
  },
  {
    "Brand_Product_Size": "Woolworths Mini Blueberry Muffins 8 pack",
    "WOW Price": 3.5,
    "WOW Size": "8 pack",
    "WOW ppu": "$1.09 / 100G"
  },
  {
    "Brand_Product_Size": "Heinz Steam Fresh Broccoli Carrot Snap Pea 450g",
    "WOW Price": 3.3,
    "WOW Size": "450g",
    "WOW ppu": "$7.33 / 1KG"
  },
  {
    "Brand_Product_Size": "Mother's Day Mini Bear Rose each",
    "WOW Price": 6,
    "WOW Size": "each",
    "WOW ppu": ""
  },
  {
    "Brand_Product_Size": "South Cape Entertaining Platter 4 Cheese Selections 435g",
    "WOW Price": 16.8,
    "WOW Size": "435g",
    "WOW ppu": "$38.62 / 1KG"
  },
  {
    "Brand_Product_Size": "South Cape Entertaining Platter 4 Cheese Selections 435g",
    "WOW Price": 16.8,
    "WOW Size": "435g",
    "WOW ppu": "$38.62 / 1KG"
  },
  {
    "Brand_Product_Size": "Uncle Tobys Rolled Oats Quick Sachets Creamy Honey 10 pack",
    "WOW Price": 5,
    "WOW Size": "10 pack",
    "WOW ppu": "$1.43 / 100G"
  },
  {
    "Brand_Product_Size": "Yumi's Smoked Trout Mousse Dip 200g",
    "WOW Price": 5.5,
    "WOW Size": "200g",
    "WOW ppu": "$2.75 / 100G"
  },
  {
    "Brand_Product_Size": "Maggi 2 Minute Instant Wholegrain Chicken Noodles 5 pack",
    "WOW Price": 3.8,
    "WOW Size": "5 pack",
    "WOW ppu": "$1.10 / 100G"
  },
  {
    "Brand_Product_Size": "Dine Fine Flakes Tuna & Prawns Wet Cat Food Pouch 35g",
    "WOW Price": 0.7,
    "WOW Size": "35g",
    "WOW ppu": "$2.00 / 100G"
  },
  {
    "Brand_Product_Size": "Nyal Sinus Relief Day And Night Tablets 24 pack",
    "WOW Price": 12,
    "WOW Size": "24 pack",
    "WOW ppu": "$0.50 / 1EA"
  },
  {
    "Brand_Product_Size": "San Remo La Pasta Carbonara Single Snack 80g",
    "WOW Price": 1,
    "WOW Size": "80g",
    "WOW ppu": "$1.25 / 100G"
  },
  {
    "Brand_Product_Size": "Bounty Chocolate Bar Iced Confectionery Multipack 6 pack",
    "WOW Price": 8.5,
    "WOW Size": "6 pack",
    "WOW ppu": "$2.83 / 100ML"
  },
  {
    "Brand_Product_Size": "Macro Fruit & Nut Energy Mix 500g",
    "WOW Price": 9.3,
    "WOW Size": "500g",
    "WOW ppu": "$18.60 / 1KG"
  },
  {
    "Brand_Product_Size": "Squid Brand Fish Sauce Premium 725mL",
    "WOW Price": 3,
    "WOW Size": "725mL",
    "WOW ppu": "$4.14 / 1L"
  },
  {
    "Brand_Product_Size": "Valcom Paste Thai Panaeng Curry 210g",
    "WOW Price": 3.2,
    "WOW Size": "210g",
    "WOW ppu": "$1.52 / 100G"
  },
  {
    "Brand_Product_Size": "King Crab Legs Cooked 400g - 600g",
    "WOW Price": 30,
    "WOW Size": "400g - 600g",
    "WOW ppu": "$50.00 / 1KG"
  },
  {
    "Brand_Product_Size": "Nivea Night Cream Face Moisturiser With Vitamin E 50mL",
    "WOW Price": 13.5,
    "WOW Size": "50mL",
    "WOW ppu": "$27.00 / 100ML"
  },
  {
    "Brand_Product_Size": "Colgate Plax Alcohol Free Mouthwash Freshmint 250mL",
    "WOW Price": 4,
    "WOW Size": "250mL",
    "WOW ppu": "$1.60 / 100ML"
  },
  {
    "Brand_Product_Size": "Bega Simply Nuts Crunchy Dark Roast Peanut Butter 315g",
    "WOW Price": 5,
    "WOW Size": "315g",
    "WOW ppu": "$1.59 / 100G"
  },
  {
    "Brand_Product_Size": "Kettle Flat Bread Crackers Burnt Fig 150g",
    "WOW Price": 4.5,
    "WOW Size": "150g",
    "WOW ppu": "$3.00 / 100G"
  },
  {
    "Brand_Product_Size": "Strepsils Sore Throat Sugar Free Strawberry Lozenges 36 pack",
    "WOW Price": 10.5,
    "WOW Size": "36 pack",
    "WOW ppu": "$0.29 / 1EA"
  },
  {
    "Brand_Product_Size": "Woolworths Plastic Plates Large Mixed Colour 20 pack",
    "WOW Price": 7,
    "WOW Size": "20 pack",
    "WOW ppu": "$0.35 / 1EA"
  },
  {
    "Brand_Product_Size": "Hygiene Plus Duo Kitchen & Bathroom Gloves Large 2 pack",
    "WOW Price": 4,
    "WOW Size": "2 pack",
    "WOW ppu": "$2.00 / 1EA"
  },
  {
    "Brand_Product_Size": "Ecostore Shampoo Normal Hair 350mL",
    "WOW Price": 14,
    "WOW Size": "350mL",
    "WOW ppu": "$4.00 / 100ML"
  },
  {
    "Brand_Product_Size": "Sun Zapper Zinc Flesh 12g",
    "WOW Price": 9.64,
    "WOW Size": "12g",
    "WOW ppu": "$80.33 / 100G"
  },
  {
    "Brand_Product_Size": "Spc Jackfruit Pieces In Water 410g",
    "WOW Price": 3.5,
    "WOW Size": "410g",
    "WOW ppu": "$0.85 / 100G"
  },
  {
    "Brand_Product_Size": "Red Seal Raspberry & Strawberry Hot Or Cold Brew Tea 20 pack",
    "WOW Price": 4.5,
    "WOW Size": "20 pack",
    "WOW ppu": "$0.23 / 1EA"
  },
  {
    "Brand_Product_Size": "Red Seal Raspberry & Strawberry Hot Or Cold Brew Tea 20 pack",
    "WOW Price": 4.5,
    "WOW Size": "20 pack",
    "WOW ppu": "$0.23 / 1EA"
  },
  {
    "Brand_Product_Size": "Essano Conditioner Nourishing Argan Oil 300mL",
    "WOW Price": 16,
    "WOW Size": "300mL",
    "WOW ppu": "$5.33 / 100ML"
  },
  {
    "Brand_Product_Size": "Maltesers Milk Chocolate Gift Box 400g",
    "WOW Price": 12,
    "WOW Size": "400g",
    "WOW ppu": "$3.00 / 100G"
  },
  {
    "Brand_Product_Size": "Mortein Naturgard Auto Indoor Insect Control Odourless Refill 154g",
    "WOW Price": 16,
    "WOW Size": "154g",
    "WOW ppu": "$10.39 / 100G"
  },
  {
    "Brand_Product_Size": "Willards Flings South African 150g",
    "WOW Price": 4.5,
    "WOW Size": "150g",
    "WOW ppu": "$3.00 / 100G"
  },
  {
    "Brand_Product_Size": "Revlon Kiss Lip Balm Crisp Apple 2.6g",
    "WOW Price": 4,
    "WOW Size": "2.6g",
    "WOW ppu": "$15.38 / 10G"
  },
  {
    "Brand_Product_Size": "Essentials Plastic Knives 50 pack",
    "WOW Price": 2,
    "WOW Size": "50 pack",
    "WOW ppu": "$0.04 / 1EA"
  },
  {
    "Brand_Product_Size": "Vita Vigor Bread Sticks Grissini Bread Sticks 125g",
    "WOW Price": 3,
    "WOW Size": "125g",
    "WOW ppu": "$2.40 / 100G"
  },
  {
    "Brand_Product_Size": "Decor Double Wall Tea Infuser Assorted 380mL",
    "WOW Price": 9,
    "WOW Size": "380mL",
    "WOW ppu": ""
  },
  {
    "Brand_Product_Size": "Hikari Red Miso Paste 400g",
    "WOW Price": 4,
    "WOW Size": "400g",
    "WOW ppu": "$1.00 / 100G"
  },
  {
    "Brand_Product_Size": "Nivea Men Deep Shaving Gel With Black Carbon 200mL",
    "WOW Price": 6,
    "WOW Size": "200mL",
    "WOW ppu": "$3.00 / 100ML"
  },
  {
    "Brand_Product_Size": "Carman's Roasted Nut Bars Greek Style Yoghurt Blueberry 160g",
    "WOW Price": 6,
    "WOW Size": "160g",
    "WOW ppu": "$3.75 / 100G"
  },
  {
    "Brand_Product_Size": "Carman's Roasted Nut Bars Greek Style Yoghurt Blueberry 160g",
    "WOW Price": 6,
    "WOW Size": "160g",
    "WOW ppu": "$3.75 / 100G"
  },
  {
    "Brand_Product_Size": "Macro Black Chia Seeds 350g",
    "WOW Price": 6,
    "WOW Size": "350g",
    "WOW ppu": "$1.71 / 100G"
  },
  {
    "Brand_Product_Size": "Healtheries Potato Stix Chicken Multipack 6 pack",
    "WOW Price": 3.8,
    "WOW Size": "6 pack",
    "WOW ppu": "$3.17 / 100G"
  },
  {
    "Brand_Product_Size": "Uncle Tobys Le Snak French Onion Cheese Dip & Crackers 12 pack",
    "WOW Price": 5.5,
    "WOW Size": "12 pack",
    "WOW ppu": "$2.08 / 100G"
  },
  {
    "Brand_Product_Size": "Uncle Tobys Le Snak French Onion Cheese Dip & Crackers 12 pack",
    "WOW Price": 5.5,
    "WOW Size": "12 pack",
    "WOW ppu": "$2.08 / 100G"
  },
  {
    "Brand_Product_Size": "Uncle Tobys Le Snak French Onion Cheese Dip & Crackers 12 pack",
    "WOW Price": 5.5,
    "WOW Size": "12 pack",
    "WOW ppu": "$2.08 / 100G"
  },
  {
    "Brand_Product_Size": "Durex Regular Condoms Original 30 pack",
    "WOW Price": 15,
    "WOW Size": "30 pack",
    "WOW ppu": "$0.50 / 1EA"
  },
  {
    "Brand_Product_Size": "Shine Infusions Dishwashing Liquid Peony & Lychee 450mL",
    "WOW Price": 1.7,
    "WOW Size": "450mL",
    "WOW ppu": "$0.38 / 100ML"
  },
  {
    "Brand_Product_Size": "Omo 3in1 Capsule Sensitive 728g",
    "WOW Price": 22,
    "WOW Size": "728g",
    "WOW ppu": "$0.79 / 1EA"
  },
  {
    "Brand_Product_Size": "Schick Mens Razor Blades Quattro Titanium Refill 8ea",
    "WOW Price": 16,
    "WOW Size": "8ea",
    "WOW ppu": "$2.00 / 1EA"
  },
  {
    "Brand_Product_Size": "Mortein Easy Reach Surface Spray Crawling Insect Killer 350g",
    "WOW Price": 11,
    "WOW Size": "350g",
    "WOW ppu": "$3.14 / 100G"
  },
  {
    "Brand_Product_Size": "Thankyou. Nourishing Body Bar With Hemp Seed Oil 100g",
    "WOW Price": 3.5,
    "WOW Size": "100g",
    "WOW ppu": "$3.50 / 100G"
  },
  {
    "Brand_Product_Size": "Heinz Classic Canned Soup Sweet Potato & Pumpkin 535g",
    "WOW Price": 2,
    "WOW Size": "535g",
    "WOW ppu": "$0.37 / 100G"
  },
  {
    "Brand_Product_Size": "Bref Toilet Liquid Colour Protection 450mL",
    "WOW Price": 3.5,
    "WOW Size": "450mL",
    "WOW ppu": "$0.78 / 100ML"
  },
  {
    "Brand_Product_Size": "Nature's Gift Sustain Chicken & Fish Dry Dog Food 6kg",
    "WOW Price": 18,
    "WOW Size": "6kg",
    "WOW ppu": "$0.30 / 100G"
  },
  {
    "Brand_Product_Size": "Palmolive Men Rapid Shave Sensitive Foam With Aloe Vera 250g",
    "WOW Price": 3.5,
    "WOW Size": "250g",
    "WOW ppu": "$1.40 / 100G"
  },
  {
    "Brand_Product_Size": "Energizer Max Plus Advanced Aaa 16 pack",
    "WOW Price": 12,
    "WOW Size": "16 pack",
    "WOW ppu": "$0.75 / 1EA"
  },
  {
    "Brand_Product_Size": "Tempo Cottage Cheese 250g",
    "WOW Price": 4.6,
    "WOW Size": "250g",
    "WOW ppu": "$18.40 / 1KG"
  },
  {
    "Brand_Product_Size": "Bonds Mens Fashion Guy Front Trunk Size Medium each",
    "WOW Price": 25,
    "WOW Size": "each",
    "WOW ppu": ""
  },
  {
    "Brand_Product_Size": "Quitnits Head Lice Treatment Rapid 200mL",
    "WOW Price": 17,
    "WOW Size": "200mL",
    "WOW ppu": "$8.50 / 100ML"
  },
  {
    "Brand_Product_Size": "Woolworths Strawberry Milk 6x200mL",
    "WOW Price": 3.6,
    "WOW Size": "6x200mL",
    "WOW ppu": "$3.00 / 1L"
  },
  {
    "Brand_Product_Size": "Wiltshire Eat Smart 4 In 1 Avocado Tool each",
    "WOW Price": 3.6,
    "WOW Size": "each",
    "WOW ppu": ""
  },
  {
    "Brand_Product_Size": "Coca-cola Diet Soft Drink Cans 375mL x10 pack",
    "WOW Price": 7.9,
    "WOW Size": "375mL x10 pack",
    "WOW ppu": "$2.11 / 1L"
  },
  {
    "Brand_Product_Size": "Nexba Watermelon Sugar-free Iced Tea 1L",
    "WOW Price": 3.15,
    "WOW Size": "1L",
    "WOW ppu": "$3.15 / 1L"
  },
  {
    "Brand_Product_Size": "Natvia Strawberry Fruit Spread 240g",
    "WOW Price": 6,
    "WOW Size": "240g",
    "WOW ppu": "$2.50 / 100G"
  },
  {
    "Brand_Product_Size": "Sam's Pantry Crunchy Peanut Butter Clusters 750g",
    "WOW Price": 5,
    "WOW Size": "750g",
    "WOW ppu": "$0.67 / 100G"
  },
  {
    "Brand_Product_Size": "Nestle Milky Bar Whirl Sharepack 11 pack",
    "WOW Price": 4.6,
    "WOW Size": "11 pack",
    "WOW ppu": "$2.91 / 100G"
  },
  {
    "Brand_Product_Size": "Coca-cola Vanilla Soft Drink Bottle 1.25L",
    "WOW Price": 1.95,
    "WOW Size": "1.25L",
    "WOW ppu": "$1.56 / 1L"
  },
  {
    "Brand_Product_Size": "All Natural Bakery Bars Oat Slice Yog Almond & Apricot 100g",
    "WOW Price": 2.7,
    "WOW Size": "100g",
    "WOW ppu": "$2.70 / 100G"
  },
  {
    "Brand_Product_Size": "Schweppes Lemonade Zero Sugar 10 x375mL",
    "WOW Price": 12.4,
    "WOW Size": "10 x375mL",
    "WOW ppu": "$3.31 / 1L"
  },
  {
    "Brand_Product_Size": "Mitchum 48 Hour Powder Fresh For Women Antiperspirant & Deodorant 45g",
    "WOW Price": 10,
    "WOW Size": "45g",
    "WOW ppu": "$22.22 / 100G"
  },
  {
    "Brand_Product_Size": "Glad Freezer Ice Cube Bag 8 pack",
    "WOW Price": 3.8,
    "WOW Size": "8 pack",
    "WOW ppu": "$0.48 / 1EA"
  },
  {
    "Brand_Product_Size": "Ultimates Indulge Chicken Casserole With Vegetables 400g",
    "WOW Price": 2.5,
    "WOW Size": "400g",
    "WOW ppu": "$0.63 / 100G"
  },
  {
    "Brand_Product_Size": "Coon Cheese Block Tasty 1kg",
    "WOW Price": 10.85,
    "WOW Size": "1kg",
    "WOW ppu": "$10.85 / 1KG"
  },
  {
    "Brand_Product_Size": "Coon Cheese Block Tasty 1kg",
    "WOW Price": 10.85,
    "WOW Size": "1kg",
    "WOW ppu": "$10.85 / 1KG"
  },
  {
    "Brand_Product_Size": "Inside Out Wake Up Brekky Smoothie Dark Choc Banana 350mL",
    "WOW Price": 3,
    "WOW Size": "350mL",
    "WOW ppu": "$8.57 / 1L"
  },
  {
    "Brand_Product_Size": "Goldenfry Yorkshire Pudding Mix 142g",
    "WOW Price": 2.6,
    "WOW Size": "142g",
    "WOW ppu": "$1.83 / 100G"
  },
  {
    "Brand_Product_Size": "Kikkoman Soy Sauce Soy 1L",
    "WOW Price": 8,
    "WOW Size": "1L",
    "WOW ppu": "$0.80 / 100ML"
  },
  {
    "Brand_Product_Size": "Supercoat Adult Small Breed Chicken Dry Dog Food 3kg",
    "WOW Price": 15.5,
    "WOW Size": "3kg",
    "WOW ppu": "$0.52 / 100G"
  },
  {
    "Brand_Product_Size": "Sard Wonder Laundry Soap Eucalyptus 125g",
    "WOW Price": 2.65,
    "WOW Size": "125g",
    "WOW ppu": "$21.20 / 1KG"
  },
  {
    "Brand_Product_Size": "Flora Proactiv Margarine Original 750g",
    "WOW Price": 10.6,
    "WOW Size": "750g",
    "WOW ppu": "$1.41 / 100G"
  },
  {
    "Brand_Product_Size": "Lee Kum Kee Sauce Char Siu 240g",
    "WOW Price": 4.2,
    "WOW Size": "240g",
    "WOW ppu": "$1.75 / 100G"
  },
  {
    "Brand_Product_Size": "The Natural Cracker Co. Sweet & Smoky Barbeque Crispy Crackers 160g",
    "WOW Price": 3.5,
    "WOW Size": "160g",
    "WOW ppu": "$2.19 / 100G"
  },
  {
    "Brand_Product_Size": "Olsent Cfl Spiral Es 20w 1400lm Cw 2 pack",
    "WOW Price": 10,
    "WOW Size": "2 pack",
    "WOW ppu": "$5.00 / 1EA"
  },
  {
    "Brand_Product_Size": "Dettol Biodegradable Multipurpose Cleaning Wipes Lemon 90 pack",
    "WOW Price": 10,
    "WOW Size": "90 pack",
    "WOW ppu": "$11.11 / 100EA"
  },
  {
    "Brand_Product_Size": "Super Nature Slow Cooked Lamb Ragu Wholemeal Pappardelle 350g",
    "WOW Price": 6.3,
    "WOW Size": "350g",
    "WOW ppu": "$1.80 / 100G"
  },
  {
    "Brand_Product_Size": "Tena Pads Extra Plus 8 pack",
    "WOW Price": 3.65,
    "WOW Size": "8 pack",
    "WOW ppu": "$0.46 / 1EA"
  },
  {
    "Brand_Product_Size": "Oli & Vine Premium Whole Egg Creamy Mayonnaise 230mL",
    "WOW Price": 5,
    "WOW Size": "230mL",
    "WOW ppu": "$2.17 / 100ML"
  },
  {
    "Brand_Product_Size": "Farrows Giant Marrowfat Peas 300g",
    "WOW Price": 2,
    "WOW Size": "300g",
    "WOW ppu": "$0.67 / 100G"
  },
  {
    "Brand_Product_Size": "Fussy Cat Grain Free Beef Mince Casserole Wet Cat Food 400g",
    "WOW Price": 1.8,
    "WOW Size": "400g",
    "WOW ppu": "$0.45 / 100G"
  },
  {
    "Brand_Product_Size": "Stayfree Pads Regular No Wings 20 pack",
    "WOW Price": 4.3,
    "WOW Size": "20 pack",
    "WOW ppu": "$0.22 / 1EA"
  },
  {
    "Brand_Product_Size": "Vittoria Espresso Nespresso Compatible Coffee Capsules pack 20",
    "WOW Price": 11,
    "WOW Size": "pack 20",
    "WOW ppu": "$0.55 / 1EA"
  },
  {
    "Brand_Product_Size": "Vittoria Espresso Nespresso Compatible Coffee Capsules pack 20",
    "WOW Price": 11,
    "WOW Size": "pack 20",
    "WOW ppu": "$0.55 / 1EA"
  },
  {
    "Brand_Product_Size": "Maybelline Brow Satin Pencil & Powder Duo - Dark Blonde each",
    "WOW Price": 8.5,
    "WOW Size": "each",
    "WOW ppu": "$8.50 / 1EA"
  },
  {
    "Brand_Product_Size": "Lipton Peach Ice Tea 500mL",
    "WOW Price": 1.9,
    "WOW Size": "500mL",
    "WOW ppu": "$3.80 / 1L"
  },
  {
    "Brand_Product_Size": "Fancy Feast Adult Chicken, Turkey & Vege Flavour Dry Cat Food 450g",
    "WOW Price": 5.3,
    "WOW Size": "450g",
    "WOW ppu": "$1.18 / 100G"
  },
  {
    "Brand_Product_Size": "Pump Flavoured Water Lime Rush Bottle 750mL",
    "WOW Price": 3.55,
    "WOW Size": "750mL",
    "WOW ppu": "$4.73 / 1L"
  },
  {
    "Brand_Product_Size": "Gillette Blue2 Pivot Plus Razor each",
    "WOW Price": 8.9,
    "WOW Size": "each",
    "WOW ppu": "$0.81 / 1EA"
  },
  {
    "Brand_Product_Size": "Aeroplane Jelly Reduced Sugar Lime 85g",
    "WOW Price": 1.25,
    "WOW Size": "85g",
    "WOW ppu": "$1.47 / 100G"
  },
  {
    "Brand_Product_Size": "Cadbury Picnic Sharepack 12 pack 180g",
    "WOW Price": 5,
    "WOW Size": "12 pack 180g",
    "WOW ppu": "$2.78 / 100G"
  },
  {
    "Brand_Product_Size": "L'oreal Men Expert Hydra Energetic 24 Hour Moisturiser 50mL",
    "WOW Price": 9.6,
    "WOW Size": "50mL",
    "WOW ppu": "$19.20 / 100ML"
  },
  {
    "Brand_Product_Size": "Flora Proactiv Cholesterol Lowering Margarine Spread Original 250g",
    "WOW Price": 3.5,
    "WOW Size": "250g",
    "WOW ppu": "$1.40 / 100G"
  },
  {
    "Brand_Product_Size": "Uncle Tobys Le Snak Tasty Cheese Dip & Crackers 6 pack",
    "WOW Price": 4.7,
    "WOW Size": "6 pack",
    "WOW ppu": "$3.56 / 100G"
  },
  {
    "Brand_Product_Size": "Uncle Tobys Le Snak Tasty Cheese Dip & Crackers 6 pack",
    "WOW Price": 4.7,
    "WOW Size": "6 pack",
    "WOW ppu": "$3.56 / 100G"
  },
  {
    "Brand_Product_Size": "Uncle Tobys Le Snak Tasty Cheese Dip & Crackers 6 pack",
    "WOW Price": 4.7,
    "WOW Size": "6 pack",
    "WOW ppu": "$3.56 / 100G"
  },
  {
    "Brand_Product_Size": "Johnson's Baby Oil With Aloe Vera & Vitamin E 500mL",
    "WOW Price": 9.5,
    "WOW Size": "500mL",
    "WOW ppu": "$1.90 / 100ML"
  },
  {
    "Brand_Product_Size": "Eylure Eyelashes Pre Glued Ready To Wear each",
    "WOW Price": 5,
    "WOW Size": "each",
    "WOW ppu": ""
  },
  {
    "Brand_Product_Size": "Maybelline Eye Studio Gel Pot Liner - Blackest Black 3g",
    "WOW Price": 8.5,
    "WOW Size": "3g",
    "WOW ppu": "$28.33 / 10G"
  },
  {
    "Brand_Product_Size": "Bestway Hydroswim Childrens Goggles Assorted each",
    "WOW Price": 2,
    "WOW Size": "each",
    "WOW ppu": ""
  },
  {
    "Brand_Product_Size": "Nature's Cuppa Organic Spice Chai Tea Bags 50 pack",
    "WOW Price": 7,
    "WOW Size": "50 pack",
    "WOW ppu": "$0.14 / 1EA"
  },
  {
    "Brand_Product_Size": "Nature's Cuppa Organic Spice Chai Tea Bags 50 pack",
    "WOW Price": 7,
    "WOW Size": "50 pack",
    "WOW ppu": "$0.14 / 1EA"
  },
  {
    "Brand_Product_Size": "Sirena Tuna In Puttanesca 95g",
    "WOW Price": 2.7,
    "WOW Size": "95g",
    "WOW ppu": "$28.42 / 1KG"
  },
  {
    "Brand_Product_Size": "Macro Organic Quick Oats 500g",
    "WOW Price": 2.75,
    "WOW Size": "500g",
    "WOW ppu": "$0.55 / 100G"
  },
  {
    "Brand_Product_Size": "John West Fiery Jalapeno Tuna 95g",
    "WOW Price": 1.15,
    "WOW Size": "95g",
    "WOW ppu": "$12.11 / 1KG"
  },
  {
    "Brand_Product_Size": "Jack Hammer Plug Twin Pack 50mm each",
    "WOW Price": 4.5,
    "WOW Size": "each",
    "WOW ppu": ""
  },
  {
    "Brand_Product_Size": "Toni & Guy Bamboo Paddle Brush each",
    "WOW Price": 14,
    "WOW Size": "each",
    "WOW ppu": ""
  },
  {
    "Brand_Product_Size": "Wiltshire Spring Form Pan Small each",
    "WOW Price": 12,
    "WOW Size": "each",
    "WOW ppu": "$12.00 / 1EA"
  },
  {
    "Brand_Product_Size": "Woolworths Smoked Mussels In Oil 85g",
    "WOW Price": 1.7,
    "WOW Size": "85g",
    "WOW ppu": "$20.00 / 1KG"
  },
  {
    "Brand_Product_Size": "Woolworths Smoked Mussels In Oil 85g",
    "WOW Price": 1.7,
    "WOW Size": "85g",
    "WOW ppu": "$20.00 / 1KG"
  },
  {
    "Brand_Product_Size": "Bushells Lan Choo Loose Leaf Tea 250g",
    "WOW Price": 3.6,
    "WOW Size": "250g",
    "WOW ppu": "$1.44 / 100G"
  },
  {
    "Brand_Product_Size": "Bushells Lan Choo Loose Leaf Tea 250g",
    "WOW Price": 3.6,
    "WOW Size": "250g",
    "WOW ppu": "$1.44 / 100G"
  },
  {
    "Brand_Product_Size": "Natralus Natural Paw Paw Lip Butter Strawberry 8g",
    "WOW Price": 4.99,
    "WOW Size": "8g",
    "WOW ppu": "$6.24 / 10G"
  },
  {
    "Brand_Product_Size": "Blackmores Multivitamin & Antioxidant Tablets 125 pack",
    "WOW Price": 41.5,
    "WOW Size": "125 pack",
    "WOW ppu": "$33.20 / 100EA"
  },
  {
    "Brand_Product_Size": "Razzamatazz Body Contour Pantyhose Opaque Tights 70 Denier each",
    "WOW Price": 12,
    "WOW Size": "each",
    "WOW ppu": ""
  },
  {
    "Brand_Product_Size": "Schmackos Strapz Chicken Dog Treats 200g",
    "WOW Price": 3,
    "WOW Size": "200g",
    "WOW ppu": "$1.50 / 100G"
  },
  {
    "Brand_Product_Size": "Woolworths Sweetened Condensed Milk 397g",
    "WOW Price": 1.6,
    "WOW Size": "397g",
    "WOW ppu": "$0.40 / 100G"
  },
  {
    "Brand_Product_Size": "Woolworths Sweetened Condensed Milk 397g",
    "WOW Price": 1.6,
    "WOW Size": "397g",
    "WOW ppu": "$0.40 / 100G"
  },
  {
    "Brand_Product_Size": "Woolworths Sweetened Condensed Milk 397g",
    "WOW Price": 1.6,
    "WOW Size": "397g",
    "WOW ppu": "$0.40 / 100G"
  },
  {
    "Brand_Product_Size": "Garnier Nutrisse Hair Colour 4.3 Cappuccino each",
    "WOW Price": 7.46,
    "WOW Size": "each",
    "WOW ppu": ""
  },
  {
    "Brand_Product_Size": "Decor Glass Deluxe Clips Leak Proof Oblong 1L",
    "WOW Price": 12,
    "WOW Size": "1L",
    "WOW ppu": ""
  },
  {
    "Brand_Product_Size": "Primo Berliner Sliced per kg",
    "WOW Price": 17,
    "WOW Size": "per kg",
    "WOW ppu": "$17.00 / 1KG"
  },
  {
    "Brand_Product_Size": "Woolworths Tomato Soup 420g",
    "WOW Price": 0.8,
    "WOW Size": "420g",
    "WOW ppu": "$0.19 / 100G"
  },
  {
    "Brand_Product_Size": "Calidad Canon 681 Cyan Xxl each",
    "WOW Price": 28,
    "WOW Size": "each",
    "WOW ppu": ""
  },
  {
    "Brand_Product_Size": "Continental Naturally Tasty Recipe Base Chilli Con Carne 64g",
    "WOW Price": 2.4,
    "WOW Size": "64g",
    "WOW ppu": "$3.75 / 100G"
  },
  {
    "Brand_Product_Size": "Bonds Kids Very Comfy Low Cut Socks Size 9-12 4 pack",
    "WOW Price": 13,
    "WOW Size": "4 pack",
    "WOW ppu": ""
  },
  {
    "Brand_Product_Size": "Dettol Citrus Fresh Bar Soap 3 pack",
    "WOW Price": 4.4,
    "WOW Size": "3 pack",
    "WOW ppu": "$1.47 / 100G"
  },
  {
    "Brand_Product_Size": "Rafferty's Garden Food 6 Months Pure Vanilla Custard 120g",
    "WOW Price": 1.65,
    "WOW Size": "120g",
    "WOW ppu": "$1.38 / 100G"
  },
  {
    "Brand_Product_Size": "Woolworths Peanut Oil 750mL",
    "WOW Price": 5,
    "WOW Size": "750mL",
    "WOW ppu": "$0.67 / 100ML"
  },
  {
    "Brand_Product_Size": "Sunsilk Biotin Conditioner Longer & Stronger 350mL",
    "WOW Price": 5.5,
    "WOW Size": "350mL",
    "WOW ppu": "$1.57 / 100ML"
  },
  {
    "Brand_Product_Size": "Simple Biodegradable Face Wipes 25 pack",
    "WOW Price": 7.5,
    "WOW Size": "25 pack",
    "WOW ppu": "$0.30 / 1EA"
  },
  {
    "Brand_Product_Size": "Tommee Tippee Bath Squirts 3 pack",
    "WOW Price": 5.5,
    "WOW Size": "3 pack",
    "WOW ppu": "$1.83 / 1EA"
  },
  {
    "Brand_Product_Size": "Suimin Brasied Beef Noodle Cup 70g",
    "WOW Price": 1.5,
    "WOW Size": "70g",
    "WOW ppu": "$2.14 / 100G"
  },
  {
    "Brand_Product_Size": "Leggos Pasta Sauce Roasted Garlic 500g",
    "WOW Price": 3,
    "WOW Size": "500g",
    "WOW ppu": "$0.60 / 100G"
  },
  {
    "Brand_Product_Size": "Mckenzie's Himalayan Pink Rock Salt 410g",
    "WOW Price": 7.5,
    "WOW Size": "410g",
    "WOW ppu": "$1.83 / 100G"
  },
  {
    "Brand_Product_Size": "Mortein Naturgard Insect Control Indoor Odourless 154g x2 pack",
    "WOW Price": 26,
    "WOW Size": "154g x2 pack",
    "WOW ppu": "$26.00 / 1EA"
  },
  {
    "Brand_Product_Size": "Priya Soap Bar Goats Milk 100g",
    "WOW Price": 1.8,
    "WOW Size": "100g",
    "WOW ppu": "$1.80 / 100G"
  },
  {
    "Brand_Product_Size": "Herron Nicaway Mini Lozenges 4mg 108 pack",
    "WOW Price": 40,
    "WOW Size": "108 pack",
    "WOW ppu": "$37.04 / 100EA"
  },
  {
    "Brand_Product_Size": "Pringles Bbq Stacked Potato Chips 134g",
    "WOW Price": 3,
    "WOW Size": "134g",
    "WOW ppu": "$2.24 / 100G"
  },
  {
    "Brand_Product_Size": "Heinz Soup Of The Day Pouch Spicy Pumpkin 430g",
    "WOW Price": 3,
    "WOW Size": "430g",
    "WOW ppu": "$0.70 / 100G"
  },
  {
    "Brand_Product_Size": "Harvest Beef Irish Stew 425g",
    "WOW Price": 4,
    "WOW Size": "425g",
    "WOW ppu": "$9.41 / 1KG"
  },
  {
    "Brand_Product_Size": "Uncle Tobys Cranberry Vanilla & Coconut Muesli Bar 5 pack",
    "WOW Price": 2.5,
    "WOW Size": "5 pack",
    "WOW ppu": "$1.43 / 100G"
  },
  {
    "Brand_Product_Size": "Cadbury Flake 30g bar",
    "WOW Price": 1.5,
    "WOW Size": "30g bar",
    "WOW ppu": "$5.00 / 100G"
  },
  {
    "Brand_Product_Size": "Bonjela Gel Mouth Ulcer 15g",
    "WOW Price": 9.4,
    "WOW Size": "15g",
    "WOW ppu": "$62.67 / 100G"
  },
  {
    "Brand_Product_Size": "Old El Paso Fiery Soft Taco Kit Hot 405g",
    "WOW Price": 6.5,
    "WOW Size": "405g",
    "WOW ppu": "$1.60 / 100G"
  },
  {
    "Brand_Product_Size": "Sprite Lemonade Bottle 1.25L",
    "WOW Price": 1.95,
    "WOW Size": "1.25L",
    "WOW ppu": "$1.56 / 1L"
  },
  {
    "Brand_Product_Size": "Obela Plant Based Hommus Bowl Roasted Mediterranean Veges 285g",
    "WOW Price": 7.5,
    "WOW Size": "285g",
    "WOW ppu": "$2.63 / 100G"
  },
  {
    "Brand_Product_Size": "Armada Resealable Sandwich Bag 30 pack",
    "WOW Price": 2,
    "WOW Size": "30 pack",
    "WOW ppu": "$0.07 / 1EA"
  },
  {
    "Brand_Product_Size": "Maharajah's Choice Hing Powder 50g",
    "WOW Price": 2.25,
    "WOW Size": "50g",
    "WOW ppu": "$4.50 / 100G"
  },
  {
    "Brand_Product_Size": "Frantelle Pineapple & Orange Sparkling Water 375mL x10 pack",
    "WOW Price": 9.5,
    "WOW Size": "375mL x10 pack",
    "WOW ppu": "$2.53 / 1L"
  },
  {
    "Brand_Product_Size": "Priya Soap Bar Natural Sandalwood 100g",
    "WOW Price": 1.8,
    "WOW Size": "100g",
    "WOW ppu": "$1.80 / 100G"
  },
  {
    "Brand_Product_Size": "Woolworths Essentials Sticker Colour Dots 120 pack",
    "WOW Price": 2,
    "WOW Size": "120 pack",
    "WOW ppu": ""
  },
  {
    "Brand_Product_Size": "Golden Circle Orange Juice 3L",
    "WOW Price": 4,
    "WOW Size": "3L",
    "WOW ppu": "$1.33 / 1L"
  },
  {
    "Brand_Product_Size": "Byron Bay Cookies Gluten Free Triple Choc Cookie Bites 100g",
    "WOW Price": 3,
    "WOW Size": "100g",
    "WOW ppu": "$3.00 / 100G"
  },
  {
    "Brand_Product_Size": "Strike Spray Mop Refill 2 pack",
    "WOW Price": 10,
    "WOW Size": "2 pack",
    "WOW ppu": "$5.00 / 1EA"
  },
  {
    "Brand_Product_Size": "Coca-cola Classic Soft Drink Bottle 1.25L",
    "WOW Price": 1.95,
    "WOW Size": "1.25L",
    "WOW ppu": "$1.56 / 1L"
  },
  {
    "Brand_Product_Size": "Bonsoy Almond Milk 1L",
    "WOW Price": 3.9,
    "WOW Size": "1L",
    "WOW ppu": "$3.90 / 1L"
  },
  {
    "Brand_Product_Size": "Bonsoy Almond Milk 1L",
    "WOW Price": 3.9,
    "WOW Size": "1L",
    "WOW ppu": "$3.90 / 1L"
  },
  {
    "Brand_Product_Size": "Sunrice Heat & Serve Rice & Quinoa 250g",
    "WOW Price": 2.8,
    "WOW Size": "250g",
    "WOW ppu": "$1.12 / 100G"
  },
  {
    "Brand_Product_Size": "Balnea Face Brush each",
    "WOW Price": 8,
    "WOW Size": "each",
    "WOW ppu": "$8.00 / 1EA"
  },
  {
    "Brand_Product_Size": "Ogx Extra Strength Argan Oil Of Morocco Shampoo 385mL",
    "WOW Price": 21,
    "WOW Size": "385mL",
    "WOW ppu": "$5.45 / 100ML"
  },
  {
    "Brand_Product_Size": "Twinings Australian Afternoon Tea Bags 100 pack",
    "WOW Price": 11.2,
    "WOW Size": "100 pack",
    "WOW ppu": "$0.11 / 1EA"
  },
  {
    "Brand_Product_Size": "Twinings Australian Afternoon Tea Bags 100 pack",
    "WOW Price": 11.2,
    "WOW Size": "100 pack",
    "WOW ppu": "$0.11 / 1EA"
  },
  {
    "Brand_Product_Size": "Maybelline Great Lash Mascara - Very Black 12.7mL",
    "WOW Price": 6.5,
    "WOW Size": "12.7mL",
    "WOW ppu": "$5.12 / 10ML"
  },
  {
    "Brand_Product_Size": "Woolworths Black Cherries Stoneless In Syrup 415g",
    "WOW Price": 3.8,
    "WOW Size": "415g",
    "WOW ppu": "$9.16 / 1KG"
  },
  {
    "Brand_Product_Size": "Sunrice Flavour Your Rice Thai Coconut Paste 60g",
    "WOW Price": 4,
    "WOW Size": "60g",
    "WOW ppu": "$6.67 / 100G"
  },
  {
    "Brand_Product_Size": "Bisto Chip Shop Curry Sauce Mix 190g",
    "WOW Price": 6.65,
    "WOW Size": "190g",
    "WOW ppu": "$3.50 / 100G"
  },
  {
    "Brand_Product_Size": "Primo Cabanossi From The Deli per kg",
    "WOW Price": 19,
    "WOW Size": "per kg",
    "WOW ppu": "$19.00 / 1KG"
  },
  {
    "Brand_Product_Size": "Oral-b Pro Health Toothpaste Advanced Whitening 110g",
    "WOW Price": 3.49,
    "WOW Size": "110g",
    "WOW ppu": "$3.17 / 100G"
  },
  {
    "Brand_Product_Size": "Latina Fresh Beef Ravioli 375g",
    "WOW Price": 6.5,
    "WOW Size": "375g",
    "WOW ppu": "$1.73 / 100G"
  },
  {
    "Brand_Product_Size": "Lee Kum Kee Soup Base For Chicken Hot Pot Chicken Soup Hot Pot 60g",
    "WOW Price": 2,
    "WOW Size": "60g",
    "WOW ppu": "$3.33 / 100G"
  },
  {
    "Brand_Product_Size": "Always Fresh Cucumbers Bread & Butter 700g",
    "WOW Price": 3.7,
    "WOW Size": "700g",
    "WOW ppu": "$5.29 / 1KG"
  },
  {
    "Brand_Product_Size": "Calidad Hp Printer Ink 63 Xl Black each",
    "WOW Price": 35,
    "WOW Size": "each",
    "WOW ppu": ""
  },
  {
    "Brand_Product_Size": "Lee Kum Kee Sauce Chicken And Honey Soy 120g",
    "WOW Price": 1.7,
    "WOW Size": "120g",
    "WOW ppu": "$1.42 / 100G"
  },
  {
    "Brand_Product_Size": "Hot Wheels Super Rig Assorted each",
    "WOW Price": 9.6,
    "WOW Size": "each",
    "WOW ppu": ""
  },
  {
    "Brand_Product_Size": "Rimmel Ultimate Boost Volume Primer Mascara 12mL",
    "WOW Price": 8.5,
    "WOW Size": "12mL",
    "WOW ppu": "$7.08 / 10ML"
  },
  {
    "Brand_Product_Size": "Tamar Valley Yoghurt No Added Sugar Mango 170g",
    "WOW Price": 2.25,
    "WOW Size": "170g",
    "WOW ppu": "$1.32 / 100G"
  },
  {
    "Brand_Product_Size": "Tradie Twenty Four 7 Body Spray 160mL",
    "WOW Price": 3,
    "WOW Size": "160mL",
    "WOW ppu": "$1.88 / 100ML"
  },
  {
    "Brand_Product_Size": "Gravox Gravy Liquid Roast Chicken Herbs 250g",
    "WOW Price": 2.85,
    "WOW Size": "250g",
    "WOW ppu": "$1.14 / 100G"
  },
  {
    "Brand_Product_Size": "Golden Wok Tandoori Chicken Dumplings 230g",
    "WOW Price": 5,
    "WOW Size": "230g",
    "WOW ppu": "$2.17 / 100G"
  },
  {
    "Brand_Product_Size": "Armor All Car Care Chamois 335mm X 430mm each",
    "WOW Price": 11,
    "WOW Size": "each",
    "WOW ppu": "$11.00 / 1EA"
  },
  {
    "Brand_Product_Size": "Sabco Kitchen & Bathroom Sponge Mop Refill 2 pack",
    "WOW Price": 13.5,
    "WOW Size": "2 pack",
    "WOW ppu": "$6.75 / 1EA"
  },
  {
    "Brand_Product_Size": "Nivea Naturally Good Honeysuckle & Bio Essential Oils Gel 300mL",
    "WOW Price": 5.6,
    "WOW Size": "300mL",
    "WOW ppu": "$1.87 / 100ML"
  },
  {
    "Brand_Product_Size": "Nivea Q10 Power Mature Night Cream Anti-wrinkle & Replenishing 50mL",
    "WOW Price": 22,
    "WOW Size": "50mL",
    "WOW ppu": "$44.00 / 100ML"
  },
  {
    "Brand_Product_Size": "Schwarzkopf Live Salon 7-98 Violet Red each",
    "WOW Price": 14,
    "WOW Size": "each",
    "WOW ppu": ""
  },
  {
    "Brand_Product_Size": "Help@hand Menthol Inhaler each",
    "WOW Price": 5,
    "WOW Size": "each",
    "WOW ppu": "$5.00 / 1EA"
  },
  {
    "Brand_Product_Size": "Bondi Sands Self Tan Foam Light Medium 200mL",
    "WOW Price": 20,
    "WOW Size": "200mL",
    "WOW ppu": "$10.00 / 100ML"
  },
  {
    "Brand_Product_Size": "Sabco Toilet Brush & Roll Holder Set each",
    "WOW Price": 16,
    "WOW Size": "each",
    "WOW ppu": "$2.67 / 1EA"
  },
  {
    "Brand_Product_Size": "Kraft Cheddar Sandwich Slices 12pk 250g",
    "WOW Price": 4.1,
    "WOW Size": "250g",
    "WOW ppu": "$16.40 / 1KG"
  },
  {
    "Brand_Product_Size": "Trident Instant Soup Thai Tom Yum Goong With Noodle 50g",
    "WOW Price": 1.1,
    "WOW Size": "50g",
    "WOW ppu": "$2.20 / 100G"
  },
  {
    "Brand_Product_Size": "Little One's Size 4 Ultra Dry Nappies Toddler 10-15kg Boys & Girls 50 pack",
    "WOW Price": 10,
    "WOW Size": "50 pack",
    "WOW ppu": "$0.20 / 1EA"
  },
  {
    "Brand_Product_Size": "Nexba Creaming Soda Sugar-free Sparkling Soda 1L",
    "WOW Price": 1.9,
    "WOW Size": "1L",
    "WOW ppu": "$1.90 / 1L"
  },
  {
    "Brand_Product_Size": "Woolworths Original Flavour Stacked Chips 160g",
    "WOW Price": 1.75,
    "WOW Size": "160g",
    "WOW ppu": "$1.09 / 100G"
  },
  {
    "Brand_Product_Size": "Thins Chips Salt & Vinegar 175g",
    "WOW Price": 3.5,
    "WOW Size": "175g",
    "WOW ppu": "$2.00 / 100G"
  },
  {
    "Brand_Product_Size": "Decor Cook Refillable Oil Sprayer each",
    "WOW Price": 12,
    "WOW Size": "each",
    "WOW ppu": ""
  },
  {
    "Brand_Product_Size": "Gatorade G-active Electrolyte Water Mango Flavoured No Sugar 600mL",
    "WOW Price": 2.15,
    "WOW Size": "600mL",
    "WOW ppu": "$3.58 / 1L"
  },
  {
    "Brand_Product_Size": "Bonds Full Brief Comfytails Side Seam Free Size 14 2 pack",
    "WOW Price": 24,
    "WOW Size": "2 pack",
    "WOW ppu": ""
  },
  {
    "Brand_Product_Size": "Crave Wet Dog Food Chicken Pate 100g",
    "WOW Price": 1.9,
    "WOW Size": "100g",
    "WOW ppu": "$1.90 / 100G"
  },
  {
    "Brand_Product_Size": "Mint Cheese Grater each",
    "WOW Price": 6,
    "WOW Size": "each",
    "WOW ppu": ""
  },
  {
    "Brand_Product_Size": "Sargents Pies Meat 4 pack",
    "WOW Price": 5.5,
    "WOW Size": "4 pack",
    "WOW ppu": "$0.79 / 100G"
  },
  {
    "Brand_Product_Size": "Air Wick Pure Vanilla Car Single 2.5mL",
    "WOW Price": 6,
    "WOW Size": "2.5mL",
    "WOW ppu": "$6.00 / 1EA"
  },
  {
    "Brand_Product_Size": "Woolworths Australian Baby Peas 500g",
    "WOW Price": 1.7,
    "WOW Size": "500g",
    "WOW ppu": "$3.40 / 1KG"
  },
  {
    "Brand_Product_Size": "Geoff Jansz Marinated Fetta Cheese 320g",
    "WOW Price": 7.5,
    "WOW Size": "320g",
    "WOW ppu": "$23.44 / 1KG"
  },
  {
    "Brand_Product_Size": "Geoff Jansz Marinated Fetta Cheese 320g",
    "WOW Price": 7.5,
    "WOW Size": "320g",
    "WOW ppu": "$23.44 / 1KG"
  },
  {
    "Brand_Product_Size": "Kellogg's Lcms Split Stix Snack Bars Variety 15 pack",
    "WOW Price": 7,
    "WOW Size": "15 pack",
    "WOW ppu": "$2.03 / 100G"
  },
  {
    "Brand_Product_Size": "Kellogg's Lcms Split Stix Snack Bars Variety 15 pack",
    "WOW Price": 7,
    "WOW Size": "15 pack",
    "WOW ppu": "$2.03 / 100G"
  },
  {
    "Brand_Product_Size": "Street Foodie Cauliflower Popcorn 300g",
    "WOW Price": 7.5,
    "WOW Size": "300g",
    "WOW ppu": "$2.50 / 100G"
  },
  {
    "Brand_Product_Size": "Sunbites Crackers With Quinoa Cheddar & Chives 110g",
    "WOW Price": 3,
    "WOW Size": "110g",
    "WOW ppu": "$2.73 / 100G"
  },
  {
    "Brand_Product_Size": "Chris' Homestyle French Onion Dip 100g x3 pack",
    "WOW Price": 6,
    "WOW Size": "100g x3 pack",
    "WOW ppu": "$2.00 / 100G"
  },
  {
    "Brand_Product_Size": "Masterfoods Garlic Basil & Parsley Finely Chopped Seasoning 160g",
    "WOW Price": 2.8,
    "WOW Size": "160g",
    "WOW ppu": "$1.75 / 100G"
  },
  {
    "Brand_Product_Size": "Cadbury Dairy Milk Freddo Variety Pack 18 pack",
    "WOW Price": 5,
    "WOW Size": "18 pack",
    "WOW ppu": "$2.14 / 100G"
  },
  {
    "Brand_Product_Size": "Erawan Tapioca Starch 500g",
    "WOW Price": 1,
    "WOW Size": "500g",
    "WOW ppu": "$0.20 / 100G"
  },
  {
    "Brand_Product_Size": "Curash Shampoo & Conditioner 2 In 1 400mL",
    "WOW Price": 5.5,
    "WOW Size": "400mL",
    "WOW ppu": "$1.38 / 100ML"
  },
  {
    "Brand_Product_Size": "Curash Shampoo & Conditioner 2 In 1 400mL",
    "WOW Price": 5.5,
    "WOW Size": "400mL",
    "WOW ppu": "$1.38 / 100ML"
  },
  {
    "Brand_Product_Size": "Batiste Dry Shampoo & Tempt 200mL",
    "WOW Price": 10,
    "WOW Size": "200mL",
    "WOW ppu": "$5.00 / 100ML"
  },
  {
    "Brand_Product_Size": "Don Salami Hungarian Hot 200g",
    "WOW Price": 7.5,
    "WOW Size": "200g",
    "WOW ppu": "$37.50 / 1KG"
  },
  {
    "Brand_Product_Size": "Laucke Barossa Sourdough Rye Bread Mix 2.4kg",
    "WOW Price": 9.2,
    "WOW Size": "2.4kg",
    "WOW ppu": "$3.83 / 1KG"
  },
  {
    "Brand_Product_Size": "Riverland Englsh Style Ham Shaved 100g",
    "WOW Price": 2,
    "WOW Size": "100g",
    "WOW ppu": "$20.00 / 1KG"
  },
  {
    "Brand_Product_Size": "For Her Crew Socks Black Size 5-8 5 pack",
    "WOW Price": 7,
    "WOW Size": "5 pack",
    "WOW ppu": ""
  },
  {
    "Brand_Product_Size": "Streets Paddle Pop Rainbow Tub 1L",
    "WOW Price": 5,
    "WOW Size": "1L",
    "WOW ppu": "$0.50 / 100ML"
  },
  {
    "Brand_Product_Size": "Birds Eye Country Harvest Spring Greens Mix 1kg",
    "WOW Price": 5,
    "WOW Size": "1kg",
    "WOW ppu": "$5.00 / 1KG"
  },
  {
    "Brand_Product_Size": "Mint Soft Grip Straight Peeler each",
    "WOW Price": 4,
    "WOW Size": "each",
    "WOW ppu": ""
  },
  {
    "Brand_Product_Size": "Mcobeauty Magic Makeup Blender each",
    "WOW Price": 5,
    "WOW Size": "each",
    "WOW ppu": ""
  },
  {
    "Brand_Product_Size": "Expo Dry Erase Markers Vibrant Color Mix 4 pack",
    "WOW Price": 11.5,
    "WOW Size": "4 pack",
    "WOW ppu": ""
  },
  {
    "Brand_Product_Size": "Woolworths Chipotle Cheese, Tomato Relish & Artisan Crackers 50g",
    "WOW Price": 3,
    "WOW Size": "50g",
    "WOW ppu": "$60.00 / 1KG"
  },
  {
    "Brand_Product_Size": "Paldo Dosirac Lobster Noodles King Cup 110g",
    "WOW Price": 2.5,
    "WOW Size": "110g",
    "WOW ppu": "$2.27 / 100G"
  },
  {
    "Brand_Product_Size": "Optimum Grain Free Chicken Adult Dry Cat Food 1.8kg",
    "WOW Price": 13.5,
    "WOW Size": "1.8kg",
    "WOW ppu": "$0.75 / 100G"
  },
  {
    "Brand_Product_Size": "Applaws Cat Food Tuna & Seaweed 70g",
    "WOW Price": 2,
    "WOW Size": "70g",
    "WOW ppu": "$2.86 / 100G"
  },
  {
    "Brand_Product_Size": "Mcobeauty Ultra Stay Flawless Foundation True Ivory 35mL",
    "WOW Price": 13,
    "WOW Size": "35mL",
    "WOW ppu": "$3.71 / 10ML"
  },
  {
    "Brand_Product_Size": "Kellogg's Coco Pops Chocolatey Breakfast Cereal 375g",
    "WOW Price": 5.4,
    "WOW Size": "375g",
    "WOW ppu": "$1.44 / 100G"
  },
  {
    "Brand_Product_Size": "Werther's Original Chewy Toffees 135g",
    "WOW Price": 3.5,
    "WOW Size": "135g",
    "WOW ppu": "$2.59 / 100G"
  },
  {
    "Brand_Product_Size": "Red Bull Energy Drink 473mL",
    "WOW Price": 4.85,
    "WOW Size": "473mL",
    "WOW ppu": "$10.25 / 1L"
  },
  {
    "Brand_Product_Size": "Woolworths Canola Oil 2L",
    "WOW Price": 4.75,
    "WOW Size": "2L",
    "WOW ppu": "$0.24 / 100ML"
  },
  {
    "Brand_Product_Size": "Maretti Bruschette Chips Tomato Olives & Oregano 150g",
    "WOW Price": 2.5,
    "WOW Size": "150g",
    "WOW ppu": "$1.67 / 100G"
  },
  {
    "Brand_Product_Size": "Western Star Chef's Choice Unsalted Butter 250g",
    "WOW Price": 4,
    "WOW Size": "250g",
    "WOW ppu": "$1.60 / 100G"
  },
  {
    "Brand_Product_Size": "Lavazza Espresso Barista Perfetto Coffee Beans 1kg",
    "WOW Price": 22,
    "WOW Size": "1kg",
    "WOW ppu": "$2.20 / 100G"
  },
  {
    "Brand_Product_Size": "Lavazza Espresso Barista Perfetto Coffee Beans 1kg",
    "WOW Price": 22,
    "WOW Size": "1kg",
    "WOW ppu": "$2.20 / 100G"
  },
  {
    "Brand_Product_Size": "Woolworths Belgian Chocolate Brownie 300g",
    "WOW Price": 6,
    "WOW Size": "300g",
    "WOW ppu": "$2.00 / 100G"
  },
  {
    "Brand_Product_Size": "Nibblish Gently Baked Pineapple 90g",
    "WOW Price": 4,
    "WOW Size": "90g",
    "WOW ppu": "$44.44 / 1KG"
  },
  {
    "Brand_Product_Size": "Cussons Imperial Leather After Shave Original 100mL",
    "WOW Price": 10,
    "WOW Size": "100mL",
    "WOW ppu": "$10.00 / 100ML"
  },
  {
    "Brand_Product_Size": "Kellogg's Lcms Butter Flavoured Popcorn Snack Bars 6 pack",
    "WOW Price": 2,
    "WOW Size": "6 pack",
    "WOW ppu": "$1.85 / 100G"
  },
  {
    "Brand_Product_Size": "Kellogg's Lcms Butter Flavoured Popcorn Snack Bars 6 pack",
    "WOW Price": 2,
    "WOW Size": "6 pack",
    "WOW ppu": "$1.85 / 100G"
  },
  {
    "Brand_Product_Size": "Macro Silken Tofu 300g",
    "WOW Price": 2.3,
    "WOW Size": "300g",
    "WOW ppu": "$7.67 / 1KG"
  },
  {
    "Brand_Product_Size": "U By Kotex Mini Tampons 16 pack",
    "WOW Price": 3.4,
    "WOW Size": "16 pack",
    "WOW ppu": "$0.21 / 1EA"
  },
  {
    "Brand_Product_Size": "Essentials Plastic Teaspoons 50 pack",
    "WOW Price": 2,
    "WOW Size": "50 pack",
    "WOW ppu": "$0.04 / 1EA"
  },
  {
    "Brand_Product_Size": "Oral-b Junior Paste Star Wars 92g",
    "WOW Price": 3.5,
    "WOW Size": "92g",
    "WOW ppu": "$3.80 / 100G"
  },
  {
    "Brand_Product_Size": "Passage To India Veg Curry Bowl Butter Masala With Rice 280g",
    "WOW Price": 5.5,
    "WOW Size": "280g",
    "WOW ppu": "$1.96 / 100G"
  },
  {
    "Brand_Product_Size": "Canon Pixma 645xl Black Cartridge Black each",
    "WOW Price": 31.2,
    "WOW Size": "each",
    "WOW ppu": ""
  },
  {
    "Brand_Product_Size": "Chris' Plant Based Guacamole Dip 200g",
    "WOW Price": 4,
    "WOW Size": "200g",
    "WOW ppu": "$2.00 / 100G"
  },
  {
    "Brand_Product_Size": "Essentials Heavy Duty Sponge Scourer 3 pack",
    "WOW Price": 1.99,
    "WOW Size": "3 pack",
    "WOW ppu": "$0.66 / 1EA"
  },
  {
    "Brand_Product_Size": "Air Wick Life Scents Turquoise Oasis Plug In Diffuser 19m",
    "WOW Price": 11,
    "WOW Size": "19m",
    "WOW ppu": "$5.79 / 10ML"
  },
  {
    "Brand_Product_Size": "Aashirvaad Whole Wheat Atta Flour 5kg",
    "WOW Price": 8,
    "WOW Size": "5kg",
    "WOW ppu": "$1.60 / 1KG"
  },
  {
    "Brand_Product_Size": "Dollar Sweets White Muffin Case 100 pack",
    "WOW Price": 3,
    "WOW Size": "100 pack",
    "WOW ppu": "$3.00 / 100EA"
  },
  {
    "Brand_Product_Size": "Maped Sharpener 2 Hole each",
    "WOW Price": 3.5,
    "WOW Size": "each",
    "WOW ppu": ""
  },
  {
    "Brand_Product_Size": "Gillette Venus Simply Venus Women's Razor & 4 Blade Refill each",
    "WOW Price": 7,
    "WOW Size": "each",
    "WOW ppu": ""
  },
  {
    "Brand_Product_Size": "Dollar Sweets Chocolate 100s & 1000s 130g",
    "WOW Price": 5,
    "WOW Size": "130g",
    "WOW ppu": "$3.85 / 100G"
  },
  {
    "Brand_Product_Size": "Air Wick Pure Cherry Blossom Electric Primary 19mL",
    "WOW Price": 11,
    "WOW Size": "19mL",
    "WOW ppu": "$5.79 / 10ML"
  },
  {
    "Brand_Product_Size": "Woolworths All Spice Ground 30g",
    "WOW Price": 2,
    "WOW Size": "30g",
    "WOW ppu": "$0.67 / 10G"
  },
  {
    "Brand_Product_Size": "Peters Billabong Rainbow Ice Cream 8 pack",
    "WOW Price": 4,
    "WOW Size": "8 pack",
    "WOW ppu": "$0.71 / 100ML"
  },
  {
    "Brand_Product_Size": "Continental Soup Sensations Garden Cauliflower & Four Cheese 62g",
    "WOW Price": 2.5,
    "WOW Size": "62g",
    "WOW ppu": "$4.03 / 100G"
  },
  {
    "Brand_Product_Size": "Heinz Beef Ravioli Bolognese 410g",
    "WOW Price": 2.5,
    "WOW Size": "410g",
    "WOW ppu": "$6.10 / 1KG"
  },
  {
    "Brand_Product_Size": "Lion Classic Scone Mix 535g",
    "WOW Price": 3.7,
    "WOW Size": "535g",
    "WOW ppu": "$6.92 / 1KG"
  },
  {
    "Brand_Product_Size": "Babylove Cosifit Jumbo Nappies Walker 62 pack",
    "WOW Price": 25,
    "WOW Size": "62 pack",
    "WOW ppu": "$0.40 / 1EA"
  },
  {
    "Brand_Product_Size": "Snacktacular Fruity Pouch Fruit Puree Apple & Mango 4 pack",
    "WOW Price": 3.8,
    "WOW Size": "4 pack",
    "WOW ppu": "$10.56 / 1KG"
  },
  {
    "Brand_Product_Size": "Danone Yopro Plant Based Passionfruit 165g",
    "WOW Price": 2.5,
    "WOW Size": "165g",
    "WOW ppu": "$1.52 / 100G"
  },
  {
    "Brand_Product_Size": "John West Tuna Light In Brine 425g",
    "WOW Price": 4.5,
    "WOW Size": "425g",
    "WOW ppu": "$10.59 / 1KG"
  },
  {
    "Brand_Product_Size": "Milton Antibacterial Surface Wipes 30 pack",
    "WOW Price": 4,
    "WOW Size": "30 pack",
    "WOW ppu": "$13.33 / 100EA"
  },
  {
    "Brand_Product_Size": "Woolworths Diced Italian Tomatoes No Added Salt 400g",
    "WOW Price": 0.8,
    "WOW Size": "400g",
    "WOW ppu": "$2.00 / 1KG"
  },
  {
    "Brand_Product_Size": "Sonora Corn Chips Salted 500g",
    "WOW Price": 5,
    "WOW Size": "500g",
    "WOW ppu": "$1.00 / 100G"
  },
  {
    "Brand_Product_Size": "L'or Espresso Onyx Coffee Capsules 20 pack",
    "WOW Price": 8.8,
    "WOW Size": "20 pack",
    "WOW ppu": "$0.44 / 1EA"
  },
  {
    "Brand_Product_Size": "L'or Espresso Onyx Coffee Capsules 20 pack",
    "WOW Price": 8.8,
    "WOW Size": "20 pack",
    "WOW ppu": "$0.44 / 1EA"
  },
  {
    "Brand_Product_Size": "Macro Organic Frozen Mango 450g",
    "WOW Price": 7.5,
    "WOW Size": "450g",
    "WOW ppu": "$16.67 / 1KG"
  },
  {
    "Brand_Product_Size": "Allen's Sorbet Cones 170g",
    "WOW Price": 3,
    "WOW Size": "170g",
    "WOW ppu": "$1.76 / 100G"
  },
  {
    "Brand_Product_Size": "Salmon Tasmanian Atlantic Fillets Skin On per kg",
    "WOW Price": 29.5,
    "WOW Size": "per kg",
    "WOW ppu": "$29.50 / 1KG"
  },
  {
    "Brand_Product_Size": "Moccona Wholebean Barista Rich Espresso 175g",
    "WOW Price": 12,
    "WOW Size": "175g",
    "WOW ppu": "$6.86 / 100G"
  },
  {
    "Brand_Product_Size": "Moccona Wholebean Barista Rich Espresso 175g",
    "WOW Price": 12,
    "WOW Size": "175g",
    "WOW ppu": "$6.86 / 100G"
  },
  {
    "Brand_Product_Size": "Mckenzie's Pepper Black Whole 200g",
    "WOW Price": 5.95,
    "WOW Size": "200g",
    "WOW ppu": "$0.30 / 10G"
  },
  {
    "Brand_Product_Size": "Baxter's Dog Food Puppy Loaf Chicken & Rice 700g",
    "WOW Price": 1.3,
    "WOW Size": "700g",
    "WOW ppu": "$0.19 / 100G"
  },
  {
    "Brand_Product_Size": "Trolli Mega Burger 50g",
    "WOW Price": 1.75,
    "WOW Size": "50g",
    "WOW ppu": "$3.50 / 100G"
  },
  {
    "Brand_Product_Size": "Supercoat Adult True Origin Salmon & Ocean Fish Dry Dog Food 2.5kg",
    "WOW Price": 16,
    "WOW Size": "2.5kg",
    "WOW ppu": "$0.64 / 100G"
  },
  {
    "Brand_Product_Size": "Ocean Blue Organic Sliced Smoked Salmon Sliced 100g",
    "WOW Price": 9,
    "WOW Size": "100g",
    "WOW ppu": "$90.00 / 1KG"
  },
  {
    "Brand_Product_Size": "Cascade Lemon Lime Bitters Can 4x200mL",
    "WOW Price": 2.2,
    "WOW Size": "4x200mL",
    "WOW ppu": "$2.75 / 1L"
  },
  {
    "Brand_Product_Size": "Smith's Poppables Potato Snacks Sweet Chilli & Sour Cream 90g",
    "WOW Price": 2.5,
    "WOW Size": "90g",
    "WOW ppu": "$2.78 / 100G"
  },
  {
    "Brand_Product_Size": "Glad Kitchen Tidy Bag Wavetop Large 72 pack",
    "WOW Price": 8.45,
    "WOW Size": "72 pack",
    "WOW ppu": "$0.12 / 1EA"
  },
  {
    "Brand_Product_Size": "Woolworths Canned Yellow Jackfruit 425g",
    "WOW Price": 2.8,
    "WOW Size": "425g",
    "WOW ppu": "$6.59 / 1KG"
  },
  {
    "Brand_Product_Size": "Vitapet Jerhigh Real Chicken Sticks 100g",
    "WOW Price": 4.9,
    "WOW Size": "100g",
    "WOW ppu": "$4.90 / 100G"
  },
  {
    "Brand_Product_Size": "Safcol Salmon With Mild Red Chilli Pouch 100g",
    "WOW Price": 2,
    "WOW Size": "100g",
    "WOW ppu": "$20.00 / 1KG"
  },
  {
    "Brand_Product_Size": "Mama Jumbo Noodles Tom Yum 90g",
    "WOW Price": 1.3,
    "WOW Size": "90g",
    "WOW ppu": "$1.44 / 100G"
  },
  {
    "Brand_Product_Size": "Waxworks Ombre Pillar Citronella Candle With Bush Blend each",
    "WOW Price": 7,
    "WOW Size": "each",
    "WOW ppu": "$7.00 / 1EA"
  },
  {
    "Brand_Product_Size": "Siggi's Strawberry Yoghurt Pouch 0.5% 150g",
    "WOW Price": 2,
    "WOW Size": "150g",
    "WOW ppu": "$1.33 / 100G"
  },
  {
    "Brand_Product_Size": "The Odd Bunch Crazy Carrots 5kg",
    "WOW Price": 6,
    "WOW Size": "5kg",
    "WOW ppu": "$1.20 / 1KG"
  },
  {
    "Brand_Product_Size": "Mutti Passata Gastronomia Cherry Tomatoes 400g",
    "WOW Price": 3.6,
    "WOW Size": "400g",
    "WOW ppu": "$0.90 / 100G"
  },
  {
    "Brand_Product_Size": "Green's Temptations Supreme Chocolate Cake Mix 630g",
    "WOW Price": 4,
    "WOW Size": "630g",
    "WOW ppu": "$0.63 / 100G"
  },
  {
    "Brand_Product_Size": "Duck Blue Plus Refill Toilet Cleaner 2x40g",
    "WOW Price": 3.9,
    "WOW Size": "2x40g",
    "WOW ppu": "$4.88 / 100G"
  },
  {
    "Brand_Product_Size": "Woolworths Lemon Cheesecake 2 pack",
    "WOW Price": 4,
    "WOW Size": "2 pack",
    "WOW ppu": "$2.22 / 100G"
  },
  {
    "Brand_Product_Size": "Chang's Wok Ready Super Lo-cal Noodles 390g",
    "WOW Price": 2,
    "WOW Size": "390g",
    "WOW ppu": "$0.51 / 100G"
  },
  {
    "Brand_Product_Size": "Hamper Beef Corned Lite 340g",
    "WOW Price": 6.5,
    "WOW Size": "340g",
    "WOW ppu": "$19.12 / 1KG"
  },
  {
    "Brand_Product_Size": "Arnott's Tee Vee Snacks Malt Sticks 175g",
    "WOW Price": 4,
    "WOW Size": "175g",
    "WOW ppu": "$2.29 / 100G"
  },
  {
    "Brand_Product_Size": "Patak's Eggplant Pickle 312g",
    "WOW Price": 6.4,
    "WOW Size": "312g",
    "WOW ppu": "$2.05 / 100G"
  },
  {
    "Brand_Product_Size": "Oscar Orsen Claw Grip Size Xxl each",
    "WOW Price": 6,
    "WOW Size": "each",
    "WOW ppu": "$6.00 / 1EA"
  },
  {
    "Brand_Product_Size": "Philadelphia Cream Cheese Original Block 250g",
    "WOW Price": 3.75,
    "WOW Size": "250g",
    "WOW ppu": "$15.00 / 1KG"
  },
  {
    "Brand_Product_Size": "Nivea Gentle Scrub Refreshing Normal & Combination Skin 150mL",
    "WOW Price": 7.7,
    "WOW Size": "150mL",
    "WOW ppu": "$5.13 / 100ML"
  },
  {
    "Brand_Product_Size": "Essentials Water Drop Shape Dip Plates 4 pack",
    "WOW Price": 5,
    "WOW Size": "4 pack",
    "WOW ppu": ""
  },
  {
    "Brand_Product_Size": "Cadbury Furry Friends 100g",
    "WOW Price": 2.5,
    "WOW Size": "100g",
    "WOW ppu": "$2.50 / 100G"
  },
  {
    "Brand_Product_Size": "Finish Powder Concentrate Classic Lemon 2kg",
    "WOW Price": 19.5,
    "WOW Size": "2kg",
    "WOW ppu": "$0.98 / 100G"
  },
  {
    "Brand_Product_Size": "Sistema Klip It Plus Cereal Storer 4.2L",
    "WOW Price": 7.5,
    "WOW Size": "4.2L",
    "WOW ppu": "$7.50 / 1EA"
  },
  {
    "Brand_Product_Size": "Gumption Paste Multi Purpose Cleanser 500g",
    "WOW Price": 5.4,
    "WOW Size": "500g",
    "WOW ppu": "$1.08 / 100G"
  },
  {
    "Brand_Product_Size": "Oscar Orsen Hair Coils Black 5 pack",
    "WOW Price": 5,
    "WOW Size": "5 pack",
    "WOW ppu": ""
  },
  {
    "Brand_Product_Size": "Golden Circle Pineapple & Coconut Fruit Drink 1L",
    "WOW Price": 2.25,
    "WOW Size": "1L",
    "WOW ppu": "$2.25 / 1L"
  },
  {
    "Brand_Product_Size": "Always Fresh Cucumbers Dill 680g",
    "WOW Price": 3.75,
    "WOW Size": "680g",
    "WOW ppu": "$5.51 / 1KG"
  },
  {
    "Brand_Product_Size": "Woolworths Sliced Spring Onion 100g",
    "WOW Price": 3,
    "WOW Size": "100g",
    "WOW ppu": "$37.50 / 1KG"
  },
  {
    "Brand_Product_Size": "Harpic Fresh Power Toilet Cleaner Itb Tropical Blossom each",
    "WOW Price": 2.5,
    "WOW Size": "each",
    "WOW ppu": "$2.50 / 1EA"
  },
  {
    "Brand_Product_Size": "San Remo La Pasta Carbonara 160g",
    "WOW Price": 2,
    "WOW Size": "160g",
    "WOW ppu": "$1.25 / 100G"
  },
  {
    "Brand_Product_Size": "Twisted Watermelon/mango & Chocolate / Coconut Frozen Yoghurt Minis 120mL x4 pack",
    "WOW Price": 7,
    "WOW Size": "120mL x4 pack",
    "WOW ppu": "$1.46 / 100ML"
  },
  {
    "Brand_Product_Size": "Olay Skinfusion Mask Jeju Lava Sea Water each",
    "WOW Price": 4.9,
    "WOW Size": "each",
    "WOW ppu": "$4.90 / 1EA"
  },
  {
    "Brand_Product_Size": "Bic Atlantis Pens Assorted 4 pack",
    "WOW Price": 3.6,
    "WOW Size": "4 pack",
    "WOW ppu": ""
  },
  {
    "Brand_Product_Size": "Woolworths Classic Coleslaw 800g",
    "WOW Price": 5.9,
    "WOW Size": "800g",
    "WOW ppu": "$0.74 / 100G"
  },
  {
    "Brand_Product_Size": "Woolworths Classic Coleslaw 800g",
    "WOW Price": 5.9,
    "WOW Size": "800g",
    "WOW ppu": "$0.74 / 100G"
  },
  {
    "Brand_Product_Size": "Rokeby Farms Protein Smoothie Choc Honeycomb 425mL",
    "WOW Price": 2.65,
    "WOW Size": "425mL",
    "WOW ppu": "$6.24 / 1L"
  },
  {
    "Brand_Product_Size": "Air Wick Odour Neutralising Air Spray Lavender & Lily Of The Valley 236mL",
    "WOW Price": 7,
    "WOW Size": "236mL",
    "WOW ppu": "$2.97 / 100ML"
  },
  {
    "Brand_Product_Size": "Skin Republic Retinol Under Eye Patch 9.6g",
    "WOW Price": 10,
    "WOW Size": "9.6g",
    "WOW ppu": "$10.00 / 1EA"
  },
  {
    "Brand_Product_Size": "Head & Shoulders Clean & Balanced Conditioner 400mL",
    "WOW Price": 9.1,
    "WOW Size": "400mL",
    "WOW ppu": "$2.28 / 100ML"
  },
  {
    "Brand_Product_Size": "Pantene Pro-v Daily Moisture Renewal Shampoo 375mL",
    "WOW Price": 4,
    "WOW Size": "375mL",
    "WOW ppu": "$1.07 / 100ML"
  },
  {
    "Brand_Product_Size": "Sriracha Hot Chilli Sauce Ketchup 567g",
    "WOW Price": 5,
    "WOW Size": "567g",
    "WOW ppu": "$0.88 / 100G"
  },
  {
    "Brand_Product_Size": "Papermate Inkjoy 100 Pen Assorted 10 pack",
    "WOW Price": 3.75,
    "WOW Size": "10 pack",
    "WOW ppu": ""
  },
  {
    "Brand_Product_Size": "Ferrero Rocher Chocolates 16 pack",
    "WOW Price": 13.5,
    "WOW Size": "16 pack",
    "WOW ppu": "$6.75 / 100G"
  },
  {
    "Brand_Product_Size": "Pilot Frixion Ballpoint Pen Black 3ea",
    "WOW Price": 9,
    "WOW Size": "3ea",
    "WOW ppu": ""
  },
  {
    "Brand_Product_Size": "Mt Ossa Tasmanian Spring Water Sparkling 750mL",
    "WOW Price": 2.9,
    "WOW Size": "750mL",
    "WOW ppu": "$3.87 / 1L"
  },
  {
    "Brand_Product_Size": "Western Star Unsalted Butter Chef's Choice 500g",
    "WOW Price": 6.5,
    "WOW Size": "500g",
    "WOW ppu": "$1.30 / 100G"
  },
  {
    "Brand_Product_Size": "Garnier Micellar Cleansing Water In Oil 400mL",
    "WOW Price": 8.4,
    "WOW Size": "400mL",
    "WOW ppu": "$2.10 / 100ML"
  },
  {
    "Brand_Product_Size": "Natural Whole Black Peppercorns Grinder Refill 180g",
    "WOW Price": 5.4,
    "WOW Size": "180g",
    "WOW ppu": "$0.30 / 10G"
  },
  {
    "Brand_Product_Size": "Mission Round Pizza Bases Garlic 2 pack",
    "WOW Price": 2.1,
    "WOW Size": "2 pack",
    "WOW ppu": "$1.05 / 100G"
  },
  {
    "Brand_Product_Size": "Vanish Napisan Gold Pro Stain Remover Powder 2.7kg",
    "WOW Price": 30,
    "WOW Size": "2.7kg",
    "WOW ppu": "$11.11 / 1KG"
  },
  {
    "Brand_Product_Size": "Woolworths Green Stuffed Olives 935g",
    "WOW Price": 4,
    "WOW Size": "935g",
    "WOW ppu": "$0.43 / 100G"
  },
  {
    "Brand_Product_Size": "Smash Blue Barista Buddy 450ml each",
    "WOW Price": 6,
    "WOW Size": "each",
    "WOW ppu": ""
  },
  {
    "Brand_Product_Size": "Zyrtec Hay Fever Rapid Acting Liquid Capsules 10 pack",
    "WOW Price": 14.15,
    "WOW Size": "10 pack",
    "WOW ppu": "$1.42 / 1EA"
  },
  {
    "Brand_Product_Size": "Sharpie Cd Marker Fine Black 2 pack",
    "WOW Price": 3.5,
    "WOW Size": "2 pack",
    "WOW ppu": ""
  },
  {
    "Brand_Product_Size": "Macro Organic Raw Macadamia Nuts 250g",
    "WOW Price": 14.8,
    "WOW Size": "250g",
    "WOW ppu": "$59.20 / 1KG"
  },
  {
    "Brand_Product_Size": "Harvest Snaps Salt & Vinegar 200g",
    "WOW Price": 5,
    "WOW Size": "200g",
    "WOW ppu": "$25.00 / 1KG"
  },
  {
    "Brand_Product_Size": "Macro Natural Almond Spread 250g",
    "WOW Price": 5.7,
    "WOW Size": "250g",
    "WOW ppu": "$2.28 / 100G"
  },
  {
    "Brand_Product_Size": "Multix Greener 60% Plant Based Kitchen Tidy Garbage Bags L 20 pack",
    "WOW Price": 4.5,
    "WOW Size": "20 pack",
    "WOW ppu": "$0.23 / 1EA"
  },
  {
    "Brand_Product_Size": "Flora Margarine Spread Salt Reduced 1kg",
    "WOW Price": 4.5,
    "WOW Size": "1kg",
    "WOW ppu": "$0.45 / 100G"
  },
  {
    "Brand_Product_Size": "Brite Organix Semi Permanent Hair Colour Turquoise 75mL",
    "WOW Price": 10,
    "WOW Size": "75mL",
    "WOW ppu": "$13.33 / 100ML"
  },
  {
    "Brand_Product_Size": "Betty Crocker Gluten Free Devils Food Cake Mix 550g",
    "WOW Price": 6,
    "WOW Size": "550g",
    "WOW ppu": "$1.09 / 100G"
  },
  {
    "Brand_Product_Size": "Paperclick Colour Permanent Marker 16 pack",
    "WOW Price": 9,
    "WOW Size": "16 pack",
    "WOW ppu": ""
  },
  {
    "Brand_Product_Size": "Energizer Micro-usb Braided Cable 1.2 Metre each",
    "WOW Price": 15,
    "WOW Size": "each",
    "WOW ppu": ""
  },
  {
    "Brand_Product_Size": "Rexona Women Antiperspirant Aerosol Deodorant Sexy Bouquet 50mL",
    "WOW Price": 4,
    "WOW Size": "50mL",
    "WOW ppu": "$8.00 / 100ML"
  },
  {
    "Brand_Product_Size": "Evia Tiramisu Inspired Dessert Yoghurt 350g",
    "WOW Price": 2.5,
    "WOW Size": "350g",
    "WOW ppu": "$0.71 / 100G"
  },
  {
    "Brand_Product_Size": "Woolworths Spring Water Minis 20x250mL",
    "WOW Price": 7.5,
    "WOW Size": "20x250mL",
    "WOW ppu": "$1.50 / 1L"
  },
  {
    "Brand_Product_Size": "Hart & Soul Laksa Soup Pouch 400g",
    "WOW Price": 4,
    "WOW Size": "400g",
    "WOW ppu": "$1.00 / 100G"
  },
  {
    "Brand_Product_Size": "Masterfoods Savoury Mince Recipe Base 175g",
    "WOW Price": 2.2,
    "WOW Size": "175g",
    "WOW ppu": "$1.26 / 100G"
  },
  {
    "Brand_Product_Size": "La Stella Cherry Bocconcini 180g",
    "WOW Price": 6,
    "WOW Size": "180g",
    "WOW ppu": "$33.33 / 1KG"
  },
  {
    "Brand_Product_Size": "La Stella Cherry Bocconcini 180g",
    "WOW Price": 6,
    "WOW Size": "180g",
    "WOW ppu": "$33.33 / 1KG"
  },
  {
    "Brand_Product_Size": "Woolworths Chicken Liquid Stock Salt Reduced 1L",
    "WOW Price": 1.9,
    "WOW Size": "1L",
    "WOW ppu": "$0.19 / 100ML"
  },
  {
    "Brand_Product_Size": "Mtr Poha Breakfast In A Cup 80g",
    "WOW Price": 2.5,
    "WOW Size": "80g",
    "WOW ppu": "$3.13 / 100G"
  },
  {
    "Brand_Product_Size": "Marion's Kitchen Cashew Chicken Cooking Kit 330g",
    "WOW Price": 7.45,
    "WOW Size": "330g",
    "WOW ppu": "$2.26 / 100G"
  },
  {
    "Brand_Product_Size": "Cadbury Baking Milk Chocolate Chips 200g",
    "WOW Price": 3,
    "WOW Size": "200g",
    "WOW ppu": "$1.50 / 100G"
  },
  {
    "Brand_Product_Size": "Woolworths Manilla Folders Manilla Folder Foolscap each",
    "WOW Price": 3,
    "WOW Size": "each",
    "WOW ppu": ""
  },
  {
    "Brand_Product_Size": "Paramount Salmon Pink 415g",
    "WOW Price": 7,
    "WOW Size": "415g",
    "WOW ppu": "$16.87 / 1KG"
  },
  {
    "Brand_Product_Size": "Woolworths Hard Taco Kit 15 pack",
    "WOW Price": 4,
    "WOW Size": "15 pack",
    "WOW ppu": "$1.08 / 100G"
  },
  {
    "Brand_Product_Size": "Ansell Smart Medium Gloves Pair each",
    "WOW Price": 2,
    "WOW Size": "each",
    "WOW ppu": "$2.00 / 1EA"
  },
  {
    "Brand_Product_Size": "Woolworths Scotch Fingers 250g",
    "WOW Price": 0.9,
    "WOW Size": "250g",
    "WOW ppu": "$0.36 / 100G"
  },
  {
    "Brand_Product_Size": "Nature's Way Slim Right Slimming Meal Vanilla Flavour 500g",
    "WOW Price": 20,
    "WOW Size": "500g",
    "WOW ppu": "$4.00 / 100G"
  },
  {
    "Brand_Product_Size": "Kellogg's Lcms Fruit Tingles Snack Bars 6 pack",
    "WOW Price": 2,
    "WOW Size": "6 pack",
    "WOW ppu": "$1.67 / 100G"
  },
  {
    "Brand_Product_Size": "Kellogg's Lcms Fruit Tingles Snack Bars 6 pack",
    "WOW Price": 2,
    "WOW Size": "6 pack",
    "WOW ppu": "$1.67 / 100G"
  },
  {
    "Brand_Product_Size": "Mccain Oh My Veg Moroccan Spice Mix 230g",
    "WOW Price": 4,
    "WOW Size": "230g",
    "WOW ppu": "$17.39 / 1KG"
  },
  {
    "Brand_Product_Size": "Banana Boat Simply Protect Sensitive Spf50+ Sunscreen 100g",
    "WOW Price": 20,
    "WOW Size": "100g",
    "WOW ppu": "$20.00 / 100G"
  },
  {
    "Brand_Product_Size": "Masterfoods Celery Salt 57g",
    "WOW Price": 1.8,
    "WOW Size": "57g",
    "WOW ppu": "$0.32 / 10G"
  },
  {
    "Brand_Product_Size": "Philips Led 806 Lumen Light Bulb Warm White each",
    "WOW Price": 8,
    "WOW Size": "each",
    "WOW ppu": "$8.00 / 1EA"
  },
  {
    "Brand_Product_Size": "Ayam Coconut Cream 270mL",
    "WOW Price": 2.6,
    "WOW Size": "270mL",
    "WOW ppu": "$0.96 / 100ML"
  },
  {
    "Brand_Product_Size": "Clairol Root Touch-up Color Blending Gel Dark Brown 45mL",
    "WOW Price": 18,
    "WOW Size": "45mL",
    "WOW ppu": "$40.00 / 100ML"
  },
  {
    "Brand_Product_Size": "Colgate Optic White Renewal Lasting Fresh Whitening Toothpaste 85g",
    "WOW Price": 15,
    "WOW Size": "85g",
    "WOW ppu": "$17.65 / 100G"
  },
  {
    "Brand_Product_Size": "Claratyne Children's Hayfever Allergy Relief Antihistamine Tablets 10 pack",
    "WOW Price": 12,
    "WOW Size": "10 pack",
    "WOW ppu": "$1.20 / 1EA"
  },
  {
    "Brand_Product_Size": "Poise Incontinence Liners Extra Light Absorbency 10 pack",
    "WOW Price": 2,
    "WOW Size": "10 pack",
    "WOW ppu": "$0.20 / 1EA"
  },
  {
    "Brand_Product_Size": "Woolworths Lemon Zero Sugar Bottle 1.25L",
    "WOW Price": 1,
    "WOW Size": "1.25L",
    "WOW ppu": "$0.80 / 1L"
  },
  {
    "Brand_Product_Size": "Fresh Fodder Taramosalata 200g",
    "WOW Price": 4,
    "WOW Size": "200g",
    "WOW ppu": "$2.00 / 100G"
  },
  {
    "Brand_Product_Size": "Animal Toys Assorted each",
    "WOW Price": 4,
    "WOW Size": "each",
    "WOW ppu": ""
  },
  {
    "Brand_Product_Size": "Continental Cup A Soup Classic Cream Of Mushroom 70g",
    "WOW Price": 2,
    "WOW Size": "70g",
    "WOW ppu": "$2.86 / 100G"
  },
  {
    "Brand_Product_Size": "Woolworths Cranberry & Nut Mix 200g",
    "WOW Price": 6,
    "WOW Size": "200g",
    "WOW ppu": "$30.00 / 1KG"
  },
  {
    "Brand_Product_Size": "Iceberg Lettuce each",
    "WOW Price": 4,
    "WOW Size": "each",
    "WOW ppu": "$4.00 / 1EA"
  },
  {
    "Brand_Product_Size": "Iceberg Lettuce each",
    "WOW Price": 4,
    "WOW Size": "each",
    "WOW ppu": "$4.00 / 1EA"
  },
  {
    "Brand_Product_Size": "Sorbent Gold Skin Sense Toilet Tissue 9 pack",
    "WOW Price": 5,
    "WOW Size": "9 pack",
    "WOW ppu": "$0.31 / 100SS"
  },
  {
    "Brand_Product_Size": "Decor Tellfresh Storer Oblong 1L",
    "WOW Price": 5,
    "WOW Size": "1L",
    "WOW ppu": ""
  },
  {
    "Brand_Product_Size": "White King Bleach Standard 2.5L",
    "WOW Price": 4.25,
    "WOW Size": "2.5L",
    "WOW ppu": "$1.70 / 1L"
  },
  {
    "Brand_Product_Size": "Sabco Open Plan Mop Dry Refill each",
    "WOW Price": 12.5,
    "WOW Size": "each",
    "WOW ppu": ""
  },
  {
    "Brand_Product_Size": "Amazonia Acai Energy Guarana Blend 100g x4 pack",
    "WOW Price": 6,
    "WOW Size": "100g x4 pack",
    "WOW ppu": "$1.50 / 100G"
  },
  {
    "Brand_Product_Size": "Four'n Twenty Pies Angus Beef & Pepper 4 pack",
    "WOW Price": 7.5,
    "WOW Size": "4 pack",
    "WOW ppu": "$0.99 / 100G"
  },
  {
    "Brand_Product_Size": "Jols Sugar Free Pastilles Forest Berries 23g",
    "WOW Price": 2,
    "WOW Size": "23g",
    "WOW ppu": "$8.70 / 100G"
  },
  {
    "Brand_Product_Size": "Dine Finest Serve With Poultry Selection In Gravy Mini Pouch 6 pack",
    "WOW Price": 3.35,
    "WOW Size": "6 pack",
    "WOW ppu": "$1.12 / 100G"
  },
  {
    "Brand_Product_Size": "Old El Paso Stand 'n Stuff Bold Nacho Cheese Taco Kit 315g",
    "WOW Price": 7,
    "WOW Size": "315g",
    "WOW ppu": "$2.22 / 100G"
  },
  {
    "Brand_Product_Size": "Simmone Logue Pie Chunky Beef 700g",
    "WOW Price": 17,
    "WOW Size": "700g",
    "WOW ppu": "$2.43 / 100G"
  },
  {
    "Brand_Product_Size": "Simmone Logue Pie Chunky Beef 700g",
    "WOW Price": 17,
    "WOW Size": "700g",
    "WOW ppu": "$2.43 / 100G"
  },
  {
    "Brand_Product_Size": "St Ives Even & Bright Scrub Pink Lemon & Mandarin 150mL",
    "WOW Price": 5,
    "WOW Size": "150mL",
    "WOW ppu": "$3.33 / 100ML"
  },
  {
    "Brand_Product_Size": "Neutrogena Oil-free Moisture Sensitive Skin Facial Moisturiser 118mL",
    "WOW Price": 14.5,
    "WOW Size": "118mL",
    "WOW ppu": "$12.29 / 100ML"
  },
  {
    "Brand_Product_Size": "Vaseline Intensive Care Body Lotion Cocoa Glow 750mL",
    "WOW Price": 10,
    "WOW Size": "750mL",
    "WOW ppu": "$1.33 / 100ML"
  },
  {
    "Brand_Product_Size": "On The Menu Ready Go Eat Burgers Cheese 161g",
    "WOW Price": 2.9,
    "WOW Size": "161g",
    "WOW ppu": "$1.80 / 100G"
  },
  {
    "Brand_Product_Size": "Ayam Honey & Soy Marinade Sauce 210mL",
    "WOW Price": 3.5,
    "WOW Size": "210mL",
    "WOW ppu": "$1.67 / 100ML"
  },
  {
    "Brand_Product_Size": "Thins Top 20 Variety Multipack Chips 20 Pack 375g",
    "WOW Price": 5.5,
    "WOW Size": "375g",
    "WOW ppu": "$1.47 / 100G"
  },
  {
    "Brand_Product_Size": "Thins Top 20 Variety Multipack Chips 20 Pack 375g",
    "WOW Price": 5.5,
    "WOW Size": "375g",
    "WOW ppu": "$1.47 / 100G"
  },
  {
    "Brand_Product_Size": "Woolworths Pavlova 220g",
    "WOW Price": 5,
    "WOW Size": "220g",
    "WOW ppu": "$5.00 / 1EA"
  },
  {
    "Brand_Product_Size": "Infacare Aspen Newborn 0 - 12 Months 900g",
    "WOW Price": 13,
    "WOW Size": "900g",
    "WOW ppu": "$1.44 / 100G"
  },
  {
    "Brand_Product_Size": "Inspire Ceramic Mug White 4 pack",
    "WOW Price": 7,
    "WOW Size": "4 pack",
    "WOW ppu": ""
  },
  {
    "Brand_Product_Size": "Temptation Bakeries Quiche Tasty Cheese & Bacon 2 pack",
    "WOW Price": 4.5,
    "WOW Size": "2 pack",
    "WOW ppu": "$1.61 / 100G"
  },
  {
    "Brand_Product_Size": "Oscar Orsen Extra Hold Bobby Pins Black 80 pack",
    "WOW Price": 4.5,
    "WOW Size": "80 pack",
    "WOW ppu": "$0.06 / 1EA"
  },
  {
    "Brand_Product_Size": "Chobani No Fat Raspberry Yoghurt Pouch 140g",
    "WOW Price": 1.5,
    "WOW Size": "140g",
    "WOW ppu": "$1.07 / 100G"
  },
  {
    "Brand_Product_Size": "Chobani No Fat Raspberry Yoghurt Pouch 140g",
    "WOW Price": 1.5,
    "WOW Size": "140g",
    "WOW ppu": "$1.07 / 100G"
  },
  {
    "Brand_Product_Size": "Cavalier Breamworth Floor Carpet Stain Remover 350g",
    "WOW Price": 8.7,
    "WOW Size": "350g",
    "WOW ppu": "$2.49 / 100G"
  },
  {
    "Brand_Product_Size": "Nu-lax Laxatives Natural Fruit 250g",
    "WOW Price": 6.75,
    "WOW Size": "250g",
    "WOW ppu": "$2.70 / 100G"
  },
  {
    "Brand_Product_Size": "Uncle Tobys Cheerios 580g",
    "WOW Price": 5,
    "WOW Size": "580g",
    "WOW ppu": "$0.86 / 100G"
  },
  {
    "Brand_Product_Size": "Old El Paso Mexican Green Jalapenos 250g",
    "WOW Price": 4.45,
    "WOW Size": "250g",
    "WOW ppu": "$1.78 / 100G"
  },
  {
    "Brand_Product_Size": "Woolworths Yellowfin Tuna & Rice Tom Yum Fried Rice 190g",
    "WOW Price": 3,
    "WOW Size": "190g",
    "WOW ppu": "$15.79 / 1KG"
  },
  {
    "Brand_Product_Size": "Oates Telescopic Indoor Broom each",
    "WOW Price": 12.5,
    "WOW Size": "each",
    "WOW ppu": "$12.50 / 1EA"
  },
  {
    "Brand_Product_Size": "King Island Dairy Victoria Cove Smoked Camembert 200g",
    "WOW Price": 12.6,
    "WOW Size": "200g",
    "WOW ppu": "$63.00 / 1KG"
  },
  {
    "Brand_Product_Size": "King Island Dairy Victoria Cove Smoked Camembert 200g",
    "WOW Price": 12.6,
    "WOW Size": "200g",
    "WOW ppu": "$63.00 / 1KG"
  },
  {
    "Brand_Product_Size": "Schweppes Natural Mineral Water Apple & Cranberry 1.1L",
    "WOW Price": 1.25,
    "WOW Size": "1.1L",
    "WOW ppu": "$1.14 / 1L"
  },
  {
    "Brand_Product_Size": "Tempo Cheddar Cheese Slices 250g",
    "WOW Price": 8.95,
    "WOW Size": "250g",
    "WOW ppu": "$35.80 / 1KG"
  },
  {
    "Brand_Product_Size": "King Island Roaring 40s Blue Cheese 120g",
    "WOW Price": 8.5,
    "WOW Size": "120g",
    "WOW ppu": "$70.83 / 1KG"
  },
  {
    "Brand_Product_Size": "King Island Roaring 40s Blue Cheese 120g",
    "WOW Price": 8.5,
    "WOW Size": "120g",
    "WOW ppu": "$70.83 / 1KG"
  },
  {
    "Brand_Product_Size": "Thankyou. Body Wash - Botanical Geranium & Rosewood 1L",
    "WOW Price": 13,
    "WOW Size": "1L",
    "WOW ppu": "$1.30 / 100ML"
  },
  {
    "Brand_Product_Size": "Veeda 100% Natural Cotton Tampons Super 16 pack",
    "WOW Price": 2.4,
    "WOW Size": "16 pack",
    "WOW ppu": "$0.15 / 1EA"
  },
  {
    "Brand_Product_Size": "Heinz Mayonnaise Salad Cream English 250g",
    "WOW Price": 3,
    "WOW Size": "250g",
    "WOW ppu": "$1.20 / 100G"
  },
  {
    "Brand_Product_Size": "Doritos Hot Salsa 300g",
    "WOW Price": 2.5,
    "WOW Size": "300g",
    "WOW ppu": "$0.83 / 100G"
  },
  {
    "Brand_Product_Size": "Macro Organic Gourmet Salad Mix 100g",
    "WOW Price": 4,
    "WOW Size": "100g",
    "WOW ppu": "$40.00 / 1KG"
  },
  {
    "Brand_Product_Size": "Lean Cuisine Thai Red Chicken Curry With Rice 375g",
    "WOW Price": 6.7,
    "WOW Size": "375g",
    "WOW ppu": "$1.79 / 100G"
  },
  {
    "Brand_Product_Size": "Huon Premium Ocean Trout Cutlet Skin On 280g",
    "WOW Price": 9,
    "WOW Size": "280g",
    "WOW ppu": "$32.14 / 1KG"
  },
  {
    "Brand_Product_Size": "Armor All Car Care Wash & Wax 1L",
    "WOW Price": 8,
    "WOW Size": "1L",
    "WOW ppu": "$0.80 / 100ML"
  },
  {
    "Brand_Product_Size": "Woolworths Pork & Veal Meatballs 400g",
    "WOW Price": 7.5,
    "WOW Size": "400g",
    "WOW ppu": "$18.75 / 1KG"
  },
  {
    "Brand_Product_Size": "Homebrand Gloves Medium 2 pack",
    "WOW Price": 1.25,
    "WOW Size": "2 pack",
    "WOW ppu": "$0.63 / 1EA"
  },
  {
    "Brand_Product_Size": "Mini-roma Tomato 250g punnet",
    "WOW Price": 3.9,
    "WOW Size": "250g punnet",
    "WOW ppu": "$15.60 / 1KG"
  },
  {
    "Brand_Product_Size": "Mini-roma Tomato 250g punnet",
    "WOW Price": 3.9,
    "WOW Size": "250g punnet",
    "WOW ppu": "$15.60 / 1KG"
  },
  {
    "Brand_Product_Size": "Yoplait Classics Berry Punnet Yoghurt 12x100g",
    "WOW Price": 7,
    "WOW Size": "12x100g",
    "WOW ppu": "$0.58 / 100G"
  },
  {
    "Brand_Product_Size": "Lurpak Slightly Salted Spreadable Butter 250g",
    "WOW Price": 5,
    "WOW Size": "250g",
    "WOW ppu": "$2.00 / 100G"
  },
  {
    "Brand_Product_Size": "Voeu Age Regenerate Anti-ageing Day Moisturiser 50mL",
    "WOW Price": 7,
    "WOW Size": "50mL",
    "WOW ppu": "$14.00 / 100ML"
  },
  {
    "Brand_Product_Size": "Love Luna Lady Leaks Midi Brief Black 16 To 18 each",
    "WOW Price": 16,
    "WOW Size": "each",
    "WOW ppu": "$16.00 / 1EA"
  },
  {
    "Brand_Product_Size": "Surf Life Saving Despicable Me Roll On Spf 50+ 75mL",
    "WOW Price": 11,
    "WOW Size": "75mL",
    "WOW ppu": "$14.67 / 100ML"
  },
  {
    "Brand_Product_Size": "Baxter's Dog Food Chicken & Vegetables 8kg",
    "WOW Price": 13,
    "WOW Size": "8kg",
    "WOW ppu": "$0.16 / 100G"
  },
  {
    "Brand_Product_Size": "L'oreal Excellence Creme Hair Colour 5.3 Golden Brown each",
    "WOW Price": 16,
    "WOW Size": "each",
    "WOW ppu": ""
  },
  {
    "Brand_Product_Size": "Nivea Men Sensitive Skin Aftershave Moisturiser Balm + Chamomile 100mL",
    "WOW Price": 6.9,
    "WOW Size": "100mL",
    "WOW ppu": "$6.90 / 100ML"
  },
  {
    "Brand_Product_Size": "Vitaustralia Emu Oil Cream 250g",
    "WOW Price": 3.49,
    "WOW Size": "250g",
    "WOW ppu": "$1.40 / 100G"
  },
  {
    "Brand_Product_Size": "Fountain Spicy Red Sauce 250mL",
    "WOW Price": 2.2,
    "WOW Size": "250mL",
    "WOW ppu": "$0.88 / 100ML"
  },
  {
    "Brand_Product_Size": "Dettol Instant Hand Sanitiser Instant Hand Sanitizer Refresh 500mL",
    "WOW Price": 15,
    "WOW Size": "500mL",
    "WOW ppu": "$3.00 / 100ML"
  },
  {
    "Brand_Product_Size": "Musashi Deluxe Protein Bar Triple Choc Caramel 60g",
    "WOW Price": 3.2,
    "WOW Size": "60g",
    "WOW ppu": "$5.33 / 100G"
  },
  {
    "Brand_Product_Size": "Fresh Brown Nashi Pear each",
    "WOW Price": 1.66,
    "WOW Size": "each",
    "WOW ppu": "$1.66 / 1EA"
  },
  {
    "Brand_Product_Size": "Ambi Pur Air Effects Aerosol Air Freshener Lavender & Vanilla 275g",
    "WOW Price": 6,
    "WOW Size": "275g",
    "WOW ppu": "$0.22 / 10G"
  },
  {
    "Brand_Product_Size": "Bic 4 Colour Shine 3 pack",
    "WOW Price": 9,
    "WOW Size": "3 pack",
    "WOW ppu": ""
  },
  {
    "Brand_Product_Size": "Audisol Ear Cleansing Spray 50mL",
    "WOW Price": 12,
    "WOW Size": "50mL",
    "WOW ppu": "$24.00 / 100ML"
  },
  {
    "Brand_Product_Size": "Map Clean Bean Cleaning System each",
    "WOW Price": 7,
    "WOW Size": "each",
    "WOW ppu": "$24.14 / 100G"
  },
  {
    "Brand_Product_Size": "Map Clean Bean Cleaning System each",
    "WOW Price": 7,
    "WOW Size": "each",
    "WOW ppu": "$24.14 / 100G"
  },
  {
    "Brand_Product_Size": "Nong Shim Neoguri Noodle Soup Seafood & Spicy 120g",
    "WOW Price": 1.85,
    "WOW Size": "120g",
    "WOW ppu": "$15.42 / 1KG"
  },
  {
    "Brand_Product_Size": "Inside Out Wake Up Brekky Smoothie Banana 350mL",
    "WOW Price": 3,
    "WOW Size": "350mL",
    "WOW ppu": "$8.57 / 1L"
  },
  {
    "Brand_Product_Size": "Moccona Vanilla Iced Latte 8 pack",
    "WOW Price": 3,
    "WOW Size": "8 pack",
    "WOW ppu": "$0.38 / 1EA"
  },
  {
    "Brand_Product_Size": "Moccona Vanilla Iced Latte 8 pack",
    "WOW Price": 3,
    "WOW Size": "8 pack",
    "WOW ppu": "$0.38 / 1EA"
  },
  {
    "Brand_Product_Size": "Gaviscon Double Strength Heartburn & Indigestion Liquid Aniseed 500mL",
    "WOW Price": 13.6,
    "WOW Size": "500mL",
    "WOW ppu": "$2.72 / 100ML"
  },
  {
    "Brand_Product_Size": "Woolworths Pork Ribs 400g - 1.2kg",
    "WOW Price": 24,
    "WOW Size": "400g - 1.2kg",
    "WOW ppu": "$20.00 / 1KG"
  },
  {
    "Brand_Product_Size": "Sistema Klip It Plus Rectangle 1.49l 2 pack",
    "WOW Price": 5,
    "WOW Size": "2 pack",
    "WOW ppu": "$5.00 / 1EA"
  },
  {
    "Brand_Product_Size": "Bega Almond Spread Crunchy 325g",
    "WOW Price": 5.7,
    "WOW Size": "325g",
    "WOW ppu": "$1.75 / 100G"
  },
  {
    "Brand_Product_Size": "Red Kellys Dressings Traditional 250mL",
    "WOW Price": 4,
    "WOW Size": "250mL",
    "WOW ppu": "$1.60 / 100ML"
  },
  {
    "Brand_Product_Size": "Chobani Fit Vanilla Greek Yoghurt Pouch 140g",
    "WOW Price": 2.25,
    "WOW Size": "140g",
    "WOW ppu": "$1.61 / 100G"
  },
  {
    "Brand_Product_Size": "Gotzinger Continental Franks 300g",
    "WOW Price": 7.75,
    "WOW Size": "300g",
    "WOW ppu": "$25.83 / 1KG"
  },
  {
    "Brand_Product_Size": "Palmolive Body Butter Body Wash Manuka Honey 400mL",
    "WOW Price": 6.5,
    "WOW Size": "400mL",
    "WOW ppu": "$1.63 / 100ML"
  },
  {
    "Brand_Product_Size": "Lo Bros Live Fermented Cola 330mL",
    "WOW Price": 2.6,
    "WOW Size": "330mL",
    "WOW ppu": "$7.88 / 1L"
  },
  {
    "Brand_Product_Size": "Birds Eye Mashed Potato 1kg",
    "WOW Price": 4,
    "WOW Size": "1kg",
    "WOW ppu": "$4.00 / 1KG"
  },
  {
    "Brand_Product_Size": "Vaalia Kids Yoghurt Pouch Banana 140g",
    "WOW Price": 1.7,
    "WOW Size": "140g",
    "WOW ppu": "$1.21 / 100G"
  },
  {
    "Brand_Product_Size": "Vaalia Kids Yoghurt Pouch Banana 140g",
    "WOW Price": 1.7,
    "WOW Size": "140g",
    "WOW ppu": "$1.21 / 100G"
  },
  {
    "Brand_Product_Size": "Vaalia Kids Yoghurt Pouch Banana 140g",
    "WOW Price": 1.7,
    "WOW Size": "140g",
    "WOW ppu": "$1.21 / 100G"
  },
  {
    "Brand_Product_Size": "Quilton Toilet Paper Shea Butter 6 pack",
    "WOW Price": 4,
    "WOW Size": "6 pack",
    "WOW ppu": "$0.48 / 100SS"
  },
  {
    "Brand_Product_Size": "Nando's Hot Peri Peri Sauce 250mL",
    "WOW Price": 5.2,
    "WOW Size": "250mL",
    "WOW ppu": "$2.08 / 100G"
  },
  {
    "Brand_Product_Size": "Helios Ultra Hold Nail Glue 2.7mL",
    "WOW Price": 2.99,
    "WOW Size": "2.7mL",
    "WOW ppu": "$11.07 / 10ML"
  },
  {
    "Brand_Product_Size": "Naturopathica Fat Blaster For Men Weight Loss Shake Vanilla 385g",
    "WOW Price": 29,
    "WOW Size": "385g",
    "WOW ppu": "$7.53 / 100G"
  },
  {
    "Brand_Product_Size": "Bfree Wraps Multigrain 6 pack",
    "WOW Price": 8,
    "WOW Size": "6 pack",
    "WOW ppu": "$3.25 / 100G"
  },
  {
    "Brand_Product_Size": "V Energy Drink Raspberry Lemonade 500mL",
    "WOW Price": 3.15,
    "WOW Size": "500mL",
    "WOW ppu": "$6.30 / 1L"
  },
  {
    "Brand_Product_Size": "Peck's Devilled Ham Spread 125g",
    "WOW Price": 2.8,
    "WOW Size": "125g",
    "WOW ppu": "$2.24 / 100G"
  },
  {
    "Brand_Product_Size": "Macro Date & Tahini Sauce 300g",
    "WOW Price": 6,
    "WOW Size": "300g",
    "WOW ppu": "$2.00 / 100G"
  },
  {
    "Brand_Product_Size": "Woolworths Free From Gluten Share Pack Cheese Twists 90g",
    "WOW Price": 2,
    "WOW Size": "90g",
    "WOW ppu": "$2.22 / 100G"
  },
  {
    "Brand_Product_Size": "Woolworths Free From Gluten Share Pack Cheese Twists 90g",
    "WOW Price": 2,
    "WOW Size": "90g",
    "WOW ppu": "$2.22 / 100G"
  },
  {
    "Brand_Product_Size": "Freedom Foods Prebiotic Berry Coconut Clusters 360g",
    "WOW Price": 5,
    "WOW Size": "360g",
    "WOW ppu": "$1.39 / 100G"
  },
  {
    "Brand_Product_Size": "Woolworths Tasmanian Salmon With Rice 400g",
    "WOW Price": 11,
    "WOW Size": "400g",
    "WOW ppu": "$2.75 / 100G"
  },
  {
    "Brand_Product_Size": "Dairy Farmers Thick & Creamy Mango & Passionfruit 110g x4 pack",
    "WOW Price": 4,
    "WOW Size": "110g x4 pack",
    "WOW ppu": "$0.91 / 100G"
  },
  {
    "Brand_Product_Size": "Gullon No Added Sugar Chocolate Cream Biscuit 250g",
    "WOW Price": 4.4,
    "WOW Size": "250g",
    "WOW ppu": "$1.76 / 100G"
  },
  {
    "Brand_Product_Size": "Armada Sandwich Bags 150 pack",
    "WOW Price": 0.95,
    "WOW Size": "150 pack",
    "WOW ppu": "$0.01 / 1EA"
  },
  {
    "Brand_Product_Size": "Macro Organic Fairtrade Coffee Beans Medium 200g",
    "WOW Price": 6,
    "WOW Size": "200g",
    "WOW ppu": "$3.00 / 100G"
  },
  {
    "Brand_Product_Size": "Macro Organic Fairtrade Coffee Beans Medium 200g",
    "WOW Price": 6,
    "WOW Size": "200g",
    "WOW ppu": "$3.00 / 100G"
  },
  {
    "Brand_Product_Size": "Maggi Fusian 2 Minute Instant Hot & Spicy Noodles 5 pack",
    "WOW Price": 3.95,
    "WOW Size": "5 pack",
    "WOW ppu": "$1.10 / 100G"
  },
  {
    "Brand_Product_Size": "Woolworths Frozen Chicken & Vegetable Pie 4 pack",
    "WOW Price": 3.5,
    "WOW Size": "4 pack",
    "WOW ppu": "$0.50 / 100G"
  },
  {
    "Brand_Product_Size": "Oak Mini Shake Strawberry 250mL",
    "WOW Price": 2.1,
    "WOW Size": "250mL",
    "WOW ppu": "$8.40 / 1L"
  },
  {
    "Brand_Product_Size": "Bonds Socks Mens Logo Lowcut Size 11-14 3 pack",
    "WOW Price": 15,
    "WOW Size": "3 pack",
    "WOW ppu": "$5.00 / 1EA"
  },
  {
    "Brand_Product_Size": "Nexba Orange & Mango Sugar-free Sparkling Mineral Water 1L",
    "WOW Price": 2.25,
    "WOW Size": "1L",
    "WOW ppu": "$2.25 / 1L"
  },
  {
    "Brand_Product_Size": "Mirabella Smart Led Gls Es 9w Warm White each",
    "WOW Price": 18,
    "WOW Size": "each",
    "WOW ppu": "$18.00 / 1EA"
  },
  {
    "Brand_Product_Size": "Allen's Butter-menthol Throat Lozenge 3 pack",
    "WOW Price": 4,
    "WOW Size": "3 pack",
    "WOW ppu": "$0.13 / 1EA"
  },
  {
    "Brand_Product_Size": "Soletti Salted Stick European Foods 80g",
    "WOW Price": 1.45,
    "WOW Size": "80g",
    "WOW ppu": "$1.81 / 100G"
  },
  {
    "Brand_Product_Size": "Yates Insect Control Control Spray 750mL",
    "WOW Price": 13,
    "WOW Size": "750mL",
    "WOW ppu": "$1.73 / 100ML"
  },
  {
    "Brand_Product_Size": "Sistema Plasticware Soup Mug To Go each",
    "WOW Price": 5.5,
    "WOW Size": "each",
    "WOW ppu": ""
  },
  {
    "Brand_Product_Size": "Evamay Pads With Wings Super 14 pack",
    "WOW Price": 1.8,
    "WOW Size": "14 pack",
    "WOW ppu": "$0.13 / 1EA"
  },
  {
    "Brand_Product_Size": "Nescafe 98% Sugar Free Caramel Latte Sachets 10 pack",
    "WOW Price": 3.15,
    "WOW Size": "10 pack",
    "WOW ppu": "$0.32 / 1EA"
  },
  {
    "Brand_Product_Size": "Nescafe 98% Sugar Free Caramel Latte Sachets 10 pack",
    "WOW Price": 3.15,
    "WOW Size": "10 pack",
    "WOW ppu": "$0.32 / 1EA"
  },
  {
    "Brand_Product_Size": "Allen's Anticol Throat Lozenge 3 pack",
    "WOW Price": 4,
    "WOW Size": "3 pack",
    "WOW ppu": "$0.13 / 1EA"
  },
  {
    "Brand_Product_Size": "Onion Brown each",
    "WOW Price": 0.45,
    "WOW Size": "each",
    "WOW ppu": "$0.45 / 1EA"
  },
  {
    "Brand_Product_Size": "Fresh Papple each",
    "WOW Price": 1.06,
    "WOW Size": "each",
    "WOW ppu": "$1.06 / 1EA"
  },
  {
    "Brand_Product_Size": "Maggie Beer Fig, Lemon & Ginger Paste 100g",
    "WOW Price": 6,
    "WOW Size": "100g",
    "WOW ppu": "$6.00 / 100G"
  },
  {
    "Brand_Product_Size": "Kiri Cream Cheese 108g",
    "WOW Price": 3.5,
    "WOW Size": "108g",
    "WOW ppu": "$32.41 / 1KG"
  },
  {
    "Brand_Product_Size": "Ardmona Apricot Nectar Can 405mL",
    "WOW Price": 1.75,
    "WOW Size": "405mL",
    "WOW ppu": "$4.32 / 1L"
  },
  {
    "Brand_Product_Size": "Liddells Tasty Cheese Slices 250g",
    "WOW Price": 6.5,
    "WOW Size": "250g",
    "WOW ppu": "$26.00 / 1KG"
  },
  {
    "Brand_Product_Size": "Rosella Tomato Peri Peri Chutney 250g",
    "WOW Price": 6,
    "WOW Size": "250g",
    "WOW ppu": "$2.40 / 100G"
  },
  {
    "Brand_Product_Size": "Coco Earth Spaghetti With Carbonara Sauce 400g",
    "WOW Price": 3.5,
    "WOW Size": "400g",
    "WOW ppu": "$0.88 / 100G"
  },
  {
    "Brand_Product_Size": "Leggos Pesto Traditional Basil 190g",
    "WOW Price": 4.6,
    "WOW Size": "190g",
    "WOW ppu": "$2.42 / 100G"
  },
  {
    "Brand_Product_Size": "Myaura Organic Deodorant Rose Vanilla & Jasmine 65g",
    "WOW Price": 9,
    "WOW Size": "65g",
    "WOW ppu": "$13.85 / 100G"
  },
  {
    "Brand_Product_Size": "Uncle Tobys Rolled Oats Quick Sachets Classic Variety 10 pack",
    "WOW Price": 5,
    "WOW Size": "10 pack",
    "WOW ppu": "$1.43 / 100G"
  },
  {
    "Brand_Product_Size": "Paperclick Adhesive Labels Rectangle Blue Border 34mm X 75mm 18 pack",
    "WOW Price": 2,
    "WOW Size": "18 pack",
    "WOW ppu": ""
  },
  {
    "Brand_Product_Size": "L'oreal Excellence Creme Hair Colour 7 Dark Blonde each",
    "WOW Price": 16,
    "WOW Size": "each",
    "WOW ppu": ""
  },
  {
    "Brand_Product_Size": "Macro Firm Tofu 450g",
    "WOW Price": 3.65,
    "WOW Size": "450g",
    "WOW ppu": "$8.11 / 1KG"
  },
  {
    "Brand_Product_Size": "Fairy Cooking Margarine 250g",
    "WOW Price": 2.1,
    "WOW Size": "250g",
    "WOW ppu": "$0.84 / 100G"
  },
  {
    "Brand_Product_Size": "Flora Margarine Spread Salt Reduced 500g",
    "WOW Price": 3.3,
    "WOW Size": "500g",
    "WOW ppu": "$0.66 / 100G"
  },
  {
    "Brand_Product_Size": "Unreal Co. Plant Based Beefy Brat Sausages 350g",
    "WOW Price": 7,
    "WOW Size": "350g",
    "WOW ppu": "$20.00 / 1KG"
  },
  {
    "Brand_Product_Size": "Tamar Valley Kids Blueberry Yoghurt Pouch 110g",
    "WOW Price": 1.8,
    "WOW Size": "110g",
    "WOW ppu": "$1.64 / 100G"
  },
  {
    "Brand_Product_Size": "Tamar Valley Kids Blueberry Yoghurt Pouch 110g",
    "WOW Price": 1.8,
    "WOW Size": "110g",
    "WOW ppu": "$1.64 / 100G"
  },
  {
    "Brand_Product_Size": "Olay Total Effects 7-in-1 Foaming Cleanser 100mL",
    "WOW Price": 9.1,
    "WOW Size": "100mL",
    "WOW ppu": "$9.10 / 100G"
  },
  {
    "Brand_Product_Size": "Aptamil Prosyneo Sensitive Baby Infant Formula From 0-12 Months 900g",
    "WOW Price": 30,
    "WOW Size": "900g",
    "WOW ppu": "$3.33 / 100G"
  },
  {
    "Brand_Product_Size": "D'orsogna Natural Leg Ham Portion 700g",
    "WOW Price": 13.5,
    "WOW Size": "700g",
    "WOW ppu": "$19.29 / 1KG"
  },
  {
    "Brand_Product_Size": "Hart & Soul Beef Bone Broth Soup 350g",
    "WOW Price": 4,
    "WOW Size": "350g",
    "WOW ppu": "$1.14 / 100G"
  },
  {
    "Brand_Product_Size": "Radiant Advanced+ Cleans & Softens 5-in-1 Laundry Liquid 1.8L",
    "WOW Price": 9.75,
    "WOW Size": "1.8L",
    "WOW ppu": "$5.42 / 1L"
  },
  {
    "Brand_Product_Size": "Vaalia Low Fat Passionfruit Yoghurt 4x150g",
    "WOW Price": 4.3,
    "WOW Size": "4x150g",
    "WOW ppu": "$0.72 / 100G"
  },
  {
    "Brand_Product_Size": "Vaalia Low Fat Passionfruit Yoghurt 4x150g",
    "WOW Price": 4.3,
    "WOW Size": "4x150g",
    "WOW ppu": "$0.72 / 100G"
  },
  {
    "Brand_Product_Size": "Devondale Salted Butter 250g",
    "WOW Price": 4,
    "WOW Size": "250g",
    "WOW ppu": "$1.60 / 100G"
  },
  {
    "Brand_Product_Size": "La Molisana Pastificio Extra Di Lusso Fettuccine 500g",
    "WOW Price": 2.8,
    "WOW Size": "500g",
    "WOW ppu": "$0.56 / 100G"
  },
  {
    "Brand_Product_Size": "Dynamo Professional 7 In 1 3.6L",
    "WOW Price": 24,
    "WOW Size": "3.6L",
    "WOW ppu": "$6.67 / 1L"
  },
  {
    "Brand_Product_Size": "Pedigree Dentastix Small Dog Dental Treat 28 pack",
    "WOW Price": 8.75,
    "WOW Size": "28 pack",
    "WOW ppu": "$0.31 / 1EA"
  },
  {
    "Brand_Product_Size": "Bulla Dollop Thick Cream Cup 200mL",
    "WOW Price": 2.6,
    "WOW Size": "200mL",
    "WOW ppu": "$1.30 / 100ML"
  },
  {
    "Brand_Product_Size": "Oak Chocolate Flavoured Milk 3x250mL",
    "WOW Price": 4.5,
    "WOW Size": "3x250mL",
    "WOW ppu": "$6.00 / 1L"
  },
  {
    "Brand_Product_Size": "Oak Chocolate Flavoured Milk 3x250mL",
    "WOW Price": 4.5,
    "WOW Size": "3x250mL",
    "WOW ppu": "$6.00 / 1L"
  },
  {
    "Brand_Product_Size": "Oak Chocolate Flavoured Milk 3x250mL",
    "WOW Price": 4.5,
    "WOW Size": "3x250mL",
    "WOW ppu": "$6.00 / 1L"
  },
  {
    "Brand_Product_Size": "Masterfoods Turmeric Ground 28g",
    "WOW Price": 2.4,
    "WOW Size": "28g",
    "WOW ppu": "$0.86 / 10G"
  },
  {
    "Brand_Product_Size": "Belvita Strawberry Yoghurt Breakfast Biscuits 5 pack",
    "WOW Price": 4.5,
    "WOW Size": "5 pack",
    "WOW ppu": "$1.78 / 100G"
  },
  {
    "Brand_Product_Size": "Belvita Strawberry Yoghurt Breakfast Biscuits 5 pack",
    "WOW Price": 4.5,
    "WOW Size": "5 pack",
    "WOW ppu": "$1.78 / 100G"
  },
  {
    "Brand_Product_Size": "L'oreal Excellence Creme Hair Colour 9.3 Light Golden Blonde each",
    "WOW Price": 16,
    "WOW Size": "each",
    "WOW ppu": ""
  },
  {
    "Brand_Product_Size": "Lo Bros Kombucha Soda Lemon Lime & Bitters 4 x250mL",
    "WOW Price": 8.75,
    "WOW Size": "4 x250mL",
    "WOW ppu": "$8.75 / 1L"
  },
  {
    "Brand_Product_Size": "The Spice Tailor Tandoori Marinade Classic 170g",
    "WOW Price": 2.5,
    "WOW Size": "170g",
    "WOW ppu": "$1.47 / 100G"
  },
  {
    "Brand_Product_Size": "Pauls Zymil Coffee 400mL",
    "WOW Price": 3.7,
    "WOW Size": "400mL",
    "WOW ppu": "$9.25 / 1L"
  },
  {
    "Brand_Product_Size": "Baxter's Dog Roll Chicken And Rice 3kg",
    "WOW Price": 5.5,
    "WOW Size": "3kg",
    "WOW ppu": "$0.18 / 100G"
  },
  {
    "Brand_Product_Size": "Air Wick Essential Mist Refill Peony & Jasmine 20mL",
    "WOW Price": 8,
    "WOW Size": "20mL",
    "WOW ppu": "$4.00 / 10ML"
  },
  {
    "Brand_Product_Size": "Nature's Gift Nourish Kangaroo & Mixed Vegetables Chewy Dry Dog Food 1.8kg",
    "WOW Price": 9.5,
    "WOW Size": "1.8kg",
    "WOW ppu": "$0.53 / 100G"
  },
  {
    "Brand_Product_Size": "Tommee Tippee Closer To Nature Moda Feeding Bottles 260ml 2 pack",
    "WOW Price": 13.3,
    "WOW Size": "2 pack",
    "WOW ppu": "$6.65 / 1EA"
  },
  {
    "Brand_Product_Size": "Huggies Baby Wipes Fragrance Free 80 pack",
    "WOW Price": 4,
    "WOW Size": "80 pack",
    "WOW ppu": "$5.00 / 100EA"
  },
  {
    "Brand_Product_Size": "Schmackos Strapz Variety Pack Chicken Liver & Beef Dog Treats 500g",
    "WOW Price": 12.9,
    "WOW Size": "500g",
    "WOW ppu": "$2.58 / 100G"
  },
  {
    "Brand_Product_Size": "Crave Wet Dog Food Chicken & Beef Pate 400g",
    "WOW Price": 4.5,
    "WOW Size": "400g",
    "WOW ppu": "$1.13 / 100G"
  },
  {
    "Brand_Product_Size": "Bonds Comfy Very Opaque Tights 120d Lg/xl each",
    "WOW Price": 13,
    "WOW Size": "each",
    "WOW ppu": ""
  },
  {
    "Brand_Product_Size": "Dairy Farmers Permeate Free Full Cream Milk 2L",
    "WOW Price": 3.2,
    "WOW Size": "2L",
    "WOW ppu": "$1.60 / 1L"
  },
  {
    "Brand_Product_Size": "Brita Limescale Maxtra Filter each",
    "WOW Price": 16.5,
    "WOW Size": "each",
    "WOW ppu": ""
  },
  {
    "Brand_Product_Size": "Senokot Laxatives Senna Tablets 100 pack",
    "WOW Price": 8.5,
    "WOW Size": "100 pack",
    "WOW ppu": "$0.09 / 1EA"
  },
  {
    "Brand_Product_Size": "Barrs Irn Bru Drink Sparkling Can 330mL",
    "WOW Price": 2.3,
    "WOW Size": "330mL",
    "WOW ppu": "$6.97 / 1L"
  },
  {
    "Brand_Product_Size": "Extra Peppermint Chewing Gum Sugar Free Multipack 3x14 Piece 81g",
    "WOW Price": 4,
    "WOW Size": "81g",
    "WOW ppu": "$4.94 / 100G"
  },
  {
    "Brand_Product_Size": "Nivea Aloe Vera Moisture Fresh Shower Gel & Body Wash 1L",
    "WOW Price": 13.7,
    "WOW Size": "1L",
    "WOW ppu": "$1.37 / 100ML"
  },
  {
    "Brand_Product_Size": "Ultimates Indulge Beef Loaf Wet Dog Food 400g",
    "WOW Price": 2.5,
    "WOW Size": "400g",
    "WOW ppu": "$0.63 / 100G"
  },
  {
    "Brand_Product_Size": "Simple Water Boost Sheet Mask 5 Minute Reset Hydrogel 33g",
    "WOW Price": 4,
    "WOW Size": "33g",
    "WOW ppu": "$11.94 / 100G"
  },
  {
    "Brand_Product_Size": "Sakata Rice Crackers Classic Barbecue 100g",
    "WOW Price": 2,
    "WOW Size": "100g",
    "WOW ppu": "$2.00 / 100G"
  },
  {
    "Brand_Product_Size": "Olay Anti-ageing Eye Cream Eyes Pro-retinol Treatment 15mL",
    "WOW Price": 34.3,
    "WOW Size": "15mL",
    "WOW ppu": "$228.67 / 100ML"
  },
  {
    "Brand_Product_Size": "Natures Organics Fruits Conditioner Balance Apple Fresh 500mL",
    "WOW Price": 1.9,
    "WOW Size": "500mL",
    "WOW ppu": "$0.38 / 100ML"
  },
  {
    "Brand_Product_Size": "Macro Chicken Wing Nibbles Free Range 500g - 900g",
    "WOW Price": 7.65,
    "WOW Size": "500g - 900g",
    "WOW ppu": "$8.50 / 1KG"
  },
  {
    "Brand_Product_Size": "Primo Hungarian Salami Mild 80g",
    "WOW Price": 3.25,
    "WOW Size": "80g",
    "WOW ppu": "$40.63 / 1KG"
  },
  {
    "Brand_Product_Size": "Primo Hungarian Salami Mild 80g",
    "WOW Price": 3.25,
    "WOW Size": "80g",
    "WOW ppu": "$40.63 / 1KG"
  },
  {
    "Brand_Product_Size": "Haagen-dazs Mango & Raspberry Tub 457mL",
    "WOW Price": 11.5,
    "WOW Size": "457mL",
    "WOW ppu": "$2.52 / 100ML"
  },
  {
    "Brand_Product_Size": "Keep It Cleaner Plant Based Protein Crunch Choc Hemp Bar 40g",
    "WOW Price": 4,
    "WOW Size": "40g",
    "WOW ppu": "$10.00 / 100G"
  },
  {
    "Brand_Product_Size": "Fab Laundry Powder Sublime Velvet 1.8kg",
    "WOW Price": 6,
    "WOW Size": "1.8kg",
    "WOW ppu": "$3.33 / 1KG"
  },
  {
    "Brand_Product_Size": "Olina's Gluten Free Seeded Crackers Ancient Grains 100g",
    "WOW Price": 4.5,
    "WOW Size": "100g",
    "WOW ppu": "$4.50 / 100G"
  },
  {
    "Brand_Product_Size": "Woolworths Salted Mixed Nut 375g",
    "WOW Price": 3,
    "WOW Size": "375g",
    "WOW ppu": "$8.00 / 1KG"
  },
  {
    "Brand_Product_Size": "Sunrice Microwave Fragrant Brown Rice Family Sz 450g",
    "WOW Price": 3.5,
    "WOW Size": "450g",
    "WOW ppu": "$0.78 / 100G"
  },
  {
    "Brand_Product_Size": "Healtheries Rice Wheels Cheese Multipack 6 pack",
    "WOW Price": 3.8,
    "WOW Size": "6 pack",
    "WOW ppu": "$3.02 / 100G"
  },
  {
    "Brand_Product_Size": "Mud Urban Chrome Gel Nail Polish 13mL",
    "WOW Price": 2,
    "WOW Size": "13mL",
    "WOW ppu": "$1.54 / 10ML"
  },
  {
    "Brand_Product_Size": "Mcobeauty Pro Eyeshadow Brush each",
    "WOW Price": 6,
    "WOW Size": "each",
    "WOW ppu": "$6.00 / 1EA"
  },
  {
    "Brand_Product_Size": "Birds Eye Oven Bake Barramundi Battered 270g",
    "WOW Price": 10,
    "WOW Size": "270g",
    "WOW ppu": "$37.04 / 1KG"
  },
  {
    "Brand_Product_Size": "Ob Finest Apricot & Macadamia Specialty Cracker 150g",
    "WOW Price": 6,
    "WOW Size": "150g",
    "WOW ppu": "$4.00 / 100G"
  },
  {
    "Brand_Product_Size": "Sistema Tritan Swift Bottle 600mL",
    "WOW Price": 10,
    "WOW Size": "600mL",
    "WOW ppu": ""
  },
  {
    "Brand_Product_Size": "Listerine Bright White Mouthwash 500mL",
    "WOW Price": 6,
    "WOW Size": "500mL",
    "WOW ppu": "$1.20 / 100ML"
  },
  {
    "Brand_Product_Size": "Schick Shave Gel Hydro Sensitive 236g",
    "WOW Price": 4.75,
    "WOW Size": "236g",
    "WOW ppu": "$2.01 / 100G"
  },
  {
    "Brand_Product_Size": "Devondale Thickened Cream Long Life 250mL",
    "WOW Price": 2.8,
    "WOW Size": "250mL",
    "WOW ppu": "$1.12 / 100ML"
  },
  {
    "Brand_Product_Size": "Fussy Cat Pate & Pieces Wet Cat Food 80g x12 pack",
    "WOW Price": 10,
    "WOW Size": "80g x12 pack",
    "WOW ppu": "$1.04 / 100G"
  },
  {
    "Brand_Product_Size": "Heroes Of Goo Jit Zu Dino Power Assorted each",
    "WOW Price": 15,
    "WOW Size": "each",
    "WOW ppu": ""
  },
  {
    "Brand_Product_Size": "Decor Athletic Tritan Bottle Assorted 750mL",
    "WOW Price": 7,
    "WOW Size": "750mL",
    "WOW ppu": ""
  },
  {
    "Brand_Product_Size": "Ansell Gloves Super Medium Size 8 1 pair",
    "WOW Price": 3.4,
    "WOW Size": "1 pair",
    "WOW ppu": "$3.40 / 1EA"
  },
  {
    "Brand_Product_Size": "Delicious Magazine each",
    "WOW Price": 9.5,
    "WOW Size": "each",
    "WOW ppu": ""
  },
  {
    "Brand_Product_Size": "Byron Bay Cookies Tropical Mango & Passionfruit Cookie Bites 100g",
    "WOW Price": 2.5,
    "WOW Size": "100g",
    "WOW ppu": "$2.50 / 100G"
  },
  {
    "Brand_Product_Size": "Woolworths Lemon Bottle 1.25L",
    "WOW Price": 1,
    "WOW Size": "1.25L",
    "WOW ppu": "$0.80 / 1L"
  },
  {
    "Brand_Product_Size": "Woolworths Green Goodness Salad Bowl 240g",
    "WOW Price": 6,
    "WOW Size": "240g",
    "WOW ppu": "$25.00 / 1KG"
  },
  {
    "Brand_Product_Size": "Woolworths Green Goodness Salad Bowl 240g",
    "WOW Price": 6,
    "WOW Size": "240g",
    "WOW ppu": "$25.00 / 1KG"
  },
  {
    "Brand_Product_Size": "Ceres Organics Teriyaki Bbq Snack 8 pack",
    "WOW Price": 4.5,
    "WOW Size": "8 pack",
    "WOW ppu": "$28.13 / 100G"
  },
  {
    "Brand_Product_Size": "Woolworths Sugar Snap Peas 150g bag",
    "WOW Price": 3.9,
    "WOW Size": "150g bag",
    "WOW ppu": "$26.00 / 1KG"
  },
  {
    "Brand_Product_Size": "Murine Eye Drops Relief 15mL",
    "WOW Price": 8.5,
    "WOW Size": "15mL",
    "WOW ppu": "$56.67 / 100ML"
  },
  {
    "Brand_Product_Size": "Baby Bellies Veggie Bowl Sweet Potatao, Pumpkin & Zucchini 110g",
    "WOW Price": 2.25,
    "WOW Size": "110g",
    "WOW ppu": "$2.05 / 100G"
  },
  {
    "Brand_Product_Size": "Leggos Tomato Paste 500g",
    "WOW Price": 4,
    "WOW Size": "500g",
    "WOW ppu": "$0.80 / 100G"
  },
  {
    "Brand_Product_Size": "Harvest Rice Bran Oil 3L",
    "WOW Price": 9,
    "WOW Size": "3L",
    "WOW ppu": "$0.30 / 100ML"
  },
  {
    "Brand_Product_Size": "Woolworths Sprouts Bean Shoot 250g bag",
    "WOW Price": 2.2,
    "WOW Size": "250g bag",
    "WOW ppu": "$8.80 / 1KG"
  },
  {
    "Brand_Product_Size": "Oak Vanilla Malt Milk 600mL",
    "WOW Price": 3.1,
    "WOW Size": "600mL",
    "WOW ppu": "$5.17 / 1L"
  },
  {
    "Brand_Product_Size": "J Bronze 1hr Rapid Tan Mousse 150g",
    "WOW Price": 30,
    "WOW Size": "150g",
    "WOW ppu": "$20.00 / 100G"
  },
  {
    "Brand_Product_Size": "Woolworths Whole Green Olives 450g",
    "WOW Price": 2,
    "WOW Size": "450g",
    "WOW ppu": "$0.44 / 100G"
  },
  {
    "Brand_Product_Size": "Continental Simmer Soup French Onion 40g",
    "WOW Price": 0.95,
    "WOW Size": "40g",
    "WOW ppu": "$2.38 / 100G"
  },
  {
    "Brand_Product_Size": "Woolworths Liquorice Allsorts 380g",
    "WOW Price": 2,
    "WOW Size": "380g",
    "WOW ppu": "$0.53 / 100G"
  },
  {
    "Brand_Product_Size": "Mccain Pub Style Fries 750g",
    "WOW Price": 4.5,
    "WOW Size": "750g",
    "WOW ppu": "$6.00 / 1KG"
  },
  {
    "Brand_Product_Size": "John Frieda Frizz Ease Forever Smooth Shampoo 250mL",
    "WOW Price": 16,
    "WOW Size": "250mL",
    "WOW ppu": "$6.40 / 100ML"
  },
  {
    "Brand_Product_Size": "Nescafe Gold Green And Roasted Instant Coffee 100g",
    "WOW Price": 11,
    "WOW Size": "100g",
    "WOW ppu": "$11.00 / 100G"
  },
  {
    "Brand_Product_Size": "Nescafe Gold Green And Roasted Instant Coffee 100g",
    "WOW Price": 11,
    "WOW Size": "100g",
    "WOW ppu": "$11.00 / 100G"
  },
  {
    "Brand_Product_Size": "Quilton Double Length Toilet Tissue 3ply White 360 Sheets 8 pack",
    "WOW Price": 8.5,
    "WOW Size": "8 pack",
    "WOW ppu": "$0.30 / 100SS"
  },
  {
    "Brand_Product_Size": "Fancy Feast Adult Inspiration Salmon & Tuna Collection Wet Cat Food 85g x12 pack",
    "WOW Price": 14.5,
    "WOW Size": "85g x12 pack",
    "WOW ppu": "$1.73 / 100G"
  },
  {
    "Brand_Product_Size": "Famous House Banana Milk 500mL",
    "WOW Price": 2.6,
    "WOW Size": "500mL",
    "WOW ppu": "$0.52 / 100ML"
  },
  {
    "Brand_Product_Size": "Mcobeauty Xtendlash each",
    "WOW Price": 8.5,
    "WOW Size": "each",
    "WOW ppu": "$12.14 / 10ML"
  },
  {
    "Brand_Product_Size": "Bref Blue Active 4in1 Flower Blossom 2 pack",
    "WOW Price": 7,
    "WOW Size": "2 pack",
    "WOW ppu": "$7.00 / 100G"
  },
  {
    "Brand_Product_Size": "Ajax Powder Cleanser Disinfectant Household Grade Lemon 500g",
    "WOW Price": 4,
    "WOW Size": "500g",
    "WOW ppu": "$0.80 / 100G"
  },
  {
    "Brand_Product_Size": "Regal Meatball Toppers Chicken With Rice Dog Food 750g",
    "WOW Price": 4.5,
    "WOW Size": "750g",
    "WOW ppu": "$0.60 / 100G"
  },
  {
    "Brand_Product_Size": "Macro Chicken Drumsticks Free Range 650g - 1.2kg",
    "WOW Price": 6.6,
    "WOW Size": "650g - 1.2kg",
    "WOW ppu": "$5.50 / 1KG"
  },
  {
    "Brand_Product_Size": "Whole Kids Organic Teething Wafers 6 pack",
    "WOW Price": 3.5,
    "WOW Size": "6 pack",
    "WOW ppu": "$2.92 / 100G"
  },
  {
    "Brand_Product_Size": "Aptamil Gold+ 1 Baby Infant Formula From Birth To 6 Months 900g",
    "WOW Price": 24.8,
    "WOW Size": "900g",
    "WOW ppu": "$2.76 / 100G"
  },
  {
    "Brand_Product_Size": "Moccona Salted Caramel Iced Latte Sachets 8 pack",
    "WOW Price": 3,
    "WOW Size": "8 pack",
    "WOW ppu": "$0.38 / 1EA"
  },
  {
    "Brand_Product_Size": "Moccona Salted Caramel Iced Latte Sachets 8 pack",
    "WOW Price": 3,
    "WOW Size": "8 pack",
    "WOW ppu": "$0.38 / 1EA"
  },
  {
    "Brand_Product_Size": "Only Organic Sweet Pot Lamb & Couscous 170g",
    "WOW Price": 2,
    "WOW Size": "170g",
    "WOW ppu": "$1.18 / 100G"
  },
  {
    "Brand_Product_Size": "Revlon Colorstay Eye Liner Black 0.28g",
    "WOW Price": 12,
    "WOW Size": "0.28g",
    "WOW ppu": "$428.57 / 10G"
  },
  {
    "Brand_Product_Size": "Mistral Pastry Chef Maker each",
    "WOW Price": 25,
    "WOW Size": "each",
    "WOW ppu": ""
  },
  {
    "Brand_Product_Size": "Primo Mini Mix Ups Chicken Breast, Cheese & Choc Chip Cookie 35g",
    "WOW Price": 3.5,
    "WOW Size": "35g",
    "WOW ppu": "$100.00 / 1KG"
  },
  {
    "Brand_Product_Size": "Head & Shoulders Smooth & Silky Shampoo 400mL",
    "WOW Price": 9.1,
    "WOW Size": "400mL",
    "WOW ppu": "$2.28 / 100ML"
  },
  {
    "Brand_Product_Size": "Arnott's Delta Creams 250g",
    "WOW Price": 2,
    "WOW Size": "250g",
    "WOW ppu": "$0.80 / 100G"
  },
  {
    "Brand_Product_Size": "Thins Hot & Spicy Potato Chips 175g",
    "WOW Price": 3.5,
    "WOW Size": "175g",
    "WOW ppu": "$2.00 / 100G"
  },
  {
    "Brand_Product_Size": "Coca-cola Classic Soft Drink Bottles 300mL x4 pack",
    "WOW Price": 5,
    "WOW Size": "300mL x4 pack",
    "WOW ppu": "$4.17 / 1L"
  },
  {
    "Brand_Product_Size": "Vitasoy Almond Double Espresso 330mL",
    "WOW Price": 3.6,
    "WOW Size": "330mL",
    "WOW ppu": "$10.91 / 1L"
  },
  {
    "Brand_Product_Size": "Sanitarium So Good Long Life Unsweetened Almond Coconut Milk 1L",
    "WOW Price": 2.7,
    "WOW Size": "1L",
    "WOW ppu": "$2.70 / 1L"
  },
  {
    "Brand_Product_Size": "Sanitarium So Good Long Life Unsweetened Almond Coconut Milk 1L",
    "WOW Price": 2.7,
    "WOW Size": "1L",
    "WOW ppu": "$2.70 / 1L"
  },
  {
    "Brand_Product_Size": "Old El Paso Mexican Reduced Salt Taco Spice Mix 30g",
    "WOW Price": 1.8,
    "WOW Size": "30g",
    "WOW ppu": "$6.00 / 100G"
  },
  {
    "Brand_Product_Size": "Leggos Fresh Beef Tomato & Parmesan Ravioli 630g",
    "WOW Price": 8,
    "WOW Size": "630g",
    "WOW ppu": "$1.27 / 100G"
  },
  {
    "Brand_Product_Size": "Maseur Footcare Ultra Sport Women Insole 1 pair",
    "WOW Price": 18.5,
    "WOW Size": "1 pair",
    "WOW ppu": ""
  },
  {
    "Brand_Product_Size": "Razzamatazz Body Magic Pantyhose Control Soft Tan X-tall each",
    "WOW Price": 9,
    "WOW Size": "each",
    "WOW ppu": ""
  },
  {
    "Brand_Product_Size": "Ecostore Dishwashing Liquid Lemon 500mL",
    "WOW Price": 4.3,
    "WOW Size": "500mL",
    "WOW ppu": "$0.86 / 100ML"
  },
  {
    "Brand_Product_Size": "Woolworths Cook Layered Stir-fry Kit With Honey Soy Sauce 550g",
    "WOW Price": 6,
    "WOW Size": "550g",
    "WOW ppu": "$10.91 / 1KG"
  },
  {
    "Brand_Product_Size": "D'orsogna Diced Bacon per kg",
    "WOW Price": 14,
    "WOW Size": "per kg",
    "WOW ppu": "$14.00 / 1KG"
  },
  {
    "Brand_Product_Size": "Masterfoods Rosemary Leaves 16g",
    "WOW Price": 2,
    "WOW Size": "16g",
    "WOW ppu": "$1.25 / 10G"
  },
  {
    "Brand_Product_Size": "Goldair Upright Fan Heater each",
    "WOW Price": 20,
    "WOW Size": "each",
    "WOW ppu": ""
  },
  {
    "Brand_Product_Size": "Fussy Cat Grain Free Chicken With Vegetables Dry Kitten Food 450g",
    "WOW Price": 3.5,
    "WOW Size": "450g",
    "WOW ppu": "$0.78 / 100G"
  },
  {
    "Brand_Product_Size": "Ceres Organics Snack Seaweed Salt Vinegar 5g",
    "WOW Price": 1.8,
    "WOW Size": "5g",
    "WOW ppu": "$36.00 / 100G"
  },
  {
    "Brand_Product_Size": "Nestle Milkybar 180g bLock",
    "WOW Price": 3,
    "WOW Size": "180g bLock",
    "WOW ppu": "$1.67 / 100G"
  },
  {
    "Brand_Product_Size": "Four'n Twenty Meat Free Pie 4 pack",
    "WOW Price": 7.5,
    "WOW Size": "4 pack",
    "WOW ppu": "$1.07 / 100G"
  },
  {
    "Brand_Product_Size": "Lurpak Unsalted Danish Butter 250g",
    "WOW Price": 5,
    "WOW Size": "250g",
    "WOW ppu": "$2.00 / 100G"
  },
  {
    "Brand_Product_Size": "Neutrogena Oil-free Moisture Spf 15 115mL",
    "WOW Price": 14.5,
    "WOW Size": "115mL",
    "WOW ppu": "$12.61 / 100ML"
  },
  {
    "Brand_Product_Size": "Macro Free Range Chicken Stir Fry 500g",
    "WOW Price": 10.5,
    "WOW Size": "500g",
    "WOW ppu": "$21.00 / 1KG"
  },
  {
    "Brand_Product_Size": "Queen Organic Vanilla Essence 50mL",
    "WOW Price": 4,
    "WOW Size": "50mL",
    "WOW ppu": "$0.80 / 10ML"
  },
  {
    "Brand_Product_Size": "Pledge Wood Magic Liquid Floor Cleaner 500mL",
    "WOW Price": 6.4,
    "WOW Size": "500mL",
    "WOW ppu": "$1.28 / 100ML"
  },
  {
    "Brand_Product_Size": "Bx Earth Desert Lime & Coconut Reed Diffuser 150mL",
    "WOW Price": 15,
    "WOW Size": "150mL",
    "WOW ppu": "$10.00 / 100ML"
  },
  {
    "Brand_Product_Size": "Always Fresh Cucumbers Dill 1.90kg",
    "WOW Price": 7.5,
    "WOW Size": "1.90kg",
    "WOW ppu": "$3.95 / 1KG"
  },
  {
    "Brand_Product_Size": "Ogx Coconut Miracle Oil Shampoo 385mL",
    "WOW Price": 21,
    "WOW Size": "385mL",
    "WOW ppu": "$5.45 / 100ML"
  },
  {
    "Brand_Product_Size": "Oreo Mini Multipack Original 23g x 10 pack",
    "WOW Price": 2.75,
    "WOW Size": "23g x 10 pack",
    "WOW ppu": "$1.20 / 100G"
  },
  {
    "Brand_Product_Size": "Oreo Mini Multipack Original 23g x 10 pack",
    "WOW Price": 2.75,
    "WOW Size": "23g x 10 pack",
    "WOW ppu": "$1.20 / 100G"
  },
  {
    "Brand_Product_Size": "Jack Hammer Plug 50mm each",
    "WOW Price": 5,
    "WOW Size": "each",
    "WOW ppu": ""
  },
  {
    "Brand_Product_Size": "Dairy Farmers Permeate Free Skim Milk 2L",
    "WOW Price": 4,
    "WOW Size": "2L",
    "WOW ppu": "$2.00 / 1L"
  },
  {
    "Brand_Product_Size": "Kettle Chilli Chips 175g",
    "WOW Price": 3.25,
    "WOW Size": "175g",
    "WOW ppu": "$1.86 / 100G"
  },
  {
    "Brand_Product_Size": "Ogx Coconut Miracle Oil Extra Strength Conditioner 385mL",
    "WOW Price": 21,
    "WOW Size": "385mL",
    "WOW ppu": "$5.45 / 100ML"
  },
  {
    "Brand_Product_Size": "Sacla Whole Cherry Tomato Parmesan Pasta Sauce 420g",
    "WOW Price": 4.4,
    "WOW Size": "420g",
    "WOW ppu": "$1.05 / 100G"
  },
  {
    "Brand_Product_Size": "Balnea Original Antibacterial Hand Wash 250mL",
    "WOW Price": 1.5,
    "WOW Size": "250mL",
    "WOW ppu": "$0.60 / 100ML"
  },
  {
    "Brand_Product_Size": "Quarter Past Coffee Syrup Vanilla 250mL",
    "WOW Price": 5,
    "WOW Size": "250mL",
    "WOW ppu": "$2.00 / 100ML"
  },
  {
    "Brand_Product_Size": "Quarter Past Coffee Syrup Vanilla 250mL",
    "WOW Price": 5,
    "WOW Size": "250mL",
    "WOW ppu": "$2.00 / 100ML"
  },
  {
    "Brand_Product_Size": "Gillette 5 Sport Razor each",
    "WOW Price": 15,
    "WOW Size": "each",
    "WOW ppu": "$15.00 / 1EA"
  },
  {
    "Brand_Product_Size": "Dairyworks Lemon & Peppercorn Butter 100g",
    "WOW Price": 2.5,
    "WOW Size": "100g",
    "WOW ppu": "$2.50 / 100G"
  },
  {
    "Brand_Product_Size": "Raw Prawn Meat 300g",
    "WOW Price": 11.5,
    "WOW Size": "300g",
    "WOW ppu": "$38.33 / 1KG"
  },
  {
    "Brand_Product_Size": "Raw Prawn Meat 300g",
    "WOW Price": 11.5,
    "WOW Size": "300g",
    "WOW ppu": "$38.33 / 1KG"
  },
  {
    "Brand_Product_Size": "Barilla Tortellini Pasta Three Cheese 340g",
    "WOW Price": 4.4,
    "WOW Size": "340g",
    "WOW ppu": "$1.29 / 100G"
  },
  {
    "Brand_Product_Size": "Bref Power Active Toilet Cleaner Lemon 2 pack",
    "WOW Price": 7,
    "WOW Size": "2 pack",
    "WOW ppu": "$3.50 / 1EA"
  },
  {
    "Brand_Product_Size": "Corelle Winter Frost White Luncheon Starter Plate 22cm each",
    "WOW Price": 6,
    "WOW Size": "each",
    "WOW ppu": ""
  },
  {
    "Brand_Product_Size": "Woolworths Brie 125g",
    "WOW Price": 3,
    "WOW Size": "125g",
    "WOW ppu": "$24.00 / 1KG"
  },
  {
    "Brand_Product_Size": "Woolworths Brie 125g",
    "WOW Price": 3,
    "WOW Size": "125g",
    "WOW ppu": "$24.00 / 1KG"
  },
  {
    "Brand_Product_Size": "Nescafe Dolce Gusto Coffee Capsules Cafe Au Lait 16 pack",
    "WOW Price": 6,
    "WOW Size": "16 pack",
    "WOW ppu": "$0.38 / 1EA"
  },
  {
    "Brand_Product_Size": "Nescafe Dolce Gusto Coffee Capsules Cafe Au Lait 16 pack",
    "WOW Price": 6,
    "WOW Size": "16 pack",
    "WOW ppu": "$0.38 / 1EA"
  },
  {
    "Brand_Product_Size": "Roar Protein Chilli Salami, Peanuts & Tasty Cheese 70g",
    "WOW Price": 5,
    "WOW Size": "70g",
    "WOW ppu": "$71.43 / 1KG"
  },
  {
    "Brand_Product_Size": "Neutrogena Deep Clean Cream Cleanser 200g",
    "WOW Price": 15.5,
    "WOW Size": "200g",
    "WOW ppu": "$7.75 / 100G"
  },
  {
    "Brand_Product_Size": "Woolworths Free From Gluten Arrowroot Biscuit 205g",
    "WOW Price": 2.7,
    "WOW Size": "205g",
    "WOW ppu": "$1.32 / 100G"
  },
  {
    "Brand_Product_Size": "Super Nature Super Pulses Thai Green Chicken Curry 300g",
    "WOW Price": 4,
    "WOW Size": "300g",
    "WOW ppu": "$1.33 / 100G"
  },
  {
    "Brand_Product_Size": "Daily Juice Apple Mango & Peach Juice 2L",
    "WOW Price": 5,
    "WOW Size": "2L",
    "WOW ppu": "$2.50 / 1L"
  },
  {
    "Brand_Product_Size": "Birds Eye Mixed Vegetables Beans Carrot Corn & Broccoli 1kg",
    "WOW Price": 5,
    "WOW Size": "1kg",
    "WOW ppu": "$5.00 / 1KG"
  },
  {
    "Brand_Product_Size": "Pledge Grab-it Dusting Cloths Citrus 20 pack",
    "WOW Price": 8.5,
    "WOW Size": "20 pack",
    "WOW ppu": "$0.43 / 1EA"
  },
  {
    "Brand_Product_Size": "Simply Wize Grissini Original Breadsticks 100g",
    "WOW Price": 3.5,
    "WOW Size": "100g",
    "WOW ppu": "$3.50 / 100G"
  },
  {
    "Brand_Product_Size": "Vege Chips Yellow Sweet Potato Deli Crisps 100g",
    "WOW Price": 5.5,
    "WOW Size": "100g",
    "WOW ppu": "$5.50 / 100G"
  },
  {
    "Brand_Product_Size": "Aptamil Gold+ 3 Toddler Milk Formula From 1+ Year 900g",
    "WOW Price": 23,
    "WOW Size": "900g",
    "WOW ppu": "$2.56 / 100G"
  },
  {
    "Brand_Product_Size": "Oatly Oat Milk Barista Edition 1L",
    "WOW Price": 4.8,
    "WOW Size": "1L",
    "WOW ppu": "$4.80 / 1L"
  },
  {
    "Brand_Product_Size": "Frooti Mango Drink 2L",
    "WOW Price": 4.1,
    "WOW Size": "2L",
    "WOW ppu": "$2.05 / 1L"
  },
  {
    "Brand_Product_Size": "Samba Smoking Chips Beef & Lamb 500g",
    "WOW Price": 8,
    "WOW Size": "500g",
    "WOW ppu": "$1.60 / 100G"
  },
  {
    "Brand_Product_Size": "Farmers Market Chicken Stew With Vegetables& Brown Rice Wet Dog Food 400g",
    "WOW Price": 2.75,
    "WOW Size": "400g",
    "WOW ppu": "$0.69 / 100G"
  },
  {
    "Brand_Product_Size": "Dairyworks Tasty Block 500g",
    "WOW Price": 6.5,
    "WOW Size": "500g",
    "WOW ppu": "$13.00 / 1KG"
  },
  {
    "Brand_Product_Size": "Ecostore Lemongrass Soap Bar 150g",
    "WOW Price": 3.5,
    "WOW Size": "150g",
    "WOW ppu": "$2.33 / 100G"
  },
  {
    "Brand_Product_Size": "Capilano Manuka Honey Mgo30+ Upside Down Honey 340g",
    "WOW Price": 10,
    "WOW Size": "340g",
    "WOW ppu": "$2.94 / 100G"
  },
  {
    "Brand_Product_Size": "Cobs Pop'd Chips Salt & Vinegar Gluten Free 110g",
    "WOW Price": 4,
    "WOW Size": "110g",
    "WOW ppu": "$3.64 / 100G"
  },
  {
    "Brand_Product_Size": "Bonds Singlet Mens Chesty White Size 20 1 pack",
    "WOW Price": 15,
    "WOW Size": "1 pack",
    "WOW ppu": ""
  },
  {
    "Brand_Product_Size": "Lighthouse Pizza & Focaccia Bread Mix 1kg",
    "WOW Price": 5,
    "WOW Size": "1kg",
    "WOW ppu": "$0.50 / 100G"
  },
  {
    "Brand_Product_Size": "D'orsogna Streaky Bacon 500g",
    "WOW Price": 11.5,
    "WOW Size": "500g",
    "WOW ppu": "$23.00 / 1KG"
  },
  {
    "Brand_Product_Size": "Akin Rosemary Daily Shine Shampoo 500mL",
    "WOW Price": 18.85,
    "WOW Size": "500mL",
    "WOW ppu": "$3.77 / 100ML"
  },
  {
    "Brand_Product_Size": "Piksters Bamboo Straight Interdental Brushes & Caps Size 1 8 pack",
    "WOW Price": 8,
    "WOW Size": "8 pack",
    "WOW ppu": ""
  },
  {
    "Brand_Product_Size": "Sunbeam Raisins 1kg",
    "WOW Price": 12.6,
    "WOW Size": "1kg",
    "WOW ppu": "$12.60 / 1KG"
  },
  {
    "Brand_Product_Size": "Cawston Press Apple & Ginger Juice 1L",
    "WOW Price": 4,
    "WOW Size": "1L",
    "WOW ppu": "$4.00 / 1L"
  },
  {
    "Brand_Product_Size": "L'oreal Magic Retouch Precision Brush 3 Brown each",
    "WOW Price": 14.4,
    "WOW Size": "each",
    "WOW ppu": "$180.00 / 100ML"
  },
  {
    "Brand_Product_Size": "Beechworth Bee Cause Mountain Honey 400g",
    "WOW Price": 8.5,
    "WOW Size": "400g",
    "WOW ppu": "$2.13 / 100G"
  },
  {
    "Brand_Product_Size": "Red Island Evoo High Heat 500mL",
    "WOW Price": 10,
    "WOW Size": "500mL",
    "WOW ppu": "$2.00 / 100ML"
  },
  {
    "Brand_Product_Size": "Kikkoman Manjo Mirin 300mL",
    "WOW Price": 5.6,
    "WOW Size": "300mL",
    "WOW ppu": "$1.87 / 100ML"
  },
  {
    "Brand_Product_Size": "Lucky Natural Cashew Kernel 150g",
    "WOW Price": 5,
    "WOW Size": "150g",
    "WOW ppu": "$33.33 / 1KG"
  },
  {
    "Brand_Product_Size": "Garlo's Lean Beef Pies 2 pack",
    "WOW Price": 6.5,
    "WOW Size": "2 pack",
    "WOW ppu": "$1.63 / 100G"
  },
  {
    "Brand_Product_Size": "Mr Chen's Dumpling Favourites 500g",
    "WOW Price": 12,
    "WOW Size": "500g",
    "WOW ppu": "$2.40 / 100G"
  },
  {
    "Brand_Product_Size": "Wrigley's 5 Gum Orange Fusion 3 pack",
    "WOW Price": 4,
    "WOW Size": "3 pack",
    "WOW ppu": "$4.17 / 100G"
  },
  {
    "Brand_Product_Size": "Masterfoods Ground Cayenne Pepper 30g",
    "WOW Price": 3.5,
    "WOW Size": "30g",
    "WOW ppu": "$1.17 / 10G"
  },
  {
    "Brand_Product_Size": "Twinings Vanilla Chai Tea 10 pack",
    "WOW Price": 2.9,
    "WOW Size": "10 pack",
    "WOW ppu": "$0.29 / 1EA"
  },
  {
    "Brand_Product_Size": "Twinings Vanilla Chai Tea 10 pack",
    "WOW Price": 2.9,
    "WOW Size": "10 pack",
    "WOW ppu": "$0.29 / 1EA"
  },
  {
    "Brand_Product_Size": "The Collective Dairy Free Plant Boysenberry 450g",
    "WOW Price": 5,
    "WOW Size": "450g",
    "WOW ppu": "$1.11 / 100G"
  },
  {
    "Brand_Product_Size": "Nutty Bruce Hazelnut, Oat & Cacao Nut Butter Balls 42g",
    "WOW Price": 1.5,
    "WOW Size": "42g",
    "WOW ppu": "$3.57 / 100G"
  },
  {
    "Brand_Product_Size": "Vittoria Italian Nespresso Compatible Coffee Capsules pack 20",
    "WOW Price": 11,
    "WOW Size": "pack 20",
    "WOW ppu": "$0.55 / 1EA"
  },
  {
    "Brand_Product_Size": "Vittoria Italian Nespresso Compatible Coffee Capsules pack 20",
    "WOW Price": 11,
    "WOW Size": "pack 20",
    "WOW ppu": "$0.55 / 1EA"
  },
  {
    "Brand_Product_Size": "Oates Premium Antibacterial Mop each",
    "WOW Price": 15,
    "WOW Size": "each",
    "WOW ppu": "$15.00 / 1EA"
  },
  {
    "Brand_Product_Size": "Armada Garden Garbage Bag 3 pack",
    "WOW Price": 2.55,
    "WOW Size": "3 pack",
    "WOW ppu": "$0.85 / 1EA"
  },
  {
    "Brand_Product_Size": "Palmolive Antibacterial Liquid Hand Wash Soap Lime Refill 1L",
    "WOW Price": 6.5,
    "WOW Size": "1L",
    "WOW ppu": "$0.65 / 100ML"
  },
  {
    "Brand_Product_Size": "Thankyou. Sanitiser Hand & Surface Antibacterial Grapefruit 50mL",
    "WOW Price": 5,
    "WOW Size": "50mL",
    "WOW ppu": "$10.00 / 100ML"
  },
  {
    "Brand_Product_Size": "Woolworths Tuna Spicy Mayo 74g",
    "WOW Price": 1.5,
    "WOW Size": "74g",
    "WOW ppu": "$20.27 / 1KG"
  },
  {
    "Brand_Product_Size": "Coon Cheese Slices Tasty Light 250g",
    "WOW Price": 6,
    "WOW Size": "250g",
    "WOW ppu": "$24.00 / 1KG"
  },
  {
    "Brand_Product_Size": "Nestle Milo 30% Less Added Sugar 395g",
    "WOW Price": 7,
    "WOW Size": "395g",
    "WOW ppu": "$1.77 / 100G"
  },
  {
    "Brand_Product_Size": "Sup Women's Essentials Supplements 30 pack",
    "WOW Price": 13.8,
    "WOW Size": "30 pack",
    "WOW ppu": "$46.00 / 100EA"
  },
  {
    "Brand_Product_Size": "Golden Circle Tomato Juice 2L",
    "WOW Price": 2.7,
    "WOW Size": "2L",
    "WOW ppu": "$1.35 / 1L"
  },
  {
    "Brand_Product_Size": "Tetley Green Tea Bags 100 pack",
    "WOW Price": 6,
    "WOW Size": "100 pack",
    "WOW ppu": "$0.06 / 1EA"
  },
  {
    "Brand_Product_Size": "Tetley Green Tea Bags 100 pack",
    "WOW Price": 6,
    "WOW Size": "100 pack",
    "WOW ppu": "$0.06 / 1EA"
  },
  {
    "Brand_Product_Size": "Castello Marinated Fetta Cubes 265g",
    "WOW Price": 5.5,
    "WOW Size": "265g",
    "WOW ppu": "$20.75 / 1KG"
  },
  {
    "Brand_Product_Size": "Castello Marinated Fetta Cubes 265g",
    "WOW Price": 5.5,
    "WOW Size": "265g",
    "WOW ppu": "$20.75 / 1KG"
  },
  {
    "Brand_Product_Size": "Woolworths Cashew Roasted & Salted Snack Pots 180g",
    "WOW Price": 6,
    "WOW Size": "180g",
    "WOW ppu": "$33.33 / 1KG"
  },
  {
    "Brand_Product_Size": "Bosisto's Stress Nasal Inhalar 1g",
    "WOW Price": 5,
    "WOW Size": "1g",
    "WOW ppu": "$500.00 / 100G"
  },
  {
    "Brand_Product_Size": "Quilton Double Length Toilet Tissue 3 Ply Prints 360 Sheets 8 pack",
    "WOW Price": 8.5,
    "WOW Size": "8 pack",
    "WOW ppu": "$0.30 / 100SS"
  },
  {
    "Brand_Product_Size": "Monster Super Fuel Zero Sugar 550mL",
    "WOW Price": 4,
    "WOW Size": "550mL",
    "WOW ppu": "$7.27 / 1L"
  },
  {
    "Brand_Product_Size": "Blackmores Bio Magnesium 150 pack",
    "WOW Price": 38,
    "WOW Size": "150 pack",
    "WOW ppu": "$25.33 / 100EA"
  },
  {
    "Brand_Product_Size": "Siggi's Skyr Yoghurt Pouch Passion Fruit 150g",
    "WOW Price": 2,
    "WOW Size": "150g",
    "WOW ppu": "$1.33 / 100G"
  },
  {
    "Brand_Product_Size": "Rimmel Lip Liner Snob each",
    "WOW Price": 6.5,
    "WOW Size": "each",
    "WOW ppu": "$260.00 / 10G"
  },
  {
    "Brand_Product_Size": "Essentials Plastic Dinner Plates Oval 10 pack",
    "WOW Price": 3,
    "WOW Size": "10 pack",
    "WOW ppu": "$0.30 / 1EA"
  },
  {
    "Brand_Product_Size": "Pantene Pro-v Ultimate 10 Repair & Protect Conditioner 375mL",
    "WOW Price": 4,
    "WOW Size": "375mL",
    "WOW ppu": "$1.07 / 100ML"
  },
  {
    "Brand_Product_Size": "Pauls Zymil Skim Milk 1L",
    "WOW Price": 3.1,
    "WOW Size": "1L",
    "WOW ppu": "$3.10 / 1L"
  },
  {
    "Brand_Product_Size": "Gillette Foam Lemon Lime 333g",
    "WOW Price": 4.6,
    "WOW Size": "333g",
    "WOW ppu": "$1.38 / 100G"
  },
  {
    "Brand_Product_Size": "Mighty Spice Butter Chicken 80g",
    "WOW Price": 4,
    "WOW Size": "80g",
    "WOW ppu": "$5.00 / 100G"
  },
  {
    "Brand_Product_Size": "Famous House Mango Milk 500mL",
    "WOW Price": 2.6,
    "WOW Size": "500mL",
    "WOW ppu": "$0.52 / 100ML"
  },
  {
    "Brand_Product_Size": "Tommee Tippee Closer To Nature Fast Flow Teats 2 pack",
    "WOW Price": 7.7,
    "WOW Size": "2 pack",
    "WOW ppu": "$3.85 / 1EA"
  },
  {
    "Brand_Product_Size": "Aroma Essentials Fragrance Diffuser Vanilla Caramel 150mL",
    "WOW Price": 13,
    "WOW Size": "150mL",
    "WOW ppu": "$0.87 / 10ML"
  },
  {
    "Brand_Product_Size": "Purity Sensitive Laundry Liquid 2L",
    "WOW Price": 6,
    "WOW Size": "2L",
    "WOW ppu": "$3.00 / 1L"
  },
  {
    "Brand_Product_Size": "Rimmel Bb Cream 002 Medium 30mL",
    "WOW Price": 7,
    "WOW Size": "30mL",
    "WOW ppu": "$2.33 / 10ML"
  },
  {
    "Brand_Product_Size": "Sunraysia Juice Pomegranate 1L",
    "WOW Price": 6,
    "WOW Size": "1L",
    "WOW ppu": "$6.00 / 1L"
  },
  {
    "Brand_Product_Size": "Do Good Labs El Mexicana Mix 120g",
    "WOW Price": 3.45,
    "WOW Size": "120g",
    "WOW ppu": "$28.75 / 1KG"
  },
  {
    "Brand_Product_Size": "Schwarzkopf Hair Mascara Dark Brown 16mL",
    "WOW Price": 22,
    "WOW Size": "16mL",
    "WOW ppu": "$137.50 / 100ML"
  },
  {
    "Brand_Product_Size": "Bonds Womens Underwear Cottontails Size 16 2 pack",
    "WOW Price": 16,
    "WOW Size": "2 pack",
    "WOW ppu": ""
  },
  {
    "Brand_Product_Size": "Ob Finest Gluten Free Speciality Crackers Fig & Pistachio 130g",
    "WOW Price": 6,
    "WOW Size": "130g",
    "WOW ppu": "$4.62 / 100G"
  },
  {
    "Brand_Product_Size": "Pantene Pro V Blends Micellar Charcoal Conditioner 530mL",
    "WOW Price": 10.8,
    "WOW Size": "530mL",
    "WOW ppu": "$2.04 / 100ML"
  },
  {
    "Brand_Product_Size": "Weight Watchers Apple Crumble Bars 6 pack",
    "WOW Price": 3.7,
    "WOW Size": "6 pack",
    "WOW ppu": "$2.06 / 100G"
  },
  {
    "Brand_Product_Size": "Weight Watchers Apple Crumble Bars 6 pack",
    "WOW Price": 3.7,
    "WOW Size": "6 pack",
    "WOW ppu": "$2.06 / 100G"
  },
  {
    "Brand_Product_Size": "Rimmel Extra Super Long Lash Mascara Black 8mL",
    "WOW Price": 6.5,
    "WOW Size": "8mL",
    "WOW ppu": "$8.13 / 10ML"
  },
  {
    "Brand_Product_Size": "Armada Unicorn Paper Bowls 10 pack",
    "WOW Price": 2,
    "WOW Size": "10 pack",
    "WOW ppu": ""
  },
  {
    "Brand_Product_Size": "Zyrtec Hay Fever Rapid Acting Mini Tablets 10 pack",
    "WOW Price": 10.4,
    "WOW Size": "10 pack",
    "WOW ppu": "$1.04 / 1EA"
  },
  {
    "Brand_Product_Size": "Lenny & Larry The Complete Cookie White Chocolaty Macadamia 113g",
    "WOW Price": 4.5,
    "WOW Size": "113g",
    "WOW ppu": "$3.98 / 100G"
  },
  {
    "Brand_Product_Size": "Dare Cold Pressed Iced Coffee Latte 300mL",
    "WOW Price": 3.1,
    "WOW Size": "300mL",
    "WOW ppu": "$10.33 / 1L"
  },
  {
    "Brand_Product_Size": "S-26 Alula Original Newborn 0 - 6 Months 900g",
    "WOW Price": 17,
    "WOW Size": "900g",
    "WOW ppu": "$1.89 / 100G"
  },
  {
    "Brand_Product_Size": "Oc Naturals Shampoo Normal Balance 400mL",
    "WOW Price": 3.5,
    "WOW Size": "400mL",
    "WOW ppu": "$0.88 / 100ML"
  },
  {
    "Brand_Product_Size": "Belvita Fruit & Fibre Breakfast Biscuits 300g",
    "WOW Price": 3,
    "WOW Size": "300g",
    "WOW ppu": "$1.00 / 100G"
  },
  {
    "Brand_Product_Size": "Belvita Fruit & Fibre Breakfast Biscuits 300g",
    "WOW Price": 3,
    "WOW Size": "300g",
    "WOW ppu": "$1.00 / 100G"
  },
  {
    "Brand_Product_Size": "Calidad Hp Printer Ink 564 Xl Tri-colour each",
    "WOW Price": 50,
    "WOW Size": "each",
    "WOW ppu": ""
  },
  {
    "Brand_Product_Size": "Phillips Avent Soother Clip each",
    "WOW Price": 7,
    "WOW Size": "each",
    "WOW ppu": "$7.00 / 1EA"
  },
  {
    "Brand_Product_Size": "Belvita Mini Honey & Choc Chip 210g",
    "WOW Price": 3.5,
    "WOW Size": "210g",
    "WOW ppu": "$1.67 / 100G"
  },
  {
    "Brand_Product_Size": "Mitchum Women's Roll On Powder Fresh Antiperspirant & Deodorant 50mL",
    "WOW Price": 3.8,
    "WOW Size": "50mL",
    "WOW ppu": "$7.60 / 100ML"
  },
  {
    "Brand_Product_Size": "Woolworths Kids Banana Flavoured Milk 250mL",
    "WOW Price": 1.6,
    "WOW Size": "250mL",
    "WOW ppu": "$6.40 / 1L"
  },
  {
    "Brand_Product_Size": "Glow Lab Citrus & Bergamot Body Wash 900mL",
    "WOW Price": 15,
    "WOW Size": "900mL",
    "WOW ppu": "$1.67 / 100ML"
  },
  {
    "Brand_Product_Size": "Schwarzkopf Root Retoucher Dark Brown 70g",
    "WOW Price": 18,
    "WOW Size": "70g",
    "WOW ppu": "$25.71 / 100G"
  },
  {
    "Brand_Product_Size": "Robitussin Cough Syrups Chesty Cough 200mL",
    "WOW Price": 11.4,
    "WOW Size": "200mL",
    "WOW ppu": "$5.70 / 100ML"
  },
  {
    "Brand_Product_Size": "Birds Eye Steam Fresh In Cheese Sauce Broccoli, Cauliflower & Carrot 400g",
    "WOW Price": 4.2,
    "WOW Size": "400g",
    "WOW ppu": "$10.50 / 1KG"
  },
  {
    "Brand_Product_Size": "Bonds Comfy Tops Slimming Sheer Tights Black Sml each",
    "WOW Price": 8,
    "WOW Size": "each",
    "WOW ppu": ""
  },
  {
    "Brand_Product_Size": "Latina Fresh Veal Tortellini 625g",
    "WOW Price": 6,
    "WOW Size": "625g",
    "WOW ppu": "$0.96 / 100G"
  },
  {
    "Brand_Product_Size": "Saxa Iodised Salt 750g",
    "WOW Price": 2.95,
    "WOW Size": "750g",
    "WOW ppu": "$0.04 / 10G"
  },
  {
    "Brand_Product_Size": "Vetta Smart Fibre Dinosaur Pasta 375g",
    "WOW Price": 1.6,
    "WOW Size": "375g",
    "WOW ppu": "$0.32 / 100G"
  },
  {
    "Brand_Product_Size": "L'oreal Revitalift Day Cream Spf15 50mL",
    "WOW Price": 19.8,
    "WOW Size": "50mL",
    "WOW ppu": "$39.60 / 100ML"
  },
  {
    "Brand_Product_Size": "Easiyo Greek Style Unsweetened Yogurt Base 170g",
    "WOW Price": 4.7,
    "WOW Size": "170g",
    "WOW ppu": "$2.76 / 100G"
  },
  {
    "Brand_Product_Size": "Bonds Short Sleeve Zippy Wondersuit Girl 00-2 each",
    "WOW Price": 13.2,
    "WOW Size": "each",
    "WOW ppu": ""
  },
  {
    "Brand_Product_Size": "Natures Goodness Wild Game & Sweet Potato 7kg",
    "WOW Price": 30.6,
    "WOW Size": "7kg",
    "WOW ppu": "$0.44 / 100G"
  },
  {
    "Brand_Product_Size": "Listerine Zero Mouthwash 500mL",
    "WOW Price": 6,
    "WOW Size": "500mL",
    "WOW ppu": "$1.20 / 100ML"
  },
  {
    "Brand_Product_Size": "Frozen Heart Hair Clips 2 pack",
    "WOW Price": 3.5,
    "WOW Size": "2 pack",
    "WOW ppu": ""
  },
  {
    "Brand_Product_Size": "Goulburn River Trout Hot Smoked Rainbow Trout 350g",
    "WOW Price": 10,
    "WOW Size": "350g",
    "WOW ppu": "$28.57 / 1KG"
  },
  {
    "Brand_Product_Size": "Palmolive Nourishing Manuka Honey Conditioner 370mL",
    "WOW Price": 8,
    "WOW Size": "370mL",
    "WOW ppu": "$2.16 / 100ML"
  },
  {
    "Brand_Product_Size": "Nevana Pizza Base 12 pack",
    "WOW Price": 4.8,
    "WOW Size": "12 pack",
    "WOW ppu": "$0.69 / 100G"
  },
  {
    "Brand_Product_Size": "Green Gardener Garden Tap Connector 18-24mm each",
    "WOW Price": 3,
    "WOW Size": "each",
    "WOW ppu": ""
  },
  {
    "Brand_Product_Size": "Oscar Orsen Hair Hair Nets Light Brown 4 pack",
    "WOW Price": 4.5,
    "WOW Size": "4 pack",
    "WOW ppu": ""
  },
  {
    "Brand_Product_Size": "Oscar Orsen Comb Pocket 4 pack",
    "WOW Price": 3,
    "WOW Size": "4 pack",
    "WOW ppu": ""
  },
  {
    "Brand_Product_Size": "Mcobeauty Hydrating Oil Peachy Pink 4.8mL",
    "WOW Price": 6,
    "WOW Size": "4.8mL",
    "WOW ppu": "$12.50 / 10ML"
  },
  {
    "Brand_Product_Size": "Aussie Bodies Keto Cookies & Cream Wafer 35g",
    "WOW Price": 3,
    "WOW Size": "35g",
    "WOW ppu": "$8.57 / 100G"
  },
  {
    "Brand_Product_Size": "Dermaveen Body Moisturiser Lotion 500mL",
    "WOW Price": 13.6,
    "WOW Size": "500mL",
    "WOW ppu": "$2.72 / 100ML"
  },
  {
    "Brand_Product_Size": "S-26 Alula Original Progress 6 - 12 Months 900g",
    "WOW Price": 17,
    "WOW Size": "900g",
    "WOW ppu": "$1.89 / 100G"
  },
  {
    "Brand_Product_Size": "All Smiles Total Care Mint Mouthwash 500mL",
    "WOW Price": 2.2,
    "WOW Size": "500mL",
    "WOW ppu": "$0.44 / 100ML"
  },
  {
    "Brand_Product_Size": "Dairyworks Tasty Block 210g",
    "WOW Price": 4.5,
    "WOW Size": "210g",
    "WOW ppu": "$21.43 / 1KG"
  },
  {
    "Brand_Product_Size": "Perfect Italiano Shredded Parmesan 125g",
    "WOW Price": 3.25,
    "WOW Size": "125g",
    "WOW ppu": "$26.00 / 1KG"
  },
  {
    "Brand_Product_Size": "Perfect Italiano Shredded Parmesan 125g",
    "WOW Price": 3.25,
    "WOW Size": "125g",
    "WOW ppu": "$26.00 / 1KG"
  },
  {
    "Brand_Product_Size": "Golden Circle Puree Banana Berry Blast 120g",
    "WOW Price": 1.5,
    "WOW Size": "120g",
    "WOW ppu": "$12.50 / 1KG"
  },
  {
    "Brand_Product_Size": "Golden Circle Puree Banana Berry Blast 120g",
    "WOW Price": 1.5,
    "WOW Size": "120g",
    "WOW ppu": "$12.50 / 1KG"
  },
  {
    "Brand_Product_Size": "Danone Ultimate English Sticky Date Pudding Yoghurt 160g",
    "WOW Price": 2.5,
    "WOW Size": "160g",
    "WOW ppu": "$1.56 / 100G"
  },
  {
    "Brand_Product_Size": "Macro Organic Tigernuts 200g",
    "WOW Price": 7,
    "WOW Size": "200g",
    "WOW ppu": "$3.50 / 100G"
  },
  {
    "Brand_Product_Size": "Naked Life Virgin Margarita 250mL x4 pack",
    "WOW Price": 10,
    "WOW Size": "250mL x4 pack",
    "WOW ppu": "$10.00 / 1L"
  },
  {
    "Brand_Product_Size": "Bonds Zip Wondersuit Disney Lion King Blue Size 00 each",
    "WOW Price": 30,
    "WOW Size": "each",
    "WOW ppu": ""
  },
  {
    "Brand_Product_Size": "Ouma Condensed Milk Rusks 500g",
    "WOW Price": 7.25,
    "WOW Size": "500g",
    "WOW ppu": "$1.45 / 100G"
  },
  {
    "Brand_Product_Size": "Lynx Collision Leather & Cookies Deodorant Bodyspray 165mL",
    "WOW Price": 3.5,
    "WOW Size": "165mL",
    "WOW ppu": "$2.12 / 100ML"
  },
  {
    "Brand_Product_Size": "Mr Kipling Choc Slice 6 pack",
    "WOW Price": 4,
    "WOW Size": "6 pack",
    "WOW ppu": "$0.67 / 1EA"
  },
  {
    "Brand_Product_Size": "Gourmet Garden Paste Italian 80g",
    "WOW Price": 3.5,
    "WOW Size": "80g",
    "WOW ppu": "$4.38 / 100G"
  },
  {
    "Brand_Product_Size": "Gourmet Garden Paste Italian 80g",
    "WOW Price": 3.5,
    "WOW Size": "80g",
    "WOW ppu": "$4.38 / 100G"
  },
  {
    "Brand_Product_Size": "Leggos Fresh Napoli Sauce 450g",
    "WOW Price": 5.5,
    "WOW Size": "450g",
    "WOW ppu": "$1.22 / 100G"
  },
  {
    "Brand_Product_Size": "Bfit Mango Hydration 473mL",
    "WOW Price": 3.95,
    "WOW Size": "473mL",
    "WOW ppu": "$8.35 / 1L"
  },
  {
    "Brand_Product_Size": "Five Tastes Thai Red Curry Paste 210g",
    "WOW Price": 3,
    "WOW Size": "210g",
    "WOW ppu": "$1.43 / 100G"
  },
  {
    "Brand_Product_Size": "Sistema Klip It Plus Square 5.5L",
    "WOW Price": 5.5,
    "WOW Size": "5.5L",
    "WOW ppu": "$5.50 / 1EA"
  },
  {
    "Brand_Product_Size": "K-roo Kangaroo Mince 1kg",
    "WOW Price": 11.5,
    "WOW Size": "1kg",
    "WOW ppu": "$11.50 / 1KG"
  },
  {
    "Brand_Product_Size": "Ingham's Chicken Sliced Roll per kg",
    "WOW Price": 12.5,
    "WOW Size": "per kg",
    "WOW ppu": "$12.50 / 1KG"
  },
  {
    "Brand_Product_Size": "Obela Restaurant Style Hommus 350g",
    "WOW Price": 6.5,
    "WOW Size": "350g",
    "WOW ppu": "$1.86 / 100G"
  },
  {
    "Brand_Product_Size": "Obela Restaurant Style Hommus 350g",
    "WOW Price": 6.5,
    "WOW Size": "350g",
    "WOW ppu": "$1.86 / 100G"
  },
  {
    "Brand_Product_Size": "Ozkleen Mould Power Trigger Spray 500mL",
    "WOW Price": 6.85,
    "WOW Size": "500mL",
    "WOW ppu": "$1.37 / 100ML"
  },
  {
    "Brand_Product_Size": "Nestle Malted Milk 500g",
    "WOW Price": 9.5,
    "WOW Size": "500g",
    "WOW ppu": "$1.90 / 100G"
  },
  {
    "Brand_Product_Size": "Finish Dishwasher Cleaner Liquid Lemon 250mL",
    "WOW Price": 4,
    "WOW Size": "250mL",
    "WOW ppu": "$1.60 / 100ML"
  },
  {
    "Brand_Product_Size": "Inspire Double Wall Glass Piccolo 2 pack",
    "WOW Price": 6,
    "WOW Size": "2 pack",
    "WOW ppu": ""
  },
  {
    "Brand_Product_Size": "Morning Fresh Dishwashing Liquid Original Super Strength 900mL",
    "WOW Price": 3.75,
    "WOW Size": "900mL",
    "WOW ppu": "$0.42 / 100ML"
  },
  {
    "Brand_Product_Size": "Philips Led 1400lm Cool Es 2 pack",
    "WOW Price": 7.5,
    "WOW Size": "2 pack",
    "WOW ppu": "$3.75 / 1EA"
  },
  {
    "Brand_Product_Size": "Dolmio Extra Garlic Tomato Pasta Sauce 500g",
    "WOW Price": 2.9,
    "WOW Size": "500g",
    "WOW ppu": "$0.58 / 100G"
  },
  {
    "Brand_Product_Size": "Huy Fong Sriracha Hot Chilli Sauce 266mL",
    "WOW Price": 4.2,
    "WOW Size": "266mL",
    "WOW ppu": "$1.58 / 100ML"
  },
  {
    "Brand_Product_Size": "Tutto Pasta Gluten Free Spinach Ricotta Cannelloni 350g",
    "WOW Price": 4.4,
    "WOW Size": "350g",
    "WOW ppu": "$1.26 / 100G"
  },
  {
    "Brand_Product_Size": "Kbs Prawn Gyoza 1kg",
    "WOW Price": 13.5,
    "WOW Size": "1kg",
    "WOW ppu": "$1.35 / 100G"
  },
  {
    "Brand_Product_Size": "Handee Max Paper Towel White 3 Ply 100 Sheets 2 pack",
    "WOW Price": 3.5,
    "WOW Size": "2 pack",
    "WOW ppu": "$3.50 / 100SS"
  },
  {
    "Brand_Product_Size": "Buderim Cordial Ginger Reduced Sugar 750mL",
    "WOW Price": 4,
    "WOW Size": "750mL",
    "WOW ppu": "$5.33 / 1L"
  },
  {
    "Brand_Product_Size": "Woolworths Rosemary Fresh Herb 10g punnet",
    "WOW Price": 3,
    "WOW Size": "10g punnet",
    "WOW ppu": "$3.00 / 10G"
  },
  {
    "Brand_Product_Size": "Woolworths Rosemary Fresh Herb 10g punnet",
    "WOW Price": 3,
    "WOW Size": "10g punnet",
    "WOW ppu": "$3.00 / 10G"
  },
  {
    "Brand_Product_Size": "Uncle Tobys Rolled Oats Traditional Sachets 8 pack",
    "WOW Price": 4,
    "WOW Size": "8 pack",
    "WOW ppu": "$1.09 / 100G"
  },
  {
    "Brand_Product_Size": "Woolworths Singapore Noodles 350g",
    "WOW Price": 7.5,
    "WOW Size": "350g",
    "WOW ppu": "$2.14 / 100G"
  },
  {
    "Brand_Product_Size": "Clairol Nice N Easy 4bg Natural Burgundy each",
    "WOW Price": 9,
    "WOW Size": "each",
    "WOW ppu": ""
  },
  {
    "Brand_Product_Size": "Oscar Orsen Large Snagless Hair Elastics Brown 30 pack",
    "WOW Price": 6.8,
    "WOW Size": "30 pack",
    "WOW ppu": ""
  },
  {
    "Brand_Product_Size": "Essentials Frozen Peas 1kg",
    "WOW Price": 1.99,
    "WOW Size": "1kg",
    "WOW ppu": "$1.99 / 1KG"
  },
  {
    "Brand_Product_Size": "Just For Men Hair Colour Real Black 100g",
    "WOW Price": 12,
    "WOW Size": "100g",
    "WOW ppu": "$12.00 / 100G"
  },
  {
    "Brand_Product_Size": "Woolworths Asian Style Crispy Noodle Salad Kit 365g",
    "WOW Price": 6,
    "WOW Size": "365g",
    "WOW ppu": ""
  },
  {
    "Brand_Product_Size": "Woolworths Asian Style Crispy Noodle Salad Kit 365g",
    "WOW Price": 6,
    "WOW Size": "365g",
    "WOW ppu": ""
  },
  {
    "Brand_Product_Size": "Nature's Gift Adult Dog Strips Gravy Style Chicken With Carrot & Peas 100g",
    "WOW Price": 1,
    "WOW Size": "100g",
    "WOW ppu": "$1.00 / 100G"
  },
  {
    "Brand_Product_Size": "Little Wishes Feeding Bottles 250mL 3 pack",
    "WOW Price": 6,
    "WOW Size": "250mL 3 pack",
    "WOW ppu": "$2.00 / 1EA"
  },
  {
    "Brand_Product_Size": "Duck Under The Rim Liquid Toilet Cleaner Aqua Burst 50mL",
    "WOW Price": 3,
    "WOW Size": "50mL",
    "WOW ppu": "$6.00 / 100ML"
  },
  {
    "Brand_Product_Size": "Canon Pg510 Black Ink Cartridge 2 pack",
    "WOW Price": 48,
    "WOW Size": "2 pack",
    "WOW ppu": ""
  },
  {
    "Brand_Product_Size": "Steggles Family Roast Chicken Whole",
    "WOW Price": 17.05,
    "WOW Size": "",
    "WOW ppu": "$5.50 / 1KG"
  },
  {
    "Brand_Product_Size": "First Force Fast Knockdown  Mosquito & Flying Insect Killer 300g",
    "WOW Price": 2.5,
    "WOW Size": "300g",
    "WOW ppu": "$0.83 / 100G"
  },
  {
    "Brand_Product_Size": "Napro Palette 3-0 Dark Brown each",
    "WOW Price": 7.95,
    "WOW Size": "each",
    "WOW ppu": "$7.95 / 1EA"
  },
  {
    "Brand_Product_Size": "Continental Snack Pot Cheesy Rice 79g",
    "WOW Price": 3,
    "WOW Size": "79g",
    "WOW ppu": "$3.80 / 100G"
  },
  {
    "Brand_Product_Size": "All Smiles Pro Battery Powered Toothbrush each",
    "WOW Price": 10,
    "WOW Size": "each",
    "WOW ppu": "$10.00 / 1EA"
  },
  {
    "Brand_Product_Size": "Air Wick Essential Oil Freshmatic Satin Moon Refill 174g",
    "WOW Price": 8,
    "WOW Size": "174g",
    "WOW ppu": "$4.60 / 100G"
  },
  {
    "Brand_Product_Size": "Sunsilk Conditioner Soft & Smooth 700mL",
    "WOW Price": 10,
    "WOW Size": "700mL",
    "WOW ppu": "$1.43 / 100ML"
  },
  {
    "Brand_Product_Size": "Arnott's Shortbread Cream Tiramisu 250g",
    "WOW Price": 2,
    "WOW Size": "250g",
    "WOW ppu": "$0.80 / 100G"
  },
  {
    "Brand_Product_Size": "Carman's Oat Slice Choc Brownie 210g",
    "WOW Price": 6,
    "WOW Size": "210g",
    "WOW ppu": "$2.86 / 100G"
  },
  {
    "Brand_Product_Size": "Carman's Oat Slice Choc Brownie 210g",
    "WOW Price": 6,
    "WOW Size": "210g",
    "WOW ppu": "$2.86 / 100G"
  },
  {
    "Brand_Product_Size": "On The Menu Frozen Meal Lamb Shank 320g",
    "WOW Price": 4.8,
    "WOW Size": "320g",
    "WOW ppu": "$1.50 / 100G"
  },
  {
    "Brand_Product_Size": "Delta Chicco D'oro Ground Coffee 200g",
    "WOW Price": 3,
    "WOW Size": "200g",
    "WOW ppu": "$1.50 / 100G"
  },
  {
    "Brand_Product_Size": "Delta Chicco D'oro Ground Coffee 200g",
    "WOW Price": 3,
    "WOW Size": "200g",
    "WOW ppu": "$1.50 / 100G"
  },
  {
    "Brand_Product_Size": "Chobani No Fat Blueberry Yoghurt Pouch 140g",
    "WOW Price": 1.5,
    "WOW Size": "140g",
    "WOW ppu": "$1.07 / 100G"
  },
  {
    "Brand_Product_Size": "Chobani No Fat Blueberry Yoghurt Pouch 140g",
    "WOW Price": 1.5,
    "WOW Size": "140g",
    "WOW ppu": "$1.07 / 100G"
  },
  {
    "Brand_Product_Size": "Old El Paso Mexican Taco Spice Mix 30g",
    "WOW Price": 1.8,
    "WOW Size": "30g",
    "WOW ppu": "$6.00 / 100G"
  },
  {
    "Brand_Product_Size": "Woolworths Apple Crumble Tart 800g",
    "WOW Price": 12,
    "WOW Size": "800g",
    "WOW ppu": "$1.50 / 100G"
  },
  {
    "Brand_Product_Size": "Woolworths Pork Medallion 250g",
    "WOW Price": 8,
    "WOW Size": "250g",
    "WOW ppu": "$32.00 / 1KG"
  },
  {
    "Brand_Product_Size": "Plantitude Chicken Free Crumbed Tenders 300g",
    "WOW Price": 6.5,
    "WOW Size": "300g",
    "WOW ppu": "$21.67 / 1KG"
  },
  {
    "Brand_Product_Size": "Senza Gluten Free Pizza Base 220g",
    "WOW Price": 5,
    "WOW Size": "220g",
    "WOW ppu": "$2.27 / 100G"
  },
  {
    "Brand_Product_Size": "Potato Sweet Gold Premium each",
    "WOW Price": 2.21,
    "WOW Size": "each",
    "WOW ppu": "$2.21 / 1EA"
  },
  {
    "Brand_Product_Size": "Supercoat Puppy Chicken Dry Dog Food Chicken 3kg",
    "WOW Price": 15.5,
    "WOW Size": "3kg",
    "WOW ppu": "$0.52 / 100G"
  },
  {
    "Brand_Product_Size": "Bulla Creamy Classics Light Vanilla Tub 2L",
    "WOW Price": 4.25,
    "WOW Size": "2L",
    "WOW ppu": "$0.21 / 100ML"
  },
  {
    "Brand_Product_Size": "Coca-cola Diet Soft Drink Bottle 1.25L",
    "WOW Price": 1.95,
    "WOW Size": "1.25L",
    "WOW ppu": "$1.56 / 1L"
  },
  {
    "Brand_Product_Size": "Revlon Colorstay Overtime Lipcolor Endless Spice Lipstick 2.0mL",
    "WOW Price": 14,
    "WOW Size": "2.0mL",
    "WOW ppu": "$70.00 / 10ML"
  },
  {
    "Brand_Product_Size": "Woolworths Mushrooms Swiss Brown Sliced 200g punnet",
    "WOW Price": 5,
    "WOW Size": "200g punnet",
    "WOW ppu": "$25.00 / 1KG"
  },
  {
    "Brand_Product_Size": "Woolworths Cook Tomato Basil Stuffed Chicken Breast 500g",
    "WOW Price": 10,
    "WOW Size": "500g",
    "WOW ppu": "$20.00 / 1KG"
  },
  {
    "Brand_Product_Size": "Plantein Plant Based Schnitzel 300g",
    "WOW Price": 7.5,
    "WOW Size": "300g",
    "WOW ppu": "$25.00 / 1KG"
  },
  {
    "Brand_Product_Size": "Woolworths Frozen Mango 500g",
    "WOW Price": 4,
    "WOW Size": "500g",
    "WOW ppu": "$8.00 / 1KG"
  },
  {
    "Brand_Product_Size": "Dairy Farmers Light Sour Cream 250g",
    "WOW Price": 3,
    "WOW Size": "250g",
    "WOW ppu": "$1.20 / 100G"
  },
  {
    "Brand_Product_Size": "Turnip Fresh each",
    "WOW Price": 1.2,
    "WOW Size": "each",
    "WOW ppu": "$1.20 / 1EA"
  },
  {
    "Brand_Product_Size": "Borg's Traditional Puff Pastry 1.9kg",
    "WOW Price": 6.8,
    "WOW Size": "1.9kg",
    "WOW ppu": "$0.36 / 100G"
  },
  {
    "Brand_Product_Size": "Mcobeauty Instant Concealer Medium 10mL",
    "WOW Price": 9,
    "WOW Size": "10mL",
    "WOW ppu": "$9.00 / 10ML"
  },
  {
    "Brand_Product_Size": "Nomad Drinking Chocolate West Africa 45% Dark 200g",
    "WOW Price": 10,
    "WOW Size": "200g",
    "WOW ppu": "$5.00 / 100G"
  },
  {
    "Brand_Product_Size": "Garnier Hydra Bomb Tissue Face Mask Chamomile each",
    "WOW Price": 3.55,
    "WOW Size": "each",
    "WOW ppu": "$11.09 / 100G"
  },
  {
    "Brand_Product_Size": "Disney Frozen 2 In 1 Shampoo & Conditioner 350mL",
    "WOW Price": 6,
    "WOW Size": "350mL",
    "WOW ppu": "$1.71 / 100ML"
  },
  {
    "Brand_Product_Size": "Method Deep Detox Body Wash 532mL",
    "WOW Price": 8,
    "WOW Size": "532mL",
    "WOW ppu": "$1.50 / 100ML"
  },
  {
    "Brand_Product_Size": "Lucky Lsa Mix With Chia 300g",
    "WOW Price": 5.5,
    "WOW Size": "300g",
    "WOW ppu": "$18.33 / 1KG"
  },
  {
    "Brand_Product_Size": "Picasso Kitchen Stone Baked Bbq Triple Chicken Pizza 470g",
    "WOW Price": 4.5,
    "WOW Size": "470g",
    "WOW ppu": "$0.96 / 100G"
  },
  {
    "Brand_Product_Size": "Mccain Dinner Lamb Cutlet & Gravy 320g",
    "WOW Price": 6,
    "WOW Size": "320g",
    "WOW ppu": "$1.88 / 100G"
  },
  {
    "Brand_Product_Size": "Clio Girl Summer Glow Tights Tan Tall each",
    "WOW Price": 5,
    "WOW Size": "each",
    "WOW ppu": ""
  },
  {
    "Brand_Product_Size": "Magnum Ice Cream Almond 4 pack",
    "WOW Price": 9,
    "WOW Size": "4 pack",
    "WOW ppu": "$2.10 / 100ML"
  },
  {
    "Brand_Product_Size": "La Stella Ricotta Cheese 500g",
    "WOW Price": 5.9,
    "WOW Size": "500g",
    "WOW ppu": "$11.80 / 1KG"
  },
  {
    "Brand_Product_Size": "La Stella Ricotta Cheese 500g",
    "WOW Price": 5.9,
    "WOW Size": "500g",
    "WOW ppu": "$11.80 / 1KG"
  },
  {
    "Brand_Product_Size": "Mug Shot Chicken & Sweetcorn Noodles 54g",
    "WOW Price": 1,
    "WOW Size": "54g",
    "WOW ppu": "$1.85 / 100G"
  },
  {
    "Brand_Product_Size": "Clean Boost Triple Enzyme Power Soaker 1kg",
    "WOW Price": 3.5,
    "WOW Size": "1kg",
    "WOW ppu": "$3.50 / 1KG"
  },
  {
    "Brand_Product_Size": "Fodmapped For You Simmer Sauce Green Curry 200g",
    "WOW Price": 5,
    "WOW Size": "200g",
    "WOW ppu": "$2.50 / 100G"
  },
  {
    "Brand_Product_Size": "Masterfoods Thyme Leaves 10g",
    "WOW Price": 2.6,
    "WOW Size": "10g",
    "WOW ppu": "$2.60 / 10G"
  },
  {
    "Brand_Product_Size": "Woolworths Crunchy Noodle Coleslaw Kit 520g",
    "WOW Price": 4,
    "WOW Size": "520g",
    "WOW ppu": "$7.69 / 1KG"
  },
  {
    "Brand_Product_Size": "Woolworths Crunchy Noodle Coleslaw Kit 520g",
    "WOW Price": 4,
    "WOW Size": "520g",
    "WOW ppu": "$7.69 / 1KG"
  },
  {
    "Brand_Product_Size": "Woolworths Pork Sizzle Steak 400g",
    "WOW Price": 8,
    "WOW Size": "400g",
    "WOW ppu": "$20.00 / 1KG"
  },
  {
    "Brand_Product_Size": "Woolworths Tasmanian Atlantic Salmon Side With Sauce 500g",
    "WOW Price": 15.5,
    "WOW Size": "500g",
    "WOW ppu": "$31.00 / 1KG"
  },
  {
    "Brand_Product_Size": "Naturoma Long Lasting Gel Air Freshener 220g",
    "WOW Price": 3,
    "WOW Size": "220g",
    "WOW ppu": "$1.36 / 100G"
  },
  {
    "Brand_Product_Size": "Aeroplane Jelly Lite Pineapple 2x9g",
    "WOW Price": 1.8,
    "WOW Size": "2x9g",
    "WOW ppu": "$10.00 / 100G"
  },
  {
    "Brand_Product_Size": "Hot Wheels Shark Transporter Playset each",
    "WOW Price": 18,
    "WOW Size": "each",
    "WOW ppu": ""
  },
  {
    "Brand_Product_Size": "Cadbury Dairy Milk Crunchie 180g",
    "WOW Price": 3.5,
    "WOW Size": "180g",
    "WOW ppu": "$1.94 / 100G"
  },
  {
    "Brand_Product_Size": "Bega Simply Nuts Crunchy Peanut Butter 650g",
    "WOW Price": 9,
    "WOW Size": "650g",
    "WOW ppu": "$1.38 / 100G"
  },
  {
    "Brand_Product_Size": "Applaws Cat Food Pouch: Tuna & Mackerel 70g",
    "WOW Price": 2,
    "WOW Size": "70g",
    "WOW ppu": "$2.86 / 100G"
  },
  {
    "Brand_Product_Size": "Coca-cola Classic Soft Drink Multipack Cans 375mL x30 pack",
    "WOW Price": 22.75,
    "WOW Size": "375mL x30 pack",
    "WOW ppu": "$2.02 / 1L"
  },
  {
    "Brand_Product_Size": "Cascade Tonic Water Cans 4x200mL",
    "WOW Price": 2.2,
    "WOW Size": "4x200mL",
    "WOW ppu": "$2.75 / 1L"
  },
  {
    "Brand_Product_Size": "Razzamatazz Pantyhose Control Brazen Tall 2 pack",
    "WOW Price": 7,
    "WOW Size": "2 pack",
    "WOW ppu": ""
  },
  {
    "Brand_Product_Size": "Woolworths Hazelnut Kernels 110g",
    "WOW Price": 4.25,
    "WOW Size": "110g",
    "WOW ppu": "$38.64 / 1KG"
  },
  {
    "Brand_Product_Size": "Air Wick Reed Diffuser Decorative Freesia & Jasmine 50mL",
    "WOW Price": 8,
    "WOW Size": "50mL",
    "WOW ppu": "$1.60 / 10ML"
  },
  {
    "Brand_Product_Size": "Avofresh Soft Avocado Hint Of Lemon 160g tube",
    "WOW Price": 5.5,
    "WOW Size": "160g tube",
    "WOW ppu": "$3.44 / 100G"
  },
  {
    "Brand_Product_Size": "Avofresh Soft Avocado Hint Of Lemon 160g tube",
    "WOW Price": 5.5,
    "WOW Size": "160g tube",
    "WOW ppu": "$3.44 / 100G"
  },
  {
    "Brand_Product_Size": "Macro Linseed & Sunflower Low Carb Loaf 500g",
    "WOW Price": 5,
    "WOW Size": "500g",
    "WOW ppu": "$1.00 / 100G"
  },
  {
    "Brand_Product_Size": "Siggi's Skyr Yoghurt Pouch Blueberry 150g",
    "WOW Price": 2,
    "WOW Size": "150g",
    "WOW ppu": "$1.33 / 100G"
  },
  {
    "Brand_Product_Size": "Jack Hammer Removable Hooks Medium Utility 6 pack",
    "WOW Price": 12,
    "WOW Size": "6 pack",
    "WOW ppu": "$2.00 / 1EA"
  },
  {
    "Brand_Product_Size": "White Wings Vanilla Cake Mix 510g",
    "WOW Price": 3,
    "WOW Size": "510g",
    "WOW ppu": "$0.59 / 100G"
  },
  {
    "Brand_Product_Size": "Plantitude Chicken Free Crumbed Schnitzels 300g",
    "WOW Price": 7,
    "WOW Size": "300g",
    "WOW ppu": "$23.33 / 1KG"
  },
  {
    "Brand_Product_Size": "Mother's Day Colouring In Photoframe each",
    "WOW Price": 4,
    "WOW Size": "each",
    "WOW ppu": ""
  },
  {
    "Brand_Product_Size": "Woolworths Crown Mints 225g",
    "WOW Price": 2,
    "WOW Size": "225g",
    "WOW ppu": "$0.89 / 100G"
  },
  {
    "Brand_Product_Size": "Ceres Organics Seaweed Snack Mild Chilli 5g",
    "WOW Price": 1.8,
    "WOW Size": "5g",
    "WOW ppu": "$36.00 / 100G"
  },
  {
    "Brand_Product_Size": "D'orsogna Tasty Sticks Mild 200g",
    "WOW Price": 5.5,
    "WOW Size": "200g",
    "WOW ppu": "$27.50 / 1KG"
  },
  {
    "Brand_Product_Size": "Sunrice Rice Cakes Sea Salt & Balsamic Vinegar 195g",
    "WOW Price": 2.7,
    "WOW Size": "195g",
    "WOW ppu": "$1.38 / 100G"
  },
  {
    "Brand_Product_Size": "Sunrice Rice Cakes Sea Salt & Balsamic Vinegar 195g",
    "WOW Price": 2.7,
    "WOW Size": "195g",
    "WOW ppu": "$1.38 / 100G"
  },
  {
    "Brand_Product_Size": "Dentalife Adult Large Breed Dog Dental Treats 7 pack",
    "WOW Price": 5.5,
    "WOW Size": "7 pack",
    "WOW ppu": "$2.49 / 100G"
  },
  {
    "Brand_Product_Size": "So Delicious Nutmilk Dark Choc With Cacao Nibs 150g",
    "WOW Price": 1.75,
    "WOW Size": "150g",
    "WOW ppu": "$1.17 / 100G"
  },
  {
    "Brand_Product_Size": "Mccain Pizza Cheese & Bacon 500g",
    "WOW Price": 7,
    "WOW Size": "500g",
    "WOW ppu": "$1.40 / 100G"
  },
  {
    "Brand_Product_Size": "Gluten Free Bakehouse Chunky Beef Pie 2 pack",
    "WOW Price": 8,
    "WOW Size": "2 pack",
    "WOW ppu": "$2.35 / 100G"
  },
  {
    "Brand_Product_Size": "Listerine Pocketpaks Freshburst Oral Strips 3 x24 pack",
    "WOW Price": 6.5,
    "WOW Size": "3 x24 pack",
    "WOW ppu": "$0.09 / 1EA"
  },
  {
    "Brand_Product_Size": "John West Tuna Beans Capsicum Corn & Chilli 185g",
    "WOW Price": 4,
    "WOW Size": "185g",
    "WOW ppu": "$21.62 / 1KG"
  },
  {
    "Brand_Product_Size": "Energizer Button Batteries A76 2 pack",
    "WOW Price": 5,
    "WOW Size": "2 pack",
    "WOW ppu": "$2.50 / 1EA"
  },
  {
    "Brand_Product_Size": "Pepsi Cans 10x375mL",
    "WOW Price": 12.4,
    "WOW Size": "10x375mL",
    "WOW ppu": "$3.31 / 1L"
  },
  {
    "Brand_Product_Size": "Aveeno Active Natural Skin Relief Moisturising Lotion 354mL",
    "WOW Price": 13,
    "WOW Size": "354mL",
    "WOW ppu": "$3.67 / 100ML"
  },
  {
    "Brand_Product_Size": "Revlon Ultra Hd Vinyl Lip Polish Act Natural 5.9mL",
    "WOW Price": 12.5,
    "WOW Size": "5.9mL",
    "WOW ppu": "$21.19 / 10ML"
  },
  {
    "Brand_Product_Size": "Woolworths Tasty Shredded Cheese 500g",
    "WOW Price": 6,
    "WOW Size": "500g",
    "WOW ppu": "$12.00 / 1KG"
  },
  {
    "Brand_Product_Size": "White Seedless Grapes each",
    "WOW Price": 4.28,
    "WOW Size": "each",
    "WOW ppu": "$4.28 / 1EA"
  },
  {
    "Brand_Product_Size": "White Seedless Grapes each",
    "WOW Price": 4.28,
    "WOW Size": "each",
    "WOW ppu": "$4.28 / 1EA"
  },
  {
    "Brand_Product_Size": "Neutrogena Oil Free Eye Make-up Remover 200mL",
    "WOW Price": 18,
    "WOW Size": "200mL",
    "WOW ppu": "$9.00 / 100ML"
  },
  {
    "Brand_Product_Size": "Mission Multigrain Tortillas 8 pack",
    "WOW Price": 3.8,
    "WOW Size": "8 pack",
    "WOW ppu": "$0.99 / 100G"
  },
  {
    "Brand_Product_Size": "Nivea Firming Body Lotion Moisturiser + Q10 & Vitamin C 400mL",
    "WOW Price": 10.39,
    "WOW Size": "400mL",
    "WOW ppu": "$2.60 / 100ML"
  },
  {
    "Brand_Product_Size": "Bhuja Ancient Grains Mix 140g",
    "WOW Price": 4,
    "WOW Size": "140g",
    "WOW ppu": "$2.86 / 100G"
  },
  {
    "Brand_Product_Size": "New Beginnings Disposable Bamboo Nursing Pads 60 pack",
    "WOW Price": 8,
    "WOW Size": "60 pack",
    "WOW ppu": "$13.33 / 100EA"
  },
  {
    "Brand_Product_Size": "Merlino Confectionery Apple Toffee each",
    "WOW Price": 2,
    "WOW Size": "each",
    "WOW ppu": "$2.00 / 1EA"
  },
  {
    "Brand_Product_Size": "Schweppes Lemonade Cans 6 x200mL",
    "WOW Price": 6.2,
    "WOW Size": "6 x200mL",
    "WOW ppu": "$5.17 / 1L"
  },
  {
    "Brand_Product_Size": "Woolworths Cook Boneless Butterflied Chicken Greek Style 900g - 1.35kg",
    "WOW Price": 18.9,
    "WOW Size": "900g - 1.35kg",
    "WOW ppu": "$14.00 / 1KG"
  },
  {
    "Brand_Product_Size": "Dine Wet Cat Food Cuts In Gravy With Lamb Tray 85g",
    "WOW Price": 0.8,
    "WOW Size": "85g",
    "WOW ppu": "$0.94 / 100G"
  },
  {
    "Brand_Product_Size": "Winn Cherries Red Glace 200g",
    "WOW Price": 4.5,
    "WOW Size": "200g",
    "WOW ppu": "$22.50 / 1KG"
  },
  {
    "Brand_Product_Size": "Cheetos Cheese & Bacon Balls - Snacks 90g",
    "WOW Price": 2,
    "WOW Size": "90g",
    "WOW ppu": "$2.22 / 100G"
  },
  {
    "Brand_Product_Size": "Mint Stamped Pattern Small Bowl each",
    "WOW Price": 3,
    "WOW Size": "each",
    "WOW ppu": ""
  },
  {
    "Brand_Product_Size": "Nerada Loose Leaf Tea 250g",
    "WOW Price": 3,
    "WOW Size": "250g",
    "WOW ppu": "$1.20 / 100G"
  },
  {
    "Brand_Product_Size": "Nerada Loose Leaf Tea 250g",
    "WOW Price": 3,
    "WOW Size": "250g",
    "WOW ppu": "$1.20 / 100G"
  },
  {
    "Brand_Product_Size": "Palmolive Naturals Body Wash Mild & Sensitive Shower Gel 1L",
    "WOW Price": 8.5,
    "WOW Size": "1L",
    "WOW ppu": "$0.85 / 100ML"
  },
  {
    "Brand_Product_Size": "Mildura Tropical Fruit Drink 3L",
    "WOW Price": 4.95,
    "WOW Size": "3L",
    "WOW ppu": "$1.65 / 1L"
  },
  {
    "Brand_Product_Size": "Woolworths Barbecue Sauce 2L",
    "WOW Price": 4,
    "WOW Size": "2L",
    "WOW ppu": "$0.20 / 100ML"
  },
  {
    "Brand_Product_Size": "Palmolive Antibacterial Liquid Hand Wash Soap Odour Neutralising 250mL",
    "WOW Price": 2.79,
    "WOW Size": "250mL",
    "WOW ppu": "$1.12 / 100ML"
  },
  {
    "Brand_Product_Size": "Frank's Hot Sauce Original 148mL",
    "WOW Price": 3,
    "WOW Size": "148mL",
    "WOW ppu": "$2.03 / 100ML"
  },
  {
    "Brand_Product_Size": "Cheetos Rock Paw Scissors - Party Bag 130g",
    "WOW Price": 3,
    "WOW Size": "130g",
    "WOW ppu": "$2.31 / 100G"
  },
  {
    "Brand_Product_Size": "Praise Dressings Greek 330mL",
    "WOW Price": 3,
    "WOW Size": "330mL",
    "WOW ppu": "$0.91 / 100ML"
  },
  {
    "Brand_Product_Size": "Air Wick Botanica Electric Diffuser Pomegranate Italian Bergamot each",
    "WOW Price": 12.5,
    "WOW Size": "each",
    "WOW ppu": "$6.58 / 10ML"
  },
  {
    "Brand_Product_Size": "Napro Palette 1-1 Blue Black each",
    "WOW Price": 7.95,
    "WOW Size": "each",
    "WOW ppu": "$7.95 / 1EA"
  },
  {
    "Brand_Product_Size": "Decor Thermoglass Baking Dish Realseal 1L",
    "WOW Price": 14,
    "WOW Size": "1L",
    "WOW ppu": ""
  },
  {
    "Brand_Product_Size": "Nivea Naturally Good Regenerating Night Cream 50mL",
    "WOW Price": 7.7,
    "WOW Size": "50mL",
    "WOW ppu": "$15.40 / 100ML"
  },
  {
    "Brand_Product_Size": "Frey Milk Muesli Clouds 150g",
    "WOW Price": 5,
    "WOW Size": "150g",
    "WOW ppu": "$3.33 / 100G"
  },
  {
    "Brand_Product_Size": "Maui Moisture Nourish & Moisture Coconut Milk Conditioner 385mL",
    "WOW Price": 22,
    "WOW Size": "385mL",
    "WOW ppu": "$5.71 / 100ML"
  },
  {
    "Brand_Product_Size": "Abbott's Village Bakery Gluten Free Soy & Linseed 500g",
    "WOW Price": 7,
    "WOW Size": "500g",
    "WOW ppu": "$1.40 / 100G"
  },
  {
    "Brand_Product_Size": "Eveready Torch Brilliant Beam Flashlight 2x D Type each",
    "WOW Price": 10,
    "WOW Size": "each",
    "WOW ppu": ""
  },
  {
    "Brand_Product_Size": "Omo Sensitive Laundry Washing Powder Front & Top Loader 1kg",
    "WOW Price": 10,
    "WOW Size": "1kg",
    "WOW ppu": "$10.00 / 1KG"
  },
  {
    "Brand_Product_Size": "Moira Mac's Shredded Chicken 300g",
    "WOW Price": 6,
    "WOW Size": "300g",
    "WOW ppu": "$20.00 / 1KG"
  },
  {
    "Brand_Product_Size": "Brioche Gourmet Brioche Bagels 4 pack",
    "WOW Price": 5.7,
    "WOW Size": "4 pack",
    "WOW ppu": "$1.90 / 100G"
  },
  {
    "Brand_Product_Size": "Woolworths Chicken Sausage 600g",
    "WOW Price": 6,
    "WOW Size": "600g",
    "WOW ppu": "$10.00 / 1KG"
  },
  {
    "Brand_Product_Size": "Mccain Honey Stir Fry Chicken Stir Fry Healthy Choice 330g",
    "WOW Price": 4,
    "WOW Size": "330g",
    "WOW ppu": "$1.21 / 100G"
  },
  {
    "Brand_Product_Size": "Rimmel Lasting Matte Foundation True Ivory 30mL",
    "WOW Price": 9,
    "WOW Size": "30mL",
    "WOW ppu": "$3.00 / 10ML"
  },
  {
    "Brand_Product_Size": "Inside Out Barista Oat Unsweetened Uht Milk 1L",
    "WOW Price": 4,
    "WOW Size": "1L",
    "WOW ppu": "$4.00 / 1L"
  },
  {
    "Brand_Product_Size": "Inside Out Barista Oat Unsweetened Uht Milk 1L",
    "WOW Price": 4,
    "WOW Size": "1L",
    "WOW ppu": "$4.00 / 1L"
  },
  {
    "Brand_Product_Size": "French Fries Original Chips 175g",
    "WOW Price": 3.5,
    "WOW Size": "175g",
    "WOW ppu": "$2.00 / 100G"
  },
  {
    "Brand_Product_Size": "Red Bull Energy Drink 473mL x4 pack",
    "WOW Price": 16.3,
    "WOW Size": "473mL x4 pack",
    "WOW ppu": "$8.62 / 1L"
  },
  {
    "Brand_Product_Size": "Underworks Ladies Marshmallow Slip On each",
    "WOW Price": 6,
    "WOW Size": "each",
    "WOW ppu": ""
  },
  {
    "Brand_Product_Size": "Fanta Orange Bottle 1.25L",
    "WOW Price": 1.95,
    "WOW Size": "1.25L",
    "WOW ppu": "$1.56 / 1L"
  },
  {
    "Brand_Product_Size": "Nivea Sunscreen Moisturiser Lotion Spf50+ & Vitamin E 400mL",
    "WOW Price": 21,
    "WOW Size": "400mL",
    "WOW ppu": "$5.25 / 100ML"
  },
  {
    "Brand_Product_Size": "Masterfoods Mild English Mustard 175g",
    "WOW Price": 2.5,
    "WOW Size": "175g",
    "WOW ppu": "$1.43 / 100G"
  },
  {
    "Brand_Product_Size": "Forbidden Foods Brekky Black Rice & Coconut 125g",
    "WOW Price": 3,
    "WOW Size": "125g",
    "WOW ppu": "$2.40 / 100G"
  },
  {
    "Brand_Product_Size": "Revlon Kiss Lip Balm Fresh Strawberry 2.6g",
    "WOW Price": 4,
    "WOW Size": "2.6g",
    "WOW ppu": "$15.38 / 10G"
  },
  {
    "Brand_Product_Size": "Nestle Mini Smarties Bits 150g",
    "WOW Price": 4,
    "WOW Size": "150g",
    "WOW ppu": "$2.67 / 100G"
  },
  {
    "Brand_Product_Size": "Maybelline Fit Me Matte & Poreless Foundation- Natural Ivory 112 30mL",
    "WOW Price": 11,
    "WOW Size": "30mL",
    "WOW ppu": "$3.67 / 10ML"
  },
  {
    "Brand_Product_Size": "Golden Circle Puree Strawberry Squeeze 120g",
    "WOW Price": 1.5,
    "WOW Size": "120g",
    "WOW ppu": "$12.50 / 1KG"
  },
  {
    "Brand_Product_Size": "Golden Circle Puree Strawberry Squeeze 120g",
    "WOW Price": 1.5,
    "WOW Size": "120g",
    "WOW ppu": "$12.50 / 1KG"
  },
  {
    "Brand_Product_Size": "Essentials Tealights Candles 100 pack",
    "WOW Price": 10,
    "WOW Size": "100 pack",
    "WOW ppu": "$10.00 / 100EA"
  },
  {
    "Brand_Product_Size": "Dencorub Heat Patch Pain Relief 3 pack",
    "WOW Price": 7,
    "WOW Size": "3 pack",
    "WOW ppu": "$2.33 / 1EA"
  },
  {
    "Brand_Product_Size": "Cadbury Starbar 49g",
    "WOW Price": 1.8,
    "WOW Size": "49g",
    "WOW ppu": "$3.67 / 100G"
  },
  {
    "Brand_Product_Size": "Redwin Anti-perspirant Deodorant Aerosol Aluminium Free Sport 150mL",
    "WOW Price": 5,
    "WOW Size": "150mL",
    "WOW ppu": "$3.33 / 100ML"
  },
  {
    "Brand_Product_Size": "Deeko Dinner Plates Plastic 20 pack",
    "WOW Price": 5,
    "WOW Size": "20 pack",
    "WOW ppu": "$0.25 / 1EA"
  },
  {
    "Brand_Product_Size": "Sanitarium Up&go No Added Sugar Liquid Breakfast Vanilla Ice 12 pack",
    "WOW Price": 14,
    "WOW Size": "12 pack",
    "WOW ppu": "$4.67 / 1L"
  },
  {
    "Brand_Product_Size": "Sistema Bento Box To Go each",
    "WOW Price": 15,
    "WOW Size": "each",
    "WOW ppu": ""
  },
  {
    "Brand_Product_Size": "Sistema Bento Box To Go each",
    "WOW Price": 15,
    "WOW Size": "each",
    "WOW ppu": ""
  },
  {
    "Brand_Product_Size": "Carman's Almond, Hazelnut Vanilla Nut Bars 5 pack",
    "WOW Price": 6,
    "WOW Size": "5 pack",
    "WOW ppu": "$3.43 / 100G"
  },
  {
    "Brand_Product_Size": "Carman's Almond, Hazelnut Vanilla Nut Bars 5 pack",
    "WOW Price": 6,
    "WOW Size": "5 pack",
    "WOW ppu": "$3.43 / 100G"
  },
  {
    "Brand_Product_Size": "Sara Lee Blueberry Danish 400g",
    "WOW Price": 6.25,
    "WOW Size": "400g",
    "WOW ppu": "$1.56 / 100G"
  },
  {
    "Brand_Product_Size": "Equal Sweetener Sachets 50 pack",
    "WOW Price": 2.95,
    "WOW Size": "50 pack",
    "WOW ppu": "$5.90 / 100EA"
  },
  {
    "Brand_Product_Size": "Annalisa Tomatoes Cherry In Tomato Juice 400g",
    "WOW Price": 1.5,
    "WOW Size": "400g",
    "WOW ppu": "$3.75 / 1KG"
  },
  {
    "Brand_Product_Size": "Keep It Cleaner Plant Based Protein Powder Chocolate Flavour 375g",
    "WOW Price": 30,
    "WOW Size": "375g",
    "WOW ppu": "$8.00 / 100G"
  },
  {
    "Brand_Product_Size": "Woolworths Combs Multi Pack 4 pack",
    "WOW Price": 3.8,
    "WOW Size": "4 pack",
    "WOW ppu": ""
  },
  {
    "Brand_Product_Size": "Golden Circle Pineapple Juice 2L",
    "WOW Price": 3.8,
    "WOW Size": "2L",
    "WOW ppu": "$1.90 / 1L"
  },
  {
    "Brand_Product_Size": "Woolworths Extra Tasty Cheese & Crackers 120g",
    "WOW Price": 4,
    "WOW Size": "120g",
    "WOW ppu": "$33.33 / 1KG"
  },
  {
    "Brand_Product_Size": "Diet Rite Crisp Apple 1.25L",
    "WOW Price": 1.15,
    "WOW Size": "1.25L",
    "WOW ppu": "$0.92 / 1L"
  },
  {
    "Brand_Product_Size": "Don Shredded Ham per kg",
    "WOW Price": 17,
    "WOW Size": "per kg",
    "WOW ppu": "$17.00 / 1KG"
  },
  {
    "Brand_Product_Size": "Woolworths Moisture Infused Pork Chops 1.2kg",
    "WOW Price": 18,
    "WOW Size": "1.2kg",
    "WOW ppu": "$15.00 / 1KG"
  },
  {
    "Brand_Product_Size": "Mcobeauty Rose Lip Balm 15g",
    "WOW Price": 5,
    "WOW Size": "15g",
    "WOW ppu": "$3.33 / 10G"
  },
  {
    "Brand_Product_Size": "Ob Finest Gluten Free Original Wafer 100g",
    "WOW Price": 3,
    "WOW Size": "100g",
    "WOW ppu": "$3.00 / 100G"
  },
  {
    "Brand_Product_Size": "Mae Ploy Sauce Sweet Chilli 280mL",
    "WOW Price": 2.9,
    "WOW Size": "280mL",
    "WOW ppu": "$1.04 / 100ML"
  },
  {
    "Brand_Product_Size": "Woolworths Beef Liquid Stock 1L",
    "WOW Price": 1.9,
    "WOW Size": "1L",
    "WOW ppu": "$0.19 / 100ML"
  },
  {
    "Brand_Product_Size": "Voost Effervescent Multivitamin 40 pack",
    "WOW Price": 13,
    "WOW Size": "40 pack",
    "WOW ppu": "$32.50 / 100EA"
  },
  {
    "Brand_Product_Size": "Trill Cockatiel Mix 1.8kg",
    "WOW Price": 6,
    "WOW Size": "1.8kg",
    "WOW ppu": "$0.33 / 100G"
  },
  {
    "Brand_Product_Size": "Antoniou Fillo Pastry 375g",
    "WOW Price": 4,
    "WOW Size": "375g",
    "WOW ppu": "$1.07 / 100G"
  },
  {
    "Brand_Product_Size": "Essentials Petroleum Jelly 200g",
    "WOW Price": 2.75,
    "WOW Size": "200g",
    "WOW ppu": "$1.38 / 100G"
  },
  {
    "Brand_Product_Size": "Nescafe Blend 43 Instant Coffee Jar 50g",
    "WOW Price": 5,
    "WOW Size": "50g",
    "WOW ppu": "$10.00 / 100G"
  },
  {
    "Brand_Product_Size": "Nescafe Blend 43 Instant Coffee Jar 50g",
    "WOW Price": 5,
    "WOW Size": "50g",
    "WOW ppu": "$10.00 / 100G"
  },
  {
    "Brand_Product_Size": "Swisse Ultiboost Calm + De-stress Film Coated Tablets 60 pack",
    "WOW Price": 30,
    "WOW Size": "60 pack",
    "WOW ppu": "$50.00 / 100EA"
  },
  {
    "Brand_Product_Size": "Nestle Carnation Creamy Evaporated Milk 340mL",
    "WOW Price": 2.5,
    "WOW Size": "340mL",
    "WOW ppu": "$7.35 / 1L"
  },
  {
    "Brand_Product_Size": "Nestle Carnation Creamy Evaporated Milk 340mL",
    "WOW Price": 2.5,
    "WOW Size": "340mL",
    "WOW ppu": "$7.35 / 1L"
  },
  {
    "Brand_Product_Size": "Nestle Carnation Creamy Evaporated Milk 340mL",
    "WOW Price": 2.5,
    "WOW Size": "340mL",
    "WOW ppu": "$7.35 / 1L"
  },
  {
    "Brand_Product_Size": "Clearly Premium Smoked Ocean Trout 500g",
    "WOW Price": 20,
    "WOW Size": "500g",
    "WOW ppu": "$40.00 / 1KG"
  },
  {
    "Brand_Product_Size": "Peters Maxibon Ice Cream Caramel Rough Nut 4 pack",
    "WOW Price": 5,
    "WOW Size": "4 pack",
    "WOW ppu": "$0.81 / 100ML"
  },
  {
    "Brand_Product_Size": "Queen Garnet Fruit Nectar Plum 250mL",
    "WOW Price": 5,
    "WOW Size": "250mL",
    "WOW ppu": "$20.00 / 1L"
  },
  {
    "Brand_Product_Size": "Sam's Pantry Nutty Caramel Toasted Muesli 750g",
    "WOW Price": 5,
    "WOW Size": "750g",
    "WOW ppu": "$0.67 / 100G"
  },
  {
    "Brand_Product_Size": "Little Wishes Formula Dispenser each",
    "WOW Price": 2,
    "WOW Size": "each",
    "WOW ppu": "$2.00 / 1EA"
  },
  {
    "Brand_Product_Size": "Danone Yopro Pouch Blueberry Yoghurt 150g",
    "WOW Price": 2.4,
    "WOW Size": "150g",
    "WOW ppu": "$1.60 / 100G"
  },
  {
    "Brand_Product_Size": "Energizer Usb-c Steel Cable 1.2 Metre each",
    "WOW Price": 30,
    "WOW Size": "each",
    "WOW ppu": ""
  },
  {
    "Brand_Product_Size": "Kiwi Fruit Green each",
    "WOW Price": 0.71,
    "WOW Size": "each",
    "WOW ppu": "$0.71 / 1EA"
  },
  {
    "Brand_Product_Size": "Kiwi Fruit Green each",
    "WOW Price": 0.71,
    "WOW Size": "each",
    "WOW ppu": "$0.71 / 1EA"
  },
  {
    "Brand_Product_Size": "Telstra Essential Smart 2 4gx Black each",
    "WOW Price": 69,
    "WOW Size": "each",
    "WOW ppu": ""
  },
  {
    "Brand_Product_Size": "Little Trees Fiber Can Air Freshener Black Ice 30g",
    "WOW Price": 6,
    "WOW Size": "30g",
    "WOW ppu": "$0.20 / 1EA"
  },
  {
    "Brand_Product_Size": "Cadbury Caramilk Block 315g",
    "WOW Price": 6,
    "WOW Size": "315g",
    "WOW ppu": "$1.90 / 100G"
  },
  {
    "Brand_Product_Size": "Moccona Mixes Strong Cappuccino 10 pack",
    "WOW Price": 4.5,
    "WOW Size": "10 pack",
    "WOW ppu": "$0.45 / 1EA"
  },
  {
    "Brand_Product_Size": "Moccona Mixes Strong Cappuccino 10 pack",
    "WOW Price": 4.5,
    "WOW Size": "10 pack",
    "WOW ppu": "$0.45 / 1EA"
  },
  {
    "Brand_Product_Size": "Elastoplast Adjustable Wrist Support Band each",
    "WOW Price": 15,
    "WOW Size": "each",
    "WOW ppu": "$15.00 / 1EA"
  },
  {
    "Brand_Product_Size": "Elastoplast Wound Spray 100mL",
    "WOW Price": 7,
    "WOW Size": "100mL",
    "WOW ppu": "$7.00 / 100ML"
  },
  {
    "Brand_Product_Size": "Coca-cola Vanilla Soft Drink Multipack Cans 375mL x10 pack",
    "WOW Price": 7.9,
    "WOW Size": "375mL x10 pack",
    "WOW ppu": "$2.11 / 1L"
  },
  {
    "Brand_Product_Size": "L'oreal Paris Casting Creme Gloss 300 Darkest Brown each",
    "WOW Price": 16,
    "WOW Size": "each",
    "WOW ppu": ""
  },
  {
    "Brand_Product_Size": "Macro Organic Herb Coriander Bunch each",
    "WOW Price": 4.5,
    "WOW Size": "each",
    "WOW ppu": ""
  },
  {
    "Brand_Product_Size": "Papermate Inkjoy Pen 100 Black 10 pack",
    "WOW Price": 3.75,
    "WOW Size": "10 pack",
    "WOW ppu": ""
  },
  {
    "Brand_Product_Size": "Bellamy's Organic Milk Rusks 100g",
    "WOW Price": 4.15,
    "WOW Size": "100g",
    "WOW ppu": "$4.15 / 100G"
  },
  {
    "Brand_Product_Size": "Edgell Corn Kernels No Added Salt 420g",
    "WOW Price": 1.5,
    "WOW Size": "420g",
    "WOW ppu": "$3.57 / 1KG"
  },
  {
    "Brand_Product_Size": "The Bar Counter High Protein Bar Banana Chocolate Chip 40g",
    "WOW Price": 2.5,
    "WOW Size": "40g",
    "WOW ppu": "$6.25 / 100G"
  },
  {
    "Brand_Product_Size": "Primo Ham Honey Shaved 100g",
    "WOW Price": 3.25,
    "WOW Size": "100g",
    "WOW ppu": "$32.50 / 1KG"
  },
  {
    "Brand_Product_Size": "Primo Ham Honey Shaved 100g",
    "WOW Price": 3.25,
    "WOW Size": "100g",
    "WOW ppu": "$32.50 / 1KG"
  },
  {
    "Brand_Product_Size": "Mr Kipling Dragon Slices 6 pack",
    "WOW Price": 4,
    "WOW Size": "6 pack",
    "WOW ppu": "$0.67 / 1EA"
  },
  {
    "Brand_Product_Size": "Le Tan Uber Stay Self Tanning Foam - Green Base 200mL",
    "WOW Price": 18,
    "WOW Size": "200mL",
    "WOW ppu": "$18.00 / 1EA"
  },
  {
    "Brand_Product_Size": "Extra Care Colour Protect & Shine Conditioner 900mL",
    "WOW Price": 14,
    "WOW Size": "900mL",
    "WOW ppu": "$1.56 / 100ML"
  },
  {
    "Brand_Product_Size": "Nature Valley Nut Butter Peanut 152g",
    "WOW Price": 4,
    "WOW Size": "152g",
    "WOW ppu": "$2.63 / 100G"
  },
  {
    "Brand_Product_Size": "Nature Valley Nut Butter Peanut 152g",
    "WOW Price": 4,
    "WOW Size": "152g",
    "WOW ppu": "$2.63 / 100G"
  },
  {
    "Brand_Product_Size": "Underworks Kids Sport Quarter Crew White Assorted 5 pack",
    "WOW Price": 10,
    "WOW Size": "5 pack",
    "WOW ppu": ""
  },
  {
    "Brand_Product_Size": "Frico Mild Goats Cheese Wedge 230g",
    "WOW Price": 13.2,
    "WOW Size": "230g",
    "WOW ppu": "$57.39 / 1KG"
  },
  {
    "Brand_Product_Size": "Frico Mild Goats Cheese Wedge 230g",
    "WOW Price": 13.2,
    "WOW Size": "230g",
    "WOW ppu": "$57.39 / 1KG"
  },
  {
    "Brand_Product_Size": "Ben & Jerry's Ice Cream Cookie Dough 458mL tub",
    "WOW Price": 12,
    "WOW Size": "458mL tub",
    "WOW ppu": "$2.62 / 100ML"
  },
  {
    "Brand_Product_Size": "Betty Crocker Limited Edition Salted Caramel Cookie Mix 400g",
    "WOW Price": 5.2,
    "WOW Size": "400g",
    "WOW ppu": "$1.30 / 100G"
  },
  {
    "Brand_Product_Size": "Palmolive Luminous Oils Coconut Oil & Frangipani Cream Body Bar 3 pack",
    "WOW Price": 4,
    "WOW Size": "3 pack",
    "WOW ppu": "$4.44 / 100G"
  },
  {
    "Brand_Product_Size": "Nestle Cerelac Baby Rice Cereal Stage 1 200g",
    "WOW Price": 4.6,
    "WOW Size": "200g",
    "WOW ppu": "$2.30 / 100G"
  },
  {
    "Brand_Product_Size": "Spc Diced Peaches In Juice 4 pack 480g",
    "WOW Price": 4,
    "WOW Size": "4 pack 480g",
    "WOW ppu": "$8.33 / 1KG"
  },
  {
    "Brand_Product_Size": "Spc Diced Peaches In Juice 4 pack 480g",
    "WOW Price": 4,
    "WOW Size": "4 pack 480g",
    "WOW ppu": "$8.33 / 1KG"
  },
  {
    "Brand_Product_Size": "Woolworths Family Slaw 500g",
    "WOW Price": 4,
    "WOW Size": "500g",
    "WOW ppu": "$8.00 / 1KG"
  },
  {
    "Brand_Product_Size": "Woolworths Family Slaw 500g",
    "WOW Price": 4,
    "WOW Size": "500g",
    "WOW ppu": "$8.00 / 1KG"
  },
  {
    "Brand_Product_Size": "Appy Co Tropical Fruit Drink 200mL x3 pack",
    "WOW Price": 3.3,
    "WOW Size": "200mL x3 pack",
    "WOW ppu": "$5.50 / 1L"
  },
  {
    "Brand_Product_Size": "Paradise Kidz Kids Uglies Snack Pack 10pk 250g",
    "WOW Price": 3.8,
    "WOW Size": "250g",
    "WOW ppu": "$1.52 / 100G"
  },
  {
    "Brand_Product_Size": "Paradise Kidz Kids Uglies Snack Pack 10pk 250g",
    "WOW Price": 3.8,
    "WOW Size": "250g",
    "WOW ppu": "$1.52 / 100G"
  },
  {
    "Brand_Product_Size": "Rimmel Lip Colour Kiss Me You Fool 7mL",
    "WOW Price": 9.5,
    "WOW Size": "7mL",
    "WOW ppu": "$13.57 / 10ML"
  },
  {
    "Brand_Product_Size": "Australia's Own Full Cream Uht Milk 1L",
    "WOW Price": 1.3,
    "WOW Size": "1L",
    "WOW ppu": "$1.30 / 1L"
  },
  {
    "Brand_Product_Size": "Australia's Own Full Cream Uht Milk 1L",
    "WOW Price": 1.3,
    "WOW Size": "1L",
    "WOW ppu": "$1.30 / 1L"
  },
  {
    "Brand_Product_Size": "Korbond Happy Birthday Candle On Picks Glitter 13 pack",
    "WOW Price": 3,
    "WOW Size": "13 pack",
    "WOW ppu": "$0.23 / 1EA"
  },
  {
    "Brand_Product_Size": "Woolworths Ice Cream Cones Vanilla 4 pack",
    "WOW Price": 3.5,
    "WOW Size": "4 pack",
    "WOW ppu": "$0.74 / 100ML"
  },
  {
    "Brand_Product_Size": "Mayver's Smooth Peanut Butter 375g",
    "WOW Price": 4,
    "WOW Size": "375g",
    "WOW ppu": "$1.07 / 100G"
  },
  {
    "Brand_Product_Size": "Mayver's Smooth Peanut Butter 375g",
    "WOW Price": 4,
    "WOW Size": "375g",
    "WOW ppu": "$1.07 / 100G"
  },
  {
    "Brand_Product_Size": "Old Town Coffee 3 In 1 Classic 570g",
    "WOW Price": 7,
    "WOW Size": "570g",
    "WOW ppu": "$1.23 / 100G"
  },
  {
    "Brand_Product_Size": "Super Nature Super Pulses Chinese Chia Chicken 300g",
    "WOW Price": 4,
    "WOW Size": "300g",
    "WOW ppu": "$1.33 / 100G"
  },
  {
    "Brand_Product_Size": "Hercules Sustain 60% Plant Based Kitchen Tidy Bag Medium 25 pack",
    "WOW Price": 4,
    "WOW Size": "25 pack",
    "WOW ppu": "$0.16 / 1EA"
  },
  {
    "Brand_Product_Size": "Woolworths Caesar Salad Tub 250g",
    "WOW Price": 6,
    "WOW Size": "250g",
    "WOW ppu": "$24.00 / 1KG"
  },
  {
    "Brand_Product_Size": "Woolworths Caesar Salad Tub 250g",
    "WOW Price": 6,
    "WOW Size": "250g",
    "WOW ppu": "$24.00 / 1KG"
  },
  {
    "Brand_Product_Size": "Woolworths Caesar Salad Tub 250g",
    "WOW Price": 6,
    "WOW Size": "250g",
    "WOW ppu": "$24.00 / 1KG"
  },
  {
    "Brand_Product_Size": "Valvoline Oil Motor Xld 20w-50 4L",
    "WOW Price": 19,
    "WOW Size": "4L",
    "WOW ppu": "$0.73 / 100ML"
  },
  {
    "Brand_Product_Size": "Baby Mum Mum Snack Banana Rice Rusk 18 pack",
    "WOW Price": 3,
    "WOW Size": "18 pack",
    "WOW ppu": "$8.33 / 100G"
  },
  {
    "Brand_Product_Size": "Woolworths Homestyle Beef Rissoles 8 pack",
    "WOW Price": 8,
    "WOW Size": "8 pack",
    "WOW ppu": "$13.33 / 1KG"
  },
  {
    "Brand_Product_Size": "Riviana Basmati Rice Pakistan Long Grain 5kg",
    "WOW Price": 19,
    "WOW Size": "5kg",
    "WOW ppu": "$0.38 / 100G"
  },
  {
    "Brand_Product_Size": "Herbert Adams Pies Chunky Slow Cooked Beef & Mush 2 pack",
    "WOW Price": 7.8,
    "WOW Size": "2 pack",
    "WOW ppu": "$1.95 / 100G"
  },
  {
    "Brand_Product_Size": "Essentials Adhesive Super Glue Twin Pack 6mL",
    "WOW Price": 2.5,
    "WOW Size": "6mL",
    "WOW ppu": "$41.67 / 100ML"
  },
  {
    "Brand_Product_Size": "Lindt Excellence Honeycomb Dark Chocolate 100g",
    "WOW Price": 2.7,
    "WOW Size": "100g",
    "WOW ppu": "$2.70 / 100G"
  },
  {
    "Brand_Product_Size": "Latina Fresh Carbonara Spaghetti 350g",
    "WOW Price": 8,
    "WOW Size": "350g",
    "WOW ppu": "$2.29 / 100G"
  },
  {
    "Brand_Product_Size": "Vitasoy Prebiotic Oat Milk 1L",
    "WOW Price": 3.6,
    "WOW Size": "1L",
    "WOW ppu": "$3.60 / 1L"
  },
  {
    "Brand_Product_Size": "Vitasoy Prebiotic Oat Milk 1L",
    "WOW Price": 3.6,
    "WOW Size": "1L",
    "WOW ppu": "$3.60 / 1L"
  },
  {
    "Brand_Product_Size": "Nature's Gift Gourmet Loaf Style Prime Beef In Gravy Wet Dog Food 100g",
    "WOW Price": 1,
    "WOW Size": "100g",
    "WOW ppu": "$1.00 / 100G"
  },
  {
    "Brand_Product_Size": "Ocean Chef South American Flathead Fillets 1kg",
    "WOW Price": 17,
    "WOW Size": "1kg",
    "WOW ppu": "$17.00 / 1KG"
  },
  {
    "Brand_Product_Size": "Ocean Chef South American Flathead Fillets 1kg",
    "WOW Price": 17,
    "WOW Size": "1kg",
    "WOW ppu": "$17.00 / 1KG"
  },
  {
    "Brand_Product_Size": "Woolworths Cherry Bocconcini 220g",
    "WOW Price": 4,
    "WOW Size": "220g",
    "WOW ppu": "$18.18 / 1KG"
  },
  {
    "Brand_Product_Size": "Woolworths Cherry Bocconcini 220g",
    "WOW Price": 4,
    "WOW Size": "220g",
    "WOW ppu": "$18.18 / 1KG"
  },
  {
    "Brand_Product_Size": "Dollar Sweets Unicorn Sprinkles Jar 105g",
    "WOW Price": 4.5,
    "WOW Size": "105g",
    "WOW ppu": "$4.29 / 100G"
  },
  {
    "Brand_Product_Size": "Mattel Minecraft Mini Single each",
    "WOW Price": 5,
    "WOW Size": "each",
    "WOW ppu": ""
  },
  {
    "Brand_Product_Size": "Marzena Natural Facial Wax Strips 20 pack",
    "WOW Price": 5,
    "WOW Size": "20 pack",
    "WOW ppu": "$0.25 / 1EA"
  },
  {
    "Brand_Product_Size": "I&j Fish Fillets Lemon Crumb 550g",
    "WOW Price": 7.5,
    "WOW Size": "550g",
    "WOW ppu": "$13.64 / 1KG"
  },
  {
    "Brand_Product_Size": "Arcosteel 30cm Hard Anodised Saute Pan each",
    "WOW Price": 30,
    "WOW Size": "each",
    "WOW ppu": ""
  },
  {
    "Brand_Product_Size": "Bulla Murray Street Blackberry Swirl & Brownie Pieces 460mL",
    "WOW Price": 5,
    "WOW Size": "460mL",
    "WOW ppu": "$1.09 / 100ML"
  },
  {
    "Brand_Product_Size": "Fancy Feast Adult Tuna, Prawn, Mackerel & Crab Flavour Dry Cat Food 450g",
    "WOW Price": 5.3,
    "WOW Size": "450g",
    "WOW ppu": "$1.18 / 100G"
  },
  {
    "Brand_Product_Size": "Mildura Quencher Apple Watermelon & Strawbs Fruit Juice 2L",
    "WOW Price": 4,
    "WOW Size": "2L",
    "WOW ppu": "$2.00 / 1L"
  },
  {
    "Brand_Product_Size": "Mission Pizza Base Original 2 pack",
    "WOW Price": 5.3,
    "WOW Size": "2 pack",
    "WOW ppu": "$1.33 / 100G"
  },
  {
    "Brand_Product_Size": "One Night In Mexico Tortilla Corn 6 pack",
    "WOW Price": 4,
    "WOW Size": "6 pack",
    "WOW ppu": "$1.48 / 100G"
  },
  {
    "Brand_Product_Size": "Rufus & Coco Seatbelt Attachment each",
    "WOW Price": 15,
    "WOW Size": "each",
    "WOW ppu": "$15.00 / 1EA"
  },
  {
    "Brand_Product_Size": "Inspire Microfibre Bath Mat Steel 48x78cm each",
    "WOW Price": 20,
    "WOW Size": "each",
    "WOW ppu": ""
  },
  {
    "Brand_Product_Size": "Mckenzie's Cream Of Tartar 125g",
    "WOW Price": 3.4,
    "WOW Size": "125g",
    "WOW ppu": "$2.72 / 100G"
  },
  {
    "Brand_Product_Size": "Oscar Orsen Grooming Set each",
    "WOW Price": 5.5,
    "WOW Size": "each",
    "WOW ppu": ""
  },
  {
    "Brand_Product_Size": "Philips Led 10.5w 1055 Lumen Warm Bc each",
    "WOW Price": 8,
    "WOW Size": "each",
    "WOW ppu": ""
  },
  {
    "Brand_Product_Size": "Macro Red Grapes Organic 500g",
    "WOW Price": 5.9,
    "WOW Size": "500g",
    "WOW ppu": "$11.80 / 1KG"
  },
  {
    "Brand_Product_Size": "Blackmores Bio C Chewable 500 125 pack",
    "WOW Price": 16,
    "WOW Size": "125 pack",
    "WOW ppu": "$12.80 / 100EA"
  },
  {
    "Brand_Product_Size": "Woolworths Cook Chicken Kebab Sweet Chilli Lime 375g",
    "WOW Price": 6,
    "WOW Size": "375g",
    "WOW ppu": "$16.00 / 1KG"
  },
  {
    "Brand_Product_Size": "Air Wick Pure Freshmatic Refill Cherry Blossom 157g",
    "WOW Price": 8,
    "WOW Size": "157g",
    "WOW ppu": "$5.10 / 100G"
  },
  {
    "Brand_Product_Size": "The Odd Bunch Pear Prepacked 1kg",
    "WOW Price": 2,
    "WOW Size": "1kg",
    "WOW ppu": "$2.00 / 1KG"
  },
  {
    "Brand_Product_Size": "The Odd Bunch Pear Prepacked 1kg",
    "WOW Price": 2,
    "WOW Size": "1kg",
    "WOW ppu": "$2.00 / 1KG"
  },
  {
    "Brand_Product_Size": "Nutella Hazelnut Spread 220g",
    "WOW Price": 3.9,
    "WOW Size": "220g",
    "WOW ppu": "$1.77 / 100G"
  },
  {
    "Brand_Product_Size": "Nutella Hazelnut Spread 220g",
    "WOW Price": 3.9,
    "WOW Size": "220g",
    "WOW ppu": "$1.77 / 100G"
  },
  {
    "Brand_Product_Size": "Mcobeauty Full Lash Mascara Waterproof 15mL",
    "WOW Price": 9,
    "WOW Size": "15mL",
    "WOW ppu": "$6.00 / 10ML"
  },
  {
    "Brand_Product_Size": "Woolworths Dried Mango Slices 130g",
    "WOW Price": 4,
    "WOW Size": "130g",
    "WOW ppu": "$30.77 / 1KG"
  },
  {
    "Brand_Product_Size": "Holbrooks Sauce Worcestershire 500mL",
    "WOW Price": 5.5,
    "WOW Size": "500mL",
    "WOW ppu": "$1.10 / 100ML"
  },
  {
    "Brand_Product_Size": "Sugo Tu Classic Pizza & Pasta Sauce 300g",
    "WOW Price": 1.75,
    "WOW Size": "300g",
    "WOW ppu": "$0.58 / 100G"
  },
  {
    "Brand_Product_Size": "Radiant Eco-box Whites Or Colours Laundry Liquid 4L",
    "WOW Price": 16,
    "WOW Size": "4L",
    "WOW ppu": "$4.00 / 1L"
  },
  {
    "Brand_Product_Size": "Longan Fresh per kg",
    "WOW Price": 19.88,
    "WOW Size": "per kg",
    "WOW ppu": "$19.88 / 1KG"
  },
  {
    "Brand_Product_Size": "Harpic Fresh Power Toilet Cleaner Marine Splash 700mL",
    "WOW Price": 2.5,
    "WOW Size": "700mL",
    "WOW ppu": "$0.36 / 100ML"
  },
  {
    "Brand_Product_Size": "Oak Strawberry Flavoured Milk 600mL",
    "WOW Price": 3.1,
    "WOW Size": "600mL",
    "WOW ppu": "$5.17 / 1L"
  },
  {
    "Brand_Product_Size": "Sunrice Microwave Long Grain White Rice Family 450g",
    "WOW Price": 3.5,
    "WOW Size": "450g",
    "WOW ppu": "$0.78 / 100G"
  },
  {
    "Brand_Product_Size": "Mint Non-stick Coating Baking Tray 37.5cm each",
    "WOW Price": 6.4,
    "WOW Size": "each",
    "WOW ppu": ""
  },
  {
    "Brand_Product_Size": "Whiskas 1+ Years Wet Cat Food Chicken In Jelly Pouch 85g x12 pack",
    "WOW Price": 8,
    "WOW Size": "85g x12 pack",
    "WOW ppu": "$0.78 / 100G"
  },
  {
    "Brand_Product_Size": "White King Power Clean Toilet Cleaner Bleach Gel Eucalyptus 700mL",
    "WOW Price": 4.6,
    "WOW Size": "700mL",
    "WOW ppu": "$0.66 / 100ML"
  },
  {
    "Brand_Product_Size": "Dole Pineapple Premium Tropical Chunks 432g",
    "WOW Price": 1.8,
    "WOW Size": "432g",
    "WOW ppu": "$4.17 / 1KG"
  },
  {
    "Brand_Product_Size": "Vitasoy Calci Plus Soy Milk 1L",
    "WOW Price": 3,
    "WOW Size": "1L",
    "WOW ppu": "$3.00 / 1L"
  },
  {
    "Brand_Product_Size": "Vitasoy Calci Plus Soy Milk 1L",
    "WOW Price": 3,
    "WOW Size": "1L",
    "WOW ppu": "$3.00 / 1L"
  },
  {
    "Brand_Product_Size": "Snowdonia Red Storm Red Leicester per kg",
    "WOW Price": 63,
    "WOW Size": "per kg",
    "WOW ppu": "$63.00 / 1KG"
  },
  {
    "Brand_Product_Size": "Well Naturally No Sugar Added Fruit & Nut Bar 45g",
    "WOW Price": 2.85,
    "WOW Size": "45g",
    "WOW ppu": "$6.33 / 100G"
  },
  {
    "Brand_Product_Size": "Mentos Pure Fresh Spearmint Gum 30g",
    "WOW Price": 2,
    "WOW Size": "30g",
    "WOW ppu": "$6.67 / 100G"
  },
  {
    "Brand_Product_Size": "Sunrice Jasmine Fragrant Rice 5kg",
    "WOW Price": 16,
    "WOW Size": "5kg",
    "WOW ppu": "$0.32 / 100G"
  },
  {
    "Brand_Product_Size": "Rimmel Scandaleyes Eye Definer Black each",
    "WOW Price": 7,
    "WOW Size": "each",
    "WOW ppu": "$7.00 / 1EA"
  },
  {
    "Brand_Product_Size": "Potato Brushed each",
    "WOW Price": 0.67,
    "WOW Size": "each",
    "WOW ppu": "$0.67 / 1EA"
  },
  {
    "Brand_Product_Size": "Woolworths Mushrooms Shiitake 100g punnet",
    "WOW Price": 5,
    "WOW Size": "100g punnet",
    "WOW ppu": "$50.00 / 1KG"
  },
  {
    "Brand_Product_Size": "Woolworths Thai Green Chicken Curry With Rice 350g",
    "WOW Price": 7.5,
    "WOW Size": "350g",
    "WOW ppu": "$2.14 / 100G"
  },
  {
    "Brand_Product_Size": "Korbond Party Balloons Assorted Colours 25 pack",
    "WOW Price": 3,
    "WOW Size": "25 pack",
    "WOW ppu": "$0.12 / 1EA"
  },
  {
    "Brand_Product_Size": "Korbond Party Novelty Bubbles 6 pack",
    "WOW Price": 4,
    "WOW Size": "6 pack",
    "WOW ppu": "$0.67 / 1EA"
  },
  {
    "Brand_Product_Size": "Woolworths Salted Cashew Pieces 200g",
    "WOW Price": 4.1,
    "WOW Size": "200g",
    "WOW ppu": "$20.50 / 1KG"
  },
  {
    "Brand_Product_Size": "Colourless Hair Colour Remover Max Strength 180mL",
    "WOW Price": 23,
    "WOW Size": "180mL",
    "WOW ppu": "$12.78 / 100ML"
  },
  {
    "Brand_Product_Size": "Dove Shampoo Daily Care 320mL",
    "WOW Price": 4.9,
    "WOW Size": "320mL",
    "WOW ppu": "$1.53 / 100ML"
  },
  {
    "Brand_Product_Size": "Disney Frozen Detangling Sray 200mL",
    "WOW Price": 6,
    "WOW Size": "200mL",
    "WOW ppu": "$3.00 / 100ML"
  },
  {
    "Brand_Product_Size": "Gillette Sensor 3 Comfort Razors Pack each",
    "WOW Price": 16,
    "WOW Size": "each",
    "WOW ppu": "$1.33 / 1EA"
  },
  {
    "Brand_Product_Size": "Mcobeauty Cheek & Lip Tint Tango each",
    "WOW Price": 5,
    "WOW Size": "each",
    "WOW ppu": "$147.06 / 10ML"
  },
  {
    "Brand_Product_Size": "Woolworths Simply Steam Zucchini Spaghetti 250g",
    "WOW Price": 3,
    "WOW Size": "250g",
    "WOW ppu": "$1.20 / 100G"
  },
  {
    "Brand_Product_Size": "The Happy Snack Company Chickpeas Chocolate 5 pack",
    "WOW Price": 5.3,
    "WOW Size": "5 pack",
    "WOW ppu": "$5.30 / 100G"
  },
  {
    "Brand_Product_Size": "Bar Keepers Friend Cleanser & Polish 340g",
    "WOW Price": 8,
    "WOW Size": "340g",
    "WOW ppu": "$2.35 / 100G"
  },
  {
    "Brand_Product_Size": "Woolworths Mango & Passionfruit Cake 185g",
    "WOW Price": 5.5,
    "WOW Size": "185g",
    "WOW ppu": "$2.97 / 100G"
  },
  {
    "Brand_Product_Size": "Eylure Eyelashes Naturalites Lash 140 Intense each",
    "WOW Price": 6.49,
    "WOW Size": "each",
    "WOW ppu": "$6.49 / 1EA"
  },
  {
    "Brand_Product_Size": "Woolworths Fettuccine Carbonara 350g",
    "WOW Price": 7.5,
    "WOW Size": "350g",
    "WOW ppu": "$2.14 / 100G"
  },
  {
    "Brand_Product_Size": "Woolworths Fettuccine Carbonara 350g",
    "WOW Price": 7.5,
    "WOW Size": "350g",
    "WOW ppu": "$2.14 / 100G"
  },
  {
    "Brand_Product_Size": "Strength Meals Co Lemon Pepper Chicken 350g",
    "WOW Price": 9,
    "WOW Size": "350g",
    "WOW ppu": "$2.57 / 100G"
  },
  {
    "Brand_Product_Size": "Gippsland Passionfruit Pavlova Yoghurt 140g",
    "WOW Price": 2.5,
    "WOW Size": "140g",
    "WOW ppu": "$1.79 / 100G"
  },
  {
    "Brand_Product_Size": "La Zuppa Lightly Spiced Lentil & Tomato Soup 500 g",
    "WOW Price": 4.4,
    "WOW Size": "500 g",
    "WOW ppu": "$0.88 / 100G"
  },
  {
    "Brand_Product_Size": "Crayola Jumbo Crayons 8pk 8 pack",
    "WOW Price": 4.2,
    "WOW Size": "8 pack",
    "WOW ppu": ""
  },
  {
    "Brand_Product_Size": "Nerf Max Tuff Balls Dog Toy 2 pack",
    "WOW Price": 7.7,
    "WOW Size": "2 pack",
    "WOW ppu": "$7.70 / 1EA"
  },
  {
    "Brand_Product_Size": "South Cape White Wine Matched Selection 320g",
    "WOW Price": 13,
    "WOW Size": "320g",
    "WOW ppu": "$40.63 / 1KG"
  },
  {
    "Brand_Product_Size": "South Cape White Wine Matched Selection 320g",
    "WOW Price": 13,
    "WOW Size": "320g",
    "WOW ppu": "$40.63 / 1KG"
  },
  {
    "Brand_Product_Size": "Sensodyne Toothpaste Sensitive Teeth Daily Care Extra Fresh 110g",
    "WOW Price": 5.5,
    "WOW Size": "110g",
    "WOW ppu": "$5.00 / 100G"
  },
  {
    "Brand_Product_Size": "Libra Ultra Thins Sanitary Pads Goodnights With Wings 20 pack",
    "WOW Price": 7.7,
    "WOW Size": "20 pack",
    "WOW ppu": "$0.39 / 1EA"
  },
  {
    "Brand_Product_Size": "Schmackos Strapz With Chicken Dog Treats 500g",
    "WOW Price": 12.9,
    "WOW Size": "500g",
    "WOW ppu": "$2.58 / 100G"
  },
  {
    "Brand_Product_Size": "Uncle Tobys Rolled Oats Quick Sachets Fruit Variety 10 pack",
    "WOW Price": 5,
    "WOW Size": "10 pack",
    "WOW ppu": "$1.43 / 100G"
  },
  {
    "Brand_Product_Size": "Gravox Finishing Sauce Hollandaise 165g",
    "WOW Price": 1.75,
    "WOW Size": "165g",
    "WOW ppu": "$1.06 / 100G"
  },
  {
    "Brand_Product_Size": "Della Rosa Stone Baked 3 Cheese Pizza Pack 900g",
    "WOW Price": 6.5,
    "WOW Size": "900g",
    "WOW ppu": "$0.72 / 100G"
  },
  {
    "Brand_Product_Size": "Johnson's Body Care Extra Rich Moisturising Cream Body Wash 1L",
    "WOW Price": 8.5,
    "WOW Size": "1L",
    "WOW ppu": "$0.85 / 100ML"
  },
  {
    "Brand_Product_Size": "Vileda 3 In 1 Heavy Duty Sponge Scourer 3 pack",
    "WOW Price": 5,
    "WOW Size": "3 pack",
    "WOW ppu": "$1.67 / 1EA"
  },
  {
    "Brand_Product_Size": "Pauls Greek Style Yoghurt 2kg",
    "WOW Price": 10,
    "WOW Size": "2kg",
    "WOW ppu": "$0.50 / 100G"
  },
  {
    "Brand_Product_Size": "John Frieda Radiant Red Colour Boosting Conditioner 250mL",
    "WOW Price": 18,
    "WOW Size": "250mL",
    "WOW ppu": "$7.20 / 100ML"
  },
  {
    "Brand_Product_Size": "Baby Bellies Organic Rusks Carrot 4 pack",
    "WOW Price": 1.7,
    "WOW Size": "4 pack",
    "WOW ppu": "$8.50 / 100G"
  },
  {
    "Brand_Product_Size": "Original Juice Black Label Orange & Blood Orange 1.5L",
    "WOW Price": 4.5,
    "WOW Size": "1.5L",
    "WOW ppu": "$3.00 / 1L"
  },
  {
    "Brand_Product_Size": "Farmers Own Full Cream Homogenised 2L",
    "WOW Price": 3.2,
    "WOW Size": "2L",
    "WOW ppu": "$1.60 / 1L"
  },
  {
    "Brand_Product_Size": "La Famiglia Garlic Bread Just For 2 170g",
    "WOW Price": 2.7,
    "WOW Size": "170g",
    "WOW ppu": "$1.59 / 100G"
  },
  {
    "Brand_Product_Size": "Smitten Kitten Selection Wet Cat Food 12 pack",
    "WOW Price": 5.4,
    "WOW Size": "12 pack",
    "WOW ppu": "$0.53 / 100G"
  },
  {
    "Brand_Product_Size": "Essentials Ironing Board Cover each",
    "WOW Price": 10,
    "WOW Size": "each",
    "WOW ppu": "$10.00 / 1EA"
  },
  {
    "Brand_Product_Size": "Evergreen Hard Tofu 300g",
    "WOW Price": 4,
    "WOW Size": "300g",
    "WOW ppu": "$13.33 / 1KG"
  },
  {
    "Brand_Product_Size": "Fresh Granny Smith Apples each",
    "WOW Price": 0.68,
    "WOW Size": "each",
    "WOW ppu": "$0.68 / 1EA"
  },
  {
    "Brand_Product_Size": "Sabco Stainless Steel Toilet Set each",
    "WOW Price": 13,
    "WOW Size": "each",
    "WOW ppu": ""
  },
  {
    "Brand_Product_Size": "Neutrogena Ultra Sheer Face Lotion Spf 50+ Sunscreen 88mL",
    "WOW Price": 12.8,
    "WOW Size": "88mL",
    "WOW ppu": "$14.55 / 100ML"
  },
  {
    "Brand_Product_Size": "Chacheer Sunflower Seeds Spiced 228g",
    "WOW Price": 2.9,
    "WOW Size": "228g",
    "WOW ppu": "$1.27 / 100G"
  },
  {
    "Brand_Product_Size": "Ansell Gloves Heavy Duty Black Xl each",
    "WOW Price": 3.8,
    "WOW Size": "each",
    "WOW ppu": "$3.80 / 1EA"
  },
  {
    "Brand_Product_Size": "Lavazza Espresso Barista Intenso Coffee Beans 1kg",
    "WOW Price": 22,
    "WOW Size": "1kg",
    "WOW ppu": "$2.20 / 100G"
  },
  {
    "Brand_Product_Size": "Lavazza Espresso Barista Intenso Coffee Beans 1kg",
    "WOW Price": 22,
    "WOW Size": "1kg",
    "WOW ppu": "$2.20 / 100G"
  },
  {
    "Brand_Product_Size": "Masterfoods Ground All Spice 30g",
    "WOW Price": 3.4,
    "WOW Size": "30g",
    "WOW ppu": "$1.13 / 10G"
  },
  {
    "Brand_Product_Size": "Ecostore Laundry Liquid Eucalyptus 1L",
    "WOW Price": 10,
    "WOW Size": "1L",
    "WOW ppu": "$10.00 / 1L"
  },
  {
    "Brand_Product_Size": "Woolworths Cashews Roasted & Unsalted 750g",
    "WOW Price": 17,
    "WOW Size": "750g",
    "WOW ppu": "$22.67 / 1KG"
  },
  {
    "Brand_Product_Size": "Fat Blaster Max Tablets 60 pack",
    "WOW Price": 40,
    "WOW Size": "60 pack",
    "WOW ppu": "$66.67 / 100EA"
  },
  {
    "Brand_Product_Size": "My Dog Roast Chicken Flavour, Veges, Cheddar & Bacon Dry Food 1.5kg",
    "WOW Price": 11,
    "WOW Size": "1.5kg",
    "WOW ppu": "$0.73 / 100G"
  },
  {
    "Brand_Product_Size": "Macro Dutch Cream Organic Potato 1kg punnet",
    "WOW Price": 5,
    "WOW Size": "1kg punnet",
    "WOW ppu": "$5.00 / 1KG"
  },
  {
    "Brand_Product_Size": "Woolworths Baby Spinach Salad Bag 60g",
    "WOW Price": 2,
    "WOW Size": "60g",
    "WOW ppu": "$33.33 / 1KG"
  },
  {
    "Brand_Product_Size": "Woolworths Baby Spinach Salad Bag 60g",
    "WOW Price": 2,
    "WOW Size": "60g",
    "WOW ppu": "$33.33 / 1KG"
  },
  {
    "Brand_Product_Size": "Woolworths Baby Spinach Salad Bag 60g",
    "WOW Price": 2,
    "WOW Size": "60g",
    "WOW ppu": "$33.33 / 1KG"
  },
  {
    "Brand_Product_Size": "Bio Cheese Halloumi 200g",
    "WOW Price": 8,
    "WOW Size": "200g",
    "WOW ppu": "$40.00 / 1KG"
  },
  {
    "Brand_Product_Size": "Cadbury Cherry Ripe Double Dipped 47g bar",
    "WOW Price": 1.5,
    "WOW Size": "47g bar",
    "WOW ppu": "$3.19 / 100G"
  },
  {
    "Brand_Product_Size": "Select Choy Sum Asian Greens each",
    "WOW Price": 2.5,
    "WOW Size": "each",
    "WOW ppu": "$2.50 / 1EA"
  },
  {
    "Brand_Product_Size": "Bic Gelocity Original Black 2 pack",
    "WOW Price": 4.5,
    "WOW Size": "2 pack",
    "WOW ppu": ""
  },
  {
    "Brand_Product_Size": "Ki Sore Throat Spray 20mL",
    "WOW Price": 15.3,
    "WOW Size": "20mL",
    "WOW ppu": "$76.50 / 100ML"
  },
  {
    "Brand_Product_Size": "Farmers Union Greek Style Natural Yoghurt 1kg",
    "WOW Price": 5.5,
    "WOW Size": "1kg",
    "WOW ppu": "$0.55 / 100G"
  },
  {
    "Brand_Product_Size": "Woolworths Natural Bran 500g",
    "WOW Price": 1.8,
    "WOW Size": "500g",
    "WOW ppu": "$0.36 / 100G"
  },
  {
    "Brand_Product_Size": "Grapefruit Red Flesh each",
    "WOW Price": 1.95,
    "WOW Size": "each",
    "WOW ppu": "$1.95 / 1EA"
  },
  {
    "Brand_Product_Size": "Quick-eze Antacids Peppermint Chewy 8 pack",
    "WOW Price": 2.3,
    "WOW Size": "8 pack",
    "WOW ppu": "$0.29 / 1EA"
  },
  {
    "Brand_Product_Size": "Cadbury Dairy Milk Freddo Share Pack 12 pack",
    "WOW Price": 5,
    "WOW Size": "12 pack",
    "WOW ppu": "$3.47 / 100G"
  },
  {
    "Brand_Product_Size": "Schwarzkopf Nordic Blonde Toner Anti-yellow 200mL",
    "WOW Price": 13,
    "WOW Size": "200mL",
    "WOW ppu": ""
  },
  {
    "Brand_Product_Size": "Woolworths Chicken Korma With Rice 350g",
    "WOW Price": 7.5,
    "WOW Size": "350g",
    "WOW ppu": "$2.14 / 100G"
  },
  {
    "Brand_Product_Size": "Bonds Womens Comfy Crop L each",
    "WOW Price": 16,
    "WOW Size": "each",
    "WOW ppu": ""
  },
  {
    "Brand_Product_Size": "Nature's Way Complete Daily Multivitamin Tablets 200 pack",
    "WOW Price": 7.5,
    "WOW Size": "200 pack",
    "WOW ppu": "$3.75 / 100EA"
  },
  {
    "Brand_Product_Size": "Heinz Soup Of The Day Pouch Mushroom With Thyme 430g",
    "WOW Price": 3,
    "WOW Size": "430g",
    "WOW ppu": "$0.70 / 100G"
  },
  {
    "Brand_Product_Size": "Calippo Mini Water Ice Raspberry & Pineapple 10 pack",
    "WOW Price": 7,
    "WOW Size": "10 pack",
    "WOW ppu": "$1.22 / 100ML"
  },
  {
    "Brand_Product_Size": "Pyrex 3l Mixing Bowl each",
    "WOW Price": 15,
    "WOW Size": "each",
    "WOW ppu": ""
  },
  {
    "Brand_Product_Size": "Aeroplane Jelly Lite Orange Mango 2x9g",
    "WOW Price": 1.8,
    "WOW Size": "2x9g",
    "WOW ppu": "$10.00 / 100G"
  },
  {
    "Brand_Product_Size": "Angas Park Medjool Dates 200g",
    "WOW Price": 7.3,
    "WOW Size": "200g",
    "WOW ppu": "$36.50 / 1KG"
  },
  {
    "Brand_Product_Size": "Woolworths Beef Sausages Thick 760g",
    "WOW Price": 7,
    "WOW Size": "760g",
    "WOW ppu": "$9.21 / 1KG"
  },
  {
    "Brand_Product_Size": "Select Tomato Roma 1kg punnet",
    "WOW Price": 6.7,
    "WOW Size": "1kg punnet",
    "WOW ppu": "$6.70 / 1KG"
  },
  {
    "Brand_Product_Size": "Only Organic Chicken Bolognese 170g",
    "WOW Price": 2,
    "WOW Size": "170g",
    "WOW ppu": "$1.18 / 100G"
  },
  {
    "Brand_Product_Size": "Always Fresh Crustini Crispbread Rosemary & Garlic 120g",
    "WOW Price": 3.7,
    "WOW Size": "120g",
    "WOW ppu": "$3.08 / 100G"
  },
  {
    "Brand_Product_Size": "Fun Frenzy Yo Yo Candy Assorted 26g",
    "WOW Price": 2,
    "WOW Size": "26g",
    "WOW ppu": "$7.69 / 100G"
  },
  {
    "Brand_Product_Size": "Smith's Crinkle Cut Tasty Cheese 150g",
    "WOW Price": 1.75,
    "WOW Size": "150g",
    "WOW ppu": "$1.17 / 100G"
  },
  {
    "Brand_Product_Size": "Manicare Nail Clippers With Nail File each",
    "WOW Price": 3.5,
    "WOW Size": "each",
    "WOW ppu": "$3.50 / 1EA"
  },
  {
    "Brand_Product_Size": "Gold Medal Snacks Single Pack Pork Krackles 50g",
    "WOW Price": 2.15,
    "WOW Size": "50g",
    "WOW ppu": "$4.30 / 100G"
  },
  {
    "Brand_Product_Size": "Aveeno Apple Cider Vinegar Blend Shampoo 354mL",
    "WOW Price": 16,
    "WOW Size": "354mL",
    "WOW ppu": "$4.52 / 100ML"
  },
  {
    "Brand_Product_Size": "Higher Living Cocoa Chilli Tea 15 bags 30g",
    "WOW Price": 3.7,
    "WOW Size": "15 bags 30g",
    "WOW ppu": "$0.25 / 1EA"
  },
  {
    "Brand_Product_Size": "Higher Living Cocoa Chilli Tea 15 bags 30g",
    "WOW Price": 3.7,
    "WOW Size": "15 bags 30g",
    "WOW ppu": "$0.25 / 1EA"
  },
  {
    "Brand_Product_Size": "Csr White Sugar 2kg",
    "WOW Price": 2.4,
    "WOW Size": "2kg",
    "WOW ppu": "$0.12 / 100G"
  },
  {
    "Brand_Product_Size": "Bellis Bars Apricot 45g",
    "WOW Price": 0.65,
    "WOW Size": "45g",
    "WOW ppu": "$1.44 / 100G"
  },
  {
    "Brand_Product_Size": "Bellis Bars Apricot 45g",
    "WOW Price": 0.65,
    "WOW Size": "45g",
    "WOW ppu": "$1.44 / 100G"
  },
  {
    "Brand_Product_Size": "Continental Value Pack Pasta & Sauce Four Cheeses 170g",
    "WOW Price": 3,
    "WOW Size": "170g",
    "WOW ppu": "$1.76 / 100G"
  },
  {
    "Brand_Product_Size": "Bar None Conditioner Damaged Hair 400mL",
    "WOW Price": 20,
    "WOW Size": "400mL",
    "WOW ppu": "$5.00 / 100ML"
  },
  {
    "Brand_Product_Size": "Bic Soleil Disposable Razor Simply 3 pack",
    "WOW Price": 3,
    "WOW Size": "3 pack",
    "WOW ppu": "$1.00 / 1EA"
  },
  {
    "Brand_Product_Size": "Grillworx T Grill Wire Brush each",
    "WOW Price": 5.6,
    "WOW Size": "each",
    "WOW ppu": "$5.60 / 1EA"
  },
  {
    "Brand_Product_Size": "Essentials Sponge Mop Refill each",
    "WOW Price": 5,
    "WOW Size": "each",
    "WOW ppu": "$5.00 / 1EA"
  },
  {
    "Brand_Product_Size": "Essentials Stainless Steel Scourer 3 pack",
    "WOW Price": 0.89,
    "WOW Size": "3 pack",
    "WOW ppu": "$0.30 / 1EA"
  },
  {
    "Brand_Product_Size": "Sard Wonder Super Power Soaker 900g",
    "WOW Price": 5,
    "WOW Size": "900g",
    "WOW ppu": "$5.56 / 1KG"
  },
  {
    "Brand_Product_Size": "Spring Onion Eschallot bunch",
    "WOW Price": 2.5,
    "WOW Size": "bunch",
    "WOW ppu": "$2.50 / 1EA"
  },
  {
    "Brand_Product_Size": "Help@hand Ibuprofen Mini Caps 24 pack",
    "WOW Price": 2,
    "WOW Size": "24 pack",
    "WOW ppu": "$0.08 / 1EA"
  },
  {
    "Brand_Product_Size": "Bonds Explorer Socks Ladies Extreme Sport Low 2-8 each",
    "WOW Price": 9,
    "WOW Size": "each",
    "WOW ppu": "$9.00 / 1EA"
  },
  {
    "Brand_Product_Size": "Siggi's Skyr Yoghurt Pouch Vanilla 150g",
    "WOW Price": 2,
    "WOW Size": "150g",
    "WOW ppu": "$1.33 / 100G"
  },
  {
    "Brand_Product_Size": "Decor Pumped Tritan Bottle 750ml Assorted each",
    "WOW Price": 5,
    "WOW Size": "each",
    "WOW ppu": ""
  },
  {
    "Brand_Product_Size": "Decor Pumped Tritan Bottle 750ml Assorted each",
    "WOW Price": 5,
    "WOW Size": "each",
    "WOW ppu": ""
  },
  {
    "Brand_Product_Size": "Tamar Valley Kids Yoghurt Pouch Vanilla 110g",
    "WOW Price": 1.8,
    "WOW Size": "110g",
    "WOW ppu": "$1.64 / 100G"
  },
  {
    "Brand_Product_Size": "Tamar Valley Kids Yoghurt Pouch Vanilla 110g",
    "WOW Price": 1.8,
    "WOW Size": "110g",
    "WOW ppu": "$1.64 / 100G"
  },
  {
    "Brand_Product_Size": "Krummies Breadcrumbs 375g",
    "WOW Price": 3,
    "WOW Size": "375g",
    "WOW ppu": "$0.08 / 10G"
  },
  {
    "Brand_Product_Size": "Red Rock Deli Dip Roasted Red Capsicum, Pecorino, Cashews & Basil 150g",
    "WOW Price": 4.5,
    "WOW Size": "150g",
    "WOW ppu": "$3.00 / 100G"
  },
  {
    "Brand_Product_Size": "Woolworths Onion & Chives Puff Pastry Twists 150g",
    "WOW Price": 3,
    "WOW Size": "150g",
    "WOW ppu": "$2.00 / 100G"
  },
  {
    "Brand_Product_Size": "Fancy Feast Adult Classic Seafood Pat Collection Wet Cat Food 85g x12 pack",
    "WOW Price": 14.5,
    "WOW Size": "85g x12 pack",
    "WOW ppu": "$1.42 / 100G"
  },
  {
    "Brand_Product_Size": "Ambi Pur Plug In Air Freshener Vanilla Harmony Refill 20mL",
    "WOW Price": 7.5,
    "WOW Size": "20mL",
    "WOW ppu": "$3.75 / 10ML"
  },
  {
    "Brand_Product_Size": "Mr Chen's Vegetable Gyoza 600g",
    "WOW Price": 12,
    "WOW Size": "600g",
    "WOW ppu": "$2.00 / 100G"
  },
  {
    "Brand_Product_Size": "Wrigley's 5 Gum Watermelon Burst 3 pack",
    "WOW Price": 4,
    "WOW Size": "3 pack",
    "WOW ppu": "$4.17 / 100G"
  },
  {
    "Brand_Product_Size": "Woolworths Peanuts Roasted In Shell 500g",
    "WOW Price": 6,
    "WOW Size": "500g",
    "WOW ppu": "$12.00 / 1KG"
  },
  {
    "Brand_Product_Size": "Woolworths Cocoa Powder 375g",
    "WOW Price": 4,
    "WOW Size": "375g",
    "WOW ppu": "$1.07 / 100G"
  },
  {
    "Brand_Product_Size": "Loacker Gardena Hazelnut Chocolate Coated Wafers 200g",
    "WOW Price": 2,
    "WOW Size": "200g",
    "WOW ppu": "$1.00 / 100G"
  },
  {
    "Brand_Product_Size": "Chux Heavy Duty Scourer Scrubs 8 pack",
    "WOW Price": 5.5,
    "WOW Size": "8 pack",
    "WOW ppu": "$0.69 / 1EA"
  },
  {
    "Brand_Product_Size": "Mother's Recipe Butter Chicken Mix 100g",
    "WOW Price": 2.3,
    "WOW Size": "100g",
    "WOW ppu": "$2.30 / 100G"
  },
  {
    "Brand_Product_Size": "Elastoplast Plastic Plasters Water-resistant Assorted 40 pack",
    "WOW Price": 3.6,
    "WOW Size": "40 pack",
    "WOW ppu": "$0.09 / 1EA"
  },
  {
    "Brand_Product_Size": "Amoy Dark Soy Sauce Dark Soy 150mL",
    "WOW Price": 2.6,
    "WOW Size": "150mL",
    "WOW ppu": "$1.73 / 100ML"
  },
  {
    "Brand_Product_Size": "Hoyt's Pepper Black Whole 100g",
    "WOW Price": 4.3,
    "WOW Size": "100g",
    "WOW ppu": "$0.43 / 10G"
  },
  {
    "Brand_Product_Size": "Peters Drumstick Mega Tip Honey Macadamia 4 pack",
    "WOW Price": 8.4,
    "WOW Size": "4 pack",
    "WOW ppu": "$1.77 / 100ML"
  },
  {
    "Brand_Product_Size": "Woolworths Mixed Baby Leaf Salad Mix 300g",
    "WOW Price": 5,
    "WOW Size": "300g",
    "WOW ppu": "$16.67 / 1KG"
  },
  {
    "Brand_Product_Size": "Woolworths Mixed Baby Leaf Salad Mix 300g",
    "WOW Price": 5,
    "WOW Size": "300g",
    "WOW ppu": "$16.67 / 1KG"
  },
  {
    "Brand_Product_Size": "Woolworths Mixed Baby Leaf Salad Mix 300g",
    "WOW Price": 5,
    "WOW Size": "300g",
    "WOW ppu": "$16.67 / 1KG"
  },
  {
    "Brand_Product_Size": "Rimmel Proffesional Eyebrow Eye Pencil 004 Black 1.4g",
    "WOW Price": 4.5,
    "WOW Size": "1.4g",
    "WOW ppu": "$32.14 / 10G"
  },
  {
    "Brand_Product_Size": "Mersey Valley Smoky Bacon 80g",
    "WOW Price": 3.5,
    "WOW Size": "80g",
    "WOW ppu": "$43.75 / 1KG"
  },
  {
    "Brand_Product_Size": "Mersey Valley Smoky Bacon 80g",
    "WOW Price": 3.5,
    "WOW Size": "80g",
    "WOW ppu": "$43.75 / 1KG"
  },
  {
    "Brand_Product_Size": "Papermate Liquid Paper Correction Tape each",
    "WOW Price": 7,
    "WOW Size": "each",
    "WOW ppu": ""
  },
  {
    "Brand_Product_Size": "Made With Plants Sesame & Garlic Tofu 200g",
    "WOW Price": 4,
    "WOW Size": "200g",
    "WOW ppu": "$20.00 / 1KG"
  },
  {
    "Brand_Product_Size": "My Dog Fillets In Gravy With Succulent Beef Wet Dog Food 100g",
    "WOW Price": 1,
    "WOW Size": "100g",
    "WOW ppu": "$1.00 / 100G"
  },
  {
    "Brand_Product_Size": "Madame Flavour Green Jasmine & Pear Tea Pods 18 pack",
    "WOW Price": 6.15,
    "WOW Size": "18 pack",
    "WOW ppu": "$0.34 / 1EA"
  },
  {
    "Brand_Product_Size": "Madame Flavour Green Jasmine & Pear Tea Pods 18 pack",
    "WOW Price": 6.15,
    "WOW Size": "18 pack",
    "WOW ppu": "$0.34 / 1EA"
  },
  {
    "Brand_Product_Size": "Bonds Womens Trainers Socks Size 8+ 4 pack",
    "WOW Price": 10,
    "WOW Size": "4 pack",
    "WOW ppu": ""
  },
  {
    "Brand_Product_Size": "Woolworths Reporter Notebook 300pg each",
    "WOW Price": 3,
    "WOW Size": "300pg each",
    "WOW ppu": ""
  },
  {
    "Brand_Product_Size": "Woolworths Classic Sponge Cake 350g",
    "WOW Price": 4,
    "WOW Size": "350g",
    "WOW ppu": "$1.14 / 100G"
  },
  {
    "Brand_Product_Size": "Maybelline Shine Free Oil Control Loose Powder - Light 19.8g",
    "WOW Price": 8.5,
    "WOW Size": "19.8g",
    "WOW ppu": "$4.29 / 10G"
  },
  {
    "Brand_Product_Size": "Woolworths Heart Smart Extra Lean Beef Mince 500g",
    "WOW Price": 10,
    "WOW Size": "500g",
    "WOW ppu": "$20.00 / 1KG"
  },
  {
    "Brand_Product_Size": "Woolworths Macaroni & Cheese 350g",
    "WOW Price": 7.5,
    "WOW Size": "350g",
    "WOW ppu": "$2.14 / 100G"
  },
  {
    "Brand_Product_Size": "Birds Eye Deli Barramundi Crisp Light Batter 250g",
    "WOW Price": 7.2,
    "WOW Size": "250g",
    "WOW ppu": "$28.80 / 1KG"
  },
  {
    "Brand_Product_Size": "Dollar Sweets White Muffin Wraps 36 pack",
    "WOW Price": 4.5,
    "WOW Size": "36 pack",
    "WOW ppu": "$0.13 / 1EA"
  },
  {
    "Brand_Product_Size": "Lavazza Ristretto Capsules Intensita 11 10 pack",
    "WOW Price": 6,
    "WOW Size": "10 pack",
    "WOW ppu": "$0.60 / 1EA"
  },
  {
    "Brand_Product_Size": "Lavazza Ristretto Capsules Intensita 11 10 pack",
    "WOW Price": 6,
    "WOW Size": "10 pack",
    "WOW ppu": "$0.60 / 1EA"
  },
  {
    "Brand_Product_Size": "Johnson's Baby Powder 400g",
    "WOW Price": 4.5,
    "WOW Size": "400g",
    "WOW ppu": "$1.13 / 100G"
  },
  {
    "Brand_Product_Size": "Woolworths Chicken & Caesar Bowl 180g",
    "WOW Price": 6.5,
    "WOW Size": "180g",
    "WOW ppu": "$43.33 / 1KG"
  },
  {
    "Brand_Product_Size": "Woolworths Chicken & Caesar Bowl 180g",
    "WOW Price": 6.5,
    "WOW Size": "180g",
    "WOW ppu": "$43.33 / 1KG"
  },
  {
    "Brand_Product_Size": "Woolworths Chicken & Caesar Bowl 180g",
    "WOW Price": 6.5,
    "WOW Size": "180g",
    "WOW ppu": "$43.33 / 1KG"
  },
  {
    "Brand_Product_Size": "Clearly Premium Oven Smoked Salmon Lemon & Chilli 300g",
    "WOW Price": 16,
    "WOW Size": "300g",
    "WOW ppu": "$53.33 / 1KG"
  },
  {
    "Brand_Product_Size": "Neutrogena Deep Clean Foaming Cleanser Oil Control 175g",
    "WOW Price": 15.5,
    "WOW Size": "175g",
    "WOW ppu": "$8.86 / 100G"
  },
  {
    "Brand_Product_Size": "Oscar Orsen Bambino Kids Small Thin Elastics 30 pack",
    "WOW Price": 4.5,
    "WOW Size": "30 pack",
    "WOW ppu": ""
  },
  {
    "Brand_Product_Size": "Woolworths Essentials Appliance Plastic Kettle 1.7L each",
    "WOW Price": 12,
    "WOW Size": "1.7L each",
    "WOW ppu": ""
  },
  {
    "Brand_Product_Size": "Gillette Blue 3 Disposable Shaving Razor 8 pack",
    "WOW Price": 8.5,
    "WOW Size": "8 pack",
    "WOW ppu": "$1.06 / 1EA"
  },
  {
    "Brand_Product_Size": "Air Wick Essential Oil Frangipani Electric Triple Refill 19mL",
    "WOW Price": 13.5,
    "WOW Size": "19mL",
    "WOW ppu": "$2.37 / 10ML"
  },
  {
    "Brand_Product_Size": "Brita Maxtra Water Filter 3 pack",
    "WOW Price": 37.5,
    "WOW Size": "3 pack",
    "WOW ppu": "$12.50 / 1EA"
  },
  {
    "Brand_Product_Size": "Mentholatum Sprays Ice Cool 150mL",
    "WOW Price": 13,
    "WOW Size": "150mL",
    "WOW ppu": "$8.67 / 100ML"
  },
  {
    "Brand_Product_Size": "Capsicum Green each",
    "WOW Price": 1.73,
    "WOW Size": "each",
    "WOW ppu": "$1.73 / 1EA"
  },
  {
    "Brand_Product_Size": "Macro Organic Coconut Milk 400mL",
    "WOW Price": 2.35,
    "WOW Size": "400mL",
    "WOW ppu": "$0.59 / 100ML"
  },
  {
    "Brand_Product_Size": "Rafferty's Garden Snack Banana Fruit Bars 8 pack",
    "WOW Price": 3.5,
    "WOW Size": "8 pack",
    "WOW ppu": "$2.73 / 100G"
  },
  {
    "Brand_Product_Size": "Farmers Market Chicken & Farm Vegetables Small Breed Dry Dog Food 6.8kg",
    "WOW Price": 35,
    "WOW Size": "6.8kg",
    "WOW ppu": "$0.51 / 100G"
  },
  {
    "Brand_Product_Size": "Go Natural Fruit Snacks Frugos Berry 150g",
    "WOW Price": 3.6,
    "WOW Size": "150g",
    "WOW ppu": "$2.40 / 100G"
  },
  {
    "Brand_Product_Size": "Macro Organic Corn Kernels 450g",
    "WOW Price": 5,
    "WOW Size": "450g",
    "WOW ppu": "$11.11 / 1KG"
  },
  {
    "Brand_Product_Size": "Oscar Orsen Hair Brush Pad Large each",
    "WOW Price": 6,
    "WOW Size": "each",
    "WOW ppu": ""
  },
  {
    "Brand_Product_Size": "Double Pheonix Vermicelli Green Bean 100g",
    "WOW Price": 0.7,
    "WOW Size": "100g",
    "WOW ppu": "$0.70 / 100G"
  },
  {
    "Brand_Product_Size": "John West Tempters Tuna Onion & Tomato Savoury Sauce 95g",
    "WOW Price": 1.15,
    "WOW Size": "95g",
    "WOW ppu": "$12.11 / 1KG"
  },
  {
    "Brand_Product_Size": "Essentials Cotton Blend Footlet Black One Size 2 pack",
    "WOW Price": 5,
    "WOW Size": "2 pack",
    "WOW ppu": ""
  },
  {
    "Brand_Product_Size": "Garnier Micellar Cleansing Water All Skin Types 125mL",
    "WOW Price": 3.45,
    "WOW Size": "125mL",
    "WOW ppu": "$2.76 / 100ML"
  },
  {
    "Brand_Product_Size": "Jarrah Salted Caramel Latte 250g",
    "WOW Price": 6,
    "WOW Size": "250g",
    "WOW ppu": "$2.40 / 100G"
  },
  {
    "Brand_Product_Size": "Jarrah Salted Caramel Latte 250g",
    "WOW Price": 6,
    "WOW Size": "250g",
    "WOW ppu": "$2.40 / 100G"
  },
  {
    "Brand_Product_Size": "L'oreal Paris Preference 4.15 Rome Deep Brown each",
    "WOW Price": 11.4,
    "WOW Size": "each",
    "WOW ppu": ""
  },
  {
    "Brand_Product_Size": "K-roo Kangaroo Burger 440g",
    "WOW Price": 6.4,
    "WOW Size": "440g",
    "WOW ppu": "$14.55 / 1KG"
  },
  {
    "Brand_Product_Size": "Gaviscon Dual Action Heartburn & Indigestion Chewable Tablets 16 pack",
    "WOW Price": 5.7,
    "WOW Size": "16 pack",
    "WOW ppu": "$0.36 / 1EA"
  },
  {
    "Brand_Product_Size": "Canon Printer Ink Cl511 Fine Standard Yield each",
    "WOW Price": 31.2,
    "WOW Size": "each",
    "WOW ppu": ""
  },
  {
    "Brand_Product_Size": "Neutrogena Hydro Boost Gel-cream 50g",
    "WOW Price": 27,
    "WOW Size": "50g",
    "WOW ppu": "$54.00 / 100G"
  },
  {
    "Brand_Product_Size": "Oak Plus No Sugar Added Vanilla 500mL",
    "WOW Price": 3.45,
    "WOW Size": "500mL",
    "WOW ppu": "$6.90 / 1L"
  },
  {
    "Brand_Product_Size": "Woolworths Vanilla Cake With Lotus Biscoff 450g",
    "WOW Price": 8,
    "WOW Size": "450g",
    "WOW ppu": "$1.78 / 100G"
  },
  {
    "Brand_Product_Size": "Rafferty's Garden Plain Yoghurt 70g",
    "WOW Price": 1,
    "WOW Size": "70g",
    "WOW ppu": "$1.43 / 100G"
  },
  {
    "Brand_Product_Size": "Skin Nutrient Hand Sanitiser 50mL",
    "WOW Price": 3.5,
    "WOW Size": "50mL",
    "WOW ppu": "$7.00 / 100ML"
  },
  {
    "Brand_Product_Size": "Pepsi Max Vanilla Bottle 2L",
    "WOW Price": 2.15,
    "WOW Size": "2L",
    "WOW ppu": "$1.08 / 1L"
  },
  {
    "Brand_Product_Size": "Don Kransky Plain 300g",
    "WOW Price": 9,
    "WOW Size": "300g",
    "WOW ppu": "$30.00 / 1KG"
  },
  {
    "Brand_Product_Size": "Face Halo Pro Make Up Pad Original each",
    "WOW Price": 13,
    "WOW Size": "each",
    "WOW ppu": "$13.00 / 1EA"
  },
  {
    "Brand_Product_Size": "Ceres Organics Tamari Soy Sauce Wheat Free 250mL",
    "WOW Price": 8.3,
    "WOW Size": "250mL",
    "WOW ppu": "$3.32 / 100ML"
  },
  {
    "Brand_Product_Size": "Karicare 2 Baby Follow-on Formula From 6 To 12 Months 900g",
    "WOW Price": 18,
    "WOW Size": "900g",
    "WOW ppu": "$2.00 / 100G"
  },
  {
    "Brand_Product_Size": "Woolworths Baby Leaf Salad With Beetroot Bag 180g",
    "WOW Price": 4,
    "WOW Size": "180g",
    "WOW ppu": "$22.22 / 1KG"
  },
  {
    "Brand_Product_Size": "Woolworths Baby Leaf Salad With Beetroot Bag 180g",
    "WOW Price": 4,
    "WOW Size": "180g",
    "WOW ppu": "$22.22 / 1KG"
  },
  {
    "Brand_Product_Size": "Woolworths Baby Leaf Salad With Beetroot Bag 180g",
    "WOW Price": 4,
    "WOW Size": "180g",
    "WOW ppu": "$22.22 / 1KG"
  },
  {
    "Brand_Product_Size": "Woolworths Greek Salad 270g pack",
    "WOW Price": 5.5,
    "WOW Size": "270g pack",
    "WOW ppu": "$20.37 / 1KG"
  },
  {
    "Brand_Product_Size": "Woolworths Greek Salad 270g pack",
    "WOW Price": 5.5,
    "WOW Size": "270g pack",
    "WOW ppu": "$20.37 / 1KG"
  },
  {
    "Brand_Product_Size": "Woolworths Greek Salad 270g pack",
    "WOW Price": 5.5,
    "WOW Size": "270g pack",
    "WOW ppu": "$20.37 / 1KG"
  },
  {
    "Brand_Product_Size": "Nivea Naturally Good Micellar Face Wash 140mL",
    "WOW Price": 7.7,
    "WOW Size": "140mL",
    "WOW ppu": "$5.50 / 100ML"
  },
  {
    "Brand_Product_Size": "Woolworths Fine Cut Coleslaw 300g",
    "WOW Price": 3,
    "WOW Size": "300g",
    "WOW ppu": "$10.00 / 1KG"
  },
  {
    "Brand_Product_Size": "Woolworths Fine Cut Coleslaw 300g",
    "WOW Price": 3,
    "WOW Size": "300g",
    "WOW ppu": "$10.00 / 1KG"
  },
  {
    "Brand_Product_Size": "Only Organic Pumpkin Potato & Beef 8+ Months 170g",
    "WOW Price": 2,
    "WOW Size": "170g",
    "WOW ppu": "$1.18 / 100G"
  },
  {
    "Brand_Product_Size": "Parsnip Mini 350g",
    "WOW Price": 4,
    "WOW Size": "350g",
    "WOW ppu": "$11.43 / 1KG"
  },
  {
    "Brand_Product_Size": "Lavazza Prontissimo! Intenso Premium Instant Coffee 95g",
    "WOW Price": 5,
    "WOW Size": "95g",
    "WOW ppu": "$5.26 / 100G"
  },
  {
    "Brand_Product_Size": "Lavazza Prontissimo! Intenso Premium Instant Coffee 95g",
    "WOW Price": 5,
    "WOW Size": "95g",
    "WOW ppu": "$5.26 / 100G"
  },
  {
    "Brand_Product_Size": "Mother's Day Cupcake Set 12 pack",
    "WOW Price": 3,
    "WOW Size": "12 pack",
    "WOW ppu": ""
  },
  {
    "Brand_Product_Size": "Primo English Ham 100g",
    "WOW Price": 3.25,
    "WOW Size": "100g",
    "WOW ppu": "$32.50 / 1KG"
  },
  {
    "Brand_Product_Size": "Primo English Ham 100g",
    "WOW Price": 3.25,
    "WOW Size": "100g",
    "WOW ppu": "$32.50 / 1KG"
  },
  {
    "Brand_Product_Size": "Tena Men Level 2 10 pack",
    "WOW Price": 8,
    "WOW Size": "10 pack",
    "WOW ppu": "$0.80 / 1EA"
  },
  {
    "Brand_Product_Size": "D3 K6.0 Kinesiology Tape each",
    "WOW Price": 10,
    "WOW Size": "each",
    "WOW ppu": "$10.00 / 1EA"
  },
  {
    "Brand_Product_Size": "Mint Stainless Steel Forks 4 pack",
    "WOW Price": 6,
    "WOW Size": "4 pack",
    "WOW ppu": ""
  },
  {
    "Brand_Product_Size": "Maybelline Fit Me Matte & Poreless Pressed Powder- Pure Beige 235 each",
    "WOW Price": 7.5,
    "WOW Size": "each",
    "WOW ppu": "$8.33 / 10G"
  },
  {
    "Brand_Product_Size": "Bonds Zip Romper Boys Size 000 To 2 each",
    "WOW Price": 13.2,
    "WOW Size": "each",
    "WOW ppu": ""
  },
  {
    "Brand_Product_Size": "Maui Moisture Hibiscus Water Conditioner 385mL",
    "WOW Price": 22,
    "WOW Size": "385mL",
    "WOW ppu": "$5.71 / 100ML"
  },
  {
    "Brand_Product_Size": "The Odd Bunch Mandarin Prepacked 1kg",
    "WOW Price": 3.4,
    "WOW Size": "1kg",
    "WOW ppu": "$3.40 / 1KG"
  },
  {
    "Brand_Product_Size": "Woolworths Creamy & Crunchy Salad Kit 270g",
    "WOW Price": 5.5,
    "WOW Size": "270g",
    "WOW ppu": "$20.37 / 1KG"
  },
  {
    "Brand_Product_Size": "Woolworths Creamy & Crunchy Salad Kit 270g",
    "WOW Price": 5.5,
    "WOW Size": "270g",
    "WOW ppu": "$20.37 / 1KG"
  },
  {
    "Brand_Product_Size": "Woolworths Creamy & Crunchy Salad Kit 270g",
    "WOW Price": 5.5,
    "WOW Size": "270g",
    "WOW ppu": "$20.37 / 1KG"
  },
  {
    "Brand_Product_Size": "Nescafe Dolce Gusto Americano 16 pack",
    "WOW Price": 6,
    "WOW Size": "16 pack",
    "WOW ppu": "$0.38 / 1EA"
  },
  {
    "Brand_Product_Size": "Nescafe Dolce Gusto Americano 16 pack",
    "WOW Price": 6,
    "WOW Size": "16 pack",
    "WOW ppu": "$0.38 / 1EA"
  },
  {
    "Brand_Product_Size": "Ajax Divine Blends Floor Cleaner Tropical Breeze Slate 750mL",
    "WOW Price": 3.49,
    "WOW Size": "750mL",
    "WOW ppu": "$0.47 / 100ML"
  },
  {
    "Brand_Product_Size": "Nature Valley Sweet & Salty Nut Dark Chocolate Bars 4 pack",
    "WOW Price": 4,
    "WOW Size": "4 pack",
    "WOW ppu": "$3.33 / 100G"
  },
  {
    "Brand_Product_Size": "Nature Valley Sweet & Salty Nut Dark Chocolate Bars 4 pack",
    "WOW Price": 4,
    "WOW Size": "4 pack",
    "WOW ppu": "$3.33 / 100G"
  },
  {
    "Brand_Product_Size": "Aroma Essentials Diffuser Lemongrass & Ginger 150mL",
    "WOW Price": 13,
    "WOW Size": "150mL",
    "WOW ppu": "$0.87 / 10ML"
  },
  {
    "Brand_Product_Size": "Harpic White & Shine Toilet Cleaner Bleach Gel Fresh 450mL",
    "WOW Price": 3,
    "WOW Size": "450mL",
    "WOW ppu": "$0.67 / 100ML"
  },
  {
    "Brand_Product_Size": "Underworks Ladies Sport Anklet Socks White 5 pack",
    "WOW Price": 10,
    "WOW Size": "5 pack",
    "WOW ppu": ""
  },
  {
    "Brand_Product_Size": "Crisco Vegetable Blended Oil 2L",
    "WOW Price": 6,
    "WOW Size": "2L",
    "WOW ppu": "$0.30 / 100ML"
  },
  {
    "Brand_Product_Size": "D'orsogna 100% Natural Chorizo 250g",
    "WOW Price": 7,
    "WOW Size": "250g",
    "WOW ppu": "$28.00 / 1KG"
  },
  {
    "Brand_Product_Size": "Connect Foods Seaweed Chips Mild Chilli 30g",
    "WOW Price": 3,
    "WOW Size": "30g",
    "WOW ppu": "$10.00 / 100G"
  },
  {
    "Brand_Product_Size": "Woolworths Chives Fresh Herb 10g punnet",
    "WOW Price": 3,
    "WOW Size": "10g punnet",
    "WOW ppu": "$3.00 / 10G"
  },
  {
    "Brand_Product_Size": "Woolworths Chives Fresh Herb 10g punnet",
    "WOW Price": 3,
    "WOW Size": "10g punnet",
    "WOW ppu": "$3.00 / 10G"
  },
  {
    "Brand_Product_Size": "Woolworths Cashews Roasted 400g",
    "WOW Price": 9,
    "WOW Size": "400g",
    "WOW ppu": "$22.50 / 1KG"
  },
  {
    "Brand_Product_Size": "Masterfoods Smoked & Charred Alabama Style Rub 52g",
    "WOW Price": 3.75,
    "WOW Size": "52g",
    "WOW ppu": "$0.72 / 10G"
  },
  {
    "Brand_Product_Size": "Inspire Photo Frame 5x7 each",
    "WOW Price": 3,
    "WOW Size": "each",
    "WOW ppu": ""
  },
  {
    "Brand_Product_Size": "Woolworths Yellowfin Tuna In Springwater 185g",
    "WOW Price": 2,
    "WOW Size": "185g",
    "WOW ppu": "$10.81 / 1KG"
  },
  {
    "Brand_Product_Size": "Oscar Orsen Hair Claw Grip Value Pack 2 pack",
    "WOW Price": 5.6,
    "WOW Size": "2 pack",
    "WOW ppu": ""
  },
  {
    "Brand_Product_Size": "Essentials Frozen Mixed Vegetables 1kg",
    "WOW Price": 1.59,
    "WOW Size": "1kg",
    "WOW ppu": "$1.59 / 1KG"
  },
  {
    "Brand_Product_Size": "Hakubaku Organic Japanese Somen Noodles 98% Fat Free 270g",
    "WOW Price": 3.7,
    "WOW Size": "270g",
    "WOW ppu": "$1.37 / 100G"
  },
  {
    "Brand_Product_Size": "Naturli 100% Plant-based Minced 400g",
    "WOW Price": 9,
    "WOW Size": "400g",
    "WOW ppu": "$22.50 / 1KG"
  },
  {
    "Brand_Product_Size": "Rana Smoked Ham & Mozzarella Tortellini 565g",
    "WOW Price": 10,
    "WOW Size": "565g",
    "WOW ppu": "$1.77 / 100G"
  },
  {
    "Brand_Product_Size": "Sistema Laundry Stack & Nest Basket 5.25L",
    "WOW Price": 10,
    "WOW Size": "5.25L",
    "WOW ppu": ""
  },
  {
    "Brand_Product_Size": "Gits Daahi Vada Mix 500g",
    "WOW Price": 4,
    "WOW Size": "500g",
    "WOW ppu": "$0.80 / 100G"
  },
  {
    "Brand_Product_Size": "No Issues Facial Tissues Single Cube 60 sheets",
    "WOW Price": 2.5,
    "WOW Size": "60 sheets",
    "WOW ppu": "$4.17 / 100SS"
  },
  {
    "Brand_Product_Size": "No Issues Facial Tissues Single Cube 60 sheets",
    "WOW Price": 2.5,
    "WOW Size": "60 sheets",
    "WOW ppu": "$4.17 / 100SS"
  },
  {
    "Brand_Product_Size": "Vaalia Boost Mango Yoghurt 900g",
    "WOW Price": 5.8,
    "WOW Size": "900g",
    "WOW ppu": "$0.64 / 100G"
  },
  {
    "Brand_Product_Size": "Plumrose Frankfurts Cocktail 400g",
    "WOW Price": 2.15,
    "WOW Size": "400g",
    "WOW ppu": "$5.38 / 1KG"
  },
  {
    "Brand_Product_Size": "Hovex Vapor Gaurd Moth Killer Clothing each",
    "WOW Price": 6,
    "WOW Size": "each",
    "WOW ppu": "$3.00 / 1EA"
  },
  {
    "Brand_Product_Size": "Praise Dressings Balsamic 330mL",
    "WOW Price": 3,
    "WOW Size": "330mL",
    "WOW ppu": "$0.91 / 100ML"
  },
  {
    "Brand_Product_Size": "Halo Top Brownie Batter Tub 473mL",
    "WOW Price": 7,
    "WOW Size": "473mL",
    "WOW ppu": "$1.48 / 100ML"
  },
  {
    "Brand_Product_Size": "Woolworths Display Book A4 Assorted Colours 20 Pockets each",
    "WOW Price": 2.5,
    "WOW Size": "each",
    "WOW ppu": ""
  },
  {
    "Brand_Product_Size": "Fropro Chocolate Ice Cream Tub 520mL",
    "WOW Price": 10,
    "WOW Size": "520mL",
    "WOW ppu": "$1.92 / 100ML"
  },
  {
    "Brand_Product_Size": "Sunrice Brown Rice Low Gi 750g",
    "WOW Price": 3.5,
    "WOW Size": "750g",
    "WOW ppu": "$0.47 / 100G"
  },
  {
    "Brand_Product_Size": "Woolworths Garlic Head each",
    "WOW Price": 1.25,
    "WOW Size": "each",
    "WOW ppu": "$1.25 / 1EA"
  },
  {
    "Brand_Product_Size": "Lean Cuisine Beef Stroganoff With Pasta 280g",
    "WOW Price": 4.5,
    "WOW Size": "280g",
    "WOW ppu": "$1.61 / 100G"
  },
  {
    "Brand_Product_Size": "Fresh Pink Lady Apples each",
    "WOW Price": 0.89,
    "WOW Size": "each",
    "WOW ppu": "$0.89 / 1EA"
  },
  {
    "Brand_Product_Size": "Fresh Pink Lady Apples each",
    "WOW Price": 0.89,
    "WOW Size": "each",
    "WOW ppu": "$0.89 / 1EA"
  },
  {
    "Brand_Product_Size": "Pantene Conditioning Mist Treatment 252mL",
    "WOW Price": 4.25,
    "WOW Size": "252mL",
    "WOW ppu": ""
  },
  {
    "Brand_Product_Size": "Woolworths Cashew & Macadamia Roasted & Salted 400g pack",
    "WOW Price": 16,
    "WOW Size": "400g pack",
    "WOW ppu": "$40.00 / 1KG"
  },
  {
    "Brand_Product_Size": "Gloria Jean's Coffees Coffee Beans Smooth Classic Blend 1kg",
    "WOW Price": 20,
    "WOW Size": "1kg",
    "WOW ppu": "$2.00 / 100G"
  },
  {
    "Brand_Product_Size": "Gloria Jean's Coffees Coffee Beans Smooth Classic Blend 1kg",
    "WOW Price": 20,
    "WOW Size": "1kg",
    "WOW ppu": "$2.00 / 100G"
  },
  {
    "Brand_Product_Size": "Macro Organic Banana each",
    "WOW Price": 0.9,
    "WOW Size": "each",
    "WOW ppu": "$0.90 / 1EA"
  },
  {
    "Brand_Product_Size": "Ceres Organics Roasted Seaweed Nori Snack 5g",
    "WOW Price": 1.8,
    "WOW Size": "5g",
    "WOW ppu": "$36.00 / 100G"
  },
  {
    "Brand_Product_Size": "Woolworths Dill Fresh Herb 15g",
    "WOW Price": 3,
    "WOW Size": "15g",
    "WOW ppu": "$2.00 / 10G"
  },
  {
    "Brand_Product_Size": "Woolworths Dill Fresh Herb 15g",
    "WOW Price": 3,
    "WOW Size": "15g",
    "WOW ppu": "$2.00 / 10G"
  },
  {
    "Brand_Product_Size": "Woolworths White Washed Baby Potatoes 1kg",
    "WOW Price": 3.5,
    "WOW Size": "1kg",
    "WOW ppu": ""
  },
  {
    "Brand_Product_Size": "Baby Bellies Banana Pick Up Sticks 16g",
    "WOW Price": 3.5,
    "WOW Size": "16g",
    "WOW ppu": "$21.88 / 100G"
  },
  {
    "Brand_Product_Size": "Bonds Comfy Opaque Tights 70d Black L/xl each",
    "WOW Price": 12,
    "WOW Size": "each",
    "WOW ppu": ""
  },
  {
    "Brand_Product_Size": "Two Good Salted Caramel Flavoured Yoghurt 150g",
    "WOW Price": 1.5,
    "WOW Size": "150g",
    "WOW ppu": "$1.00 / 100G"
  },
  {
    "Brand_Product_Size": "David Beckham Classic Blue Deodorant Body Spray 150mL",
    "WOW Price": 8,
    "WOW Size": "150mL",
    "WOW ppu": "$5.33 / 100ML"
  },
  {
    "Brand_Product_Size": "Nature's Way Magnesium Gel + Arnica Muscles And Pain 100g",
    "WOW Price": 20,
    "WOW Size": "100g",
    "WOW ppu": "$20.00 / 100G"
  },
  {
    "Brand_Product_Size": "Mckenzie's Barley, Rice & Bulgur Superblend 350g",
    "WOW Price": 3.95,
    "WOW Size": "350g",
    "WOW ppu": "$1.13 / 100G"
  },
  {
    "Brand_Product_Size": "Woolworths Thai Green Chicken Curry With Jasmine Rice 350g",
    "WOW Price": 4,
    "WOW Size": "350g",
    "WOW ppu": "$1.14 / 100G"
  },
  {
    "Brand_Product_Size": "Ocean Blue Smoked Ocean Trout Sliced 50g",
    "WOW Price": 4,
    "WOW Size": "50g",
    "WOW ppu": "$80.00 / 1KG"
  },
  {
    "Brand_Product_Size": "Sunsilk Summer Care Shampoo Coconut Oil & Hibiscus 700mL",
    "WOW Price": 10,
    "WOW Size": "700mL",
    "WOW ppu": "$1.43 / 100ML"
  },
  {
    "Brand_Product_Size": "La Gina Woodfired Pumpkin Mozzarella & Feta Italian Pizza 405g",
    "WOW Price": 7,
    "WOW Size": "405g",
    "WOW ppu": "$1.73 / 100G"
  },
  {
    "Brand_Product_Size": "Oscar Orsen Extra Large Thin Hair Elastic Black 20 pack",
    "WOW Price": 5,
    "WOW Size": "20 pack",
    "WOW ppu": ""
  },
  {
    "Brand_Product_Size": "Aussie Bodies Protein Fx Crunchy Fibre Honey Almond 40g",
    "WOW Price": 2.2,
    "WOW Size": "40g",
    "WOW ppu": "$5.50 / 100G"
  },
  {
    "Brand_Product_Size": "Golden Circle Corn Creamed 410g",
    "WOW Price": 1.7,
    "WOW Size": "410g",
    "WOW ppu": "$4.15 / 1KG"
  },
  {
    "Brand_Product_Size": "Nescafe Blend 43 Espresso 500g",
    "WOW Price": 14,
    "WOW Size": "500g",
    "WOW ppu": "$2.80 / 100G"
  },
  {
    "Brand_Product_Size": "Nescafe Blend 43 Espresso 500g",
    "WOW Price": 14,
    "WOW Size": "500g",
    "WOW ppu": "$2.80 / 100G"
  },
  {
    "Brand_Product_Size": "Maybelline Dream Urban Cover Liquid Foundation - Porcelain 30mL",
    "WOW Price": 13,
    "WOW Size": "30mL",
    "WOW ppu": "$4.33 / 10ML"
  },
  {
    "Brand_Product_Size": "Woolworths Grassfed Beef Stir Fry 500g",
    "WOW Price": 13,
    "WOW Size": "500g",
    "WOW ppu": "$26.00 / 1KG"
  },
  {
    "Brand_Product_Size": "D'orsogna Honey Leg Ham 850g",
    "WOW Price": 14,
    "WOW Size": "850g",
    "WOW ppu": "$16.47 / 1KG"
  },
  {
    "Brand_Product_Size": "L'oreal Paris Elvive Total Repair Shampoo 700mL",
    "WOW Price": 10,
    "WOW Size": "700mL",
    "WOW ppu": "$1.43 / 100ML"
  },
  {
    "Brand_Product_Size": "Indomie Mi Goreng Fried Noodles 85g",
    "WOW Price": 0.65,
    "WOW Size": "85g",
    "WOW ppu": "$0.76 / 100G"
  },
  {
    "Brand_Product_Size": "Cold Power Triple Caps 270g",
    "WOW Price": 6.25,
    "WOW Size": "270g",
    "WOW ppu": "$0.35 / 1EA"
  },
  {
    "Brand_Product_Size": "Jarrah Hot Choc Drinking Chocolate 285g",
    "WOW Price": 7,
    "WOW Size": "285g",
    "WOW ppu": "$2.46 / 100G"
  },
  {
    "Brand_Product_Size": "Maynards Wine Gums 190g",
    "WOW Price": 5.2,
    "WOW Size": "190g",
    "WOW ppu": "$2.74 / 100G"
  },
  {
    "Brand_Product_Size": "Decor Double Wall Thermal Flask Stainless Steel Flask 500mL",
    "WOW Price": 7.5,
    "WOW Size": "500mL",
    "WOW ppu": ""
  },
  {
    "Brand_Product_Size": "Ceres Organic Sea Salt Rice Bite 100g",
    "WOW Price": 3.1,
    "WOW Size": "100g",
    "WOW ppu": "$3.10 / 100G"
  },
  {
    "Brand_Product_Size": "Tommee Tippee 360 Cup With Handle each",
    "WOW Price": 11,
    "WOW Size": "each",
    "WOW ppu": "$11.00 / 1EA"
  },
  {
    "Brand_Product_Size": "Woolworths Pork Sausage 600g",
    "WOW Price": 6,
    "WOW Size": "600g",
    "WOW ppu": "$10.00 / 1KG"
  },
  {
    "Brand_Product_Size": "Korbond Rechargeable Lint Remover each",
    "WOW Price": 25,
    "WOW Size": "each",
    "WOW ppu": ""
  },
  {
    "Brand_Product_Size": "Glow Lab Hair Mask 200mL",
    "WOW Price": 18,
    "WOW Size": "200mL",
    "WOW ppu": "$9.00 / 100ML"
  },
  {
    "Brand_Product_Size": "Activia Pouch Banana 140g",
    "WOW Price": 2.25,
    "WOW Size": "140g",
    "WOW ppu": "$1.61 / 100G"
  },
  {
    "Brand_Product_Size": "Pana Organic Vanilla Bean Tub 475mL",
    "WOW Price": 11,
    "WOW Size": "475mL",
    "WOW ppu": "$2.32 / 100ML"
  },
  {
    "Brand_Product_Size": "Masterfoods Loaded Fries Topper Smokey Hickory Barbecue 160g",
    "WOW Price": 2.7,
    "WOW Size": "160g",
    "WOW ppu": "$1.69 / 100G"
  },
  {
    "Brand_Product_Size": "Shine Rinse Aid 500mL",
    "WOW Price": 2.9,
    "WOW Size": "500mL",
    "WOW ppu": "$0.58 / 100ML"
  },
  {
    "Brand_Product_Size": "Raguletto Fresh Beef Ravioli 600g",
    "WOW Price": 4,
    "WOW Size": "600g",
    "WOW ppu": "$0.67 / 100G"
  },
  {
    "Brand_Product_Size": "Woolworths Spaghetti Bolognese 350g",
    "WOW Price": 7.5,
    "WOW Size": "350g",
    "WOW ppu": "$2.14 / 100G"
  },
  {
    "Brand_Product_Size": "Marion's Kitchen Pad Thai Cooking Kit 358g",
    "WOW Price": 7.45,
    "WOW Size": "358g",
    "WOW ppu": "$2.08 / 100G"
  },
  {
    "Brand_Product_Size": "Coca-cola No Sugar Soft Drink Multipack Cans 375mL x10 pack",
    "WOW Price": 7.9,
    "WOW Size": "375mL x10 pack",
    "WOW ppu": "$2.11 / 1L"
  },
  {
    "Brand_Product_Size": "Herbal Essences Smooth Golden Moringa Oil Shampoo 400mL",
    "WOW Price": 6,
    "WOW Size": "400mL",
    "WOW ppu": "$1.50 / 100ML"
  },
  {
    "Brand_Product_Size": "Macro Organic Coleslaw & Kale Slaw Kit 250g",
    "WOW Price": 4.9,
    "WOW Size": "250g",
    "WOW ppu": "$19.60 / 1KG"
  },
  {
    "Brand_Product_Size": "Gillette Fusion Power Shaving Razor & Battery each",
    "WOW Price": 16,
    "WOW Size": "each",
    "WOW ppu": ""
  },
  {
    "Brand_Product_Size": "Map Clean Bean Descaler 250mL",
    "WOW Price": 7,
    "WOW Size": "250mL",
    "WOW ppu": "$2.80 / 100ML"
  },
  {
    "Brand_Product_Size": "Map Clean Bean Descaler 250mL",
    "WOW Price": 7,
    "WOW Size": "250mL",
    "WOW ppu": "$2.80 / 100ML"
  },
  {
    "Brand_Product_Size": "Twinings English Breakfast Tea Bags 50 pack 100g",
    "WOW Price": 6,
    "WOW Size": "50 pack 100g",
    "WOW ppu": "$0.12 / 1EA"
  },
  {
    "Brand_Product_Size": "Twinings English Breakfast Tea Bags 50 pack 100g",
    "WOW Price": 6,
    "WOW Size": "50 pack 100g",
    "WOW ppu": "$0.12 / 1EA"
  },
  {
    "Brand_Product_Size": "Kraft Cheese Singles Original 12 pack 216g",
    "WOW Price": 3.45,
    "WOW Size": "12 pack 216g",
    "WOW ppu": "$15.97 / 1KG"
  },
  {
    "Brand_Product_Size": "Woolworths Fresh Creamy Pumpkin Soup 300g",
    "WOW Price": 3,
    "WOW Size": "300g",
    "WOW ppu": "$1.00 / 100G"
  },
  {
    "Brand_Product_Size": "Daawat Basmati Rice 5kg",
    "WOW Price": 20,
    "WOW Size": "5kg",
    "WOW ppu": "$0.40 / 100G"
  },
  {
    "Brand_Product_Size": "Mt Elephant Protein Bread Savoury 300g",
    "WOW Price": 10,
    "WOW Size": "300g",
    "WOW ppu": "$3.33 / 100G"
  },
  {
    "Brand_Product_Size": "Calbee Harvest Snaps Salt & Vinegar 93g",
    "WOW Price": 3,
    "WOW Size": "93g",
    "WOW ppu": "$32.26 / 1KG"
  },
  {
    "Brand_Product_Size": "Ingham's Chicken Family Duets Creamy Garlic 600g",
    "WOW Price": 10,
    "WOW Size": "600g",
    "WOW ppu": "$16.67 / 1KG"
  },
  {
    "Brand_Product_Size": "Fussy Cat Fine Mince With Chicken Pot 70g",
    "WOW Price": 2.2,
    "WOW Size": "70g",
    "WOW ppu": "$3.14 / 100G"
  },
  {
    "Brand_Product_Size": "Woolworths Belgian Chocolate Caramel Brownie 300g",
    "WOW Price": 6,
    "WOW Size": "300g",
    "WOW ppu": "$2.00 / 100G"
  },
  {
    "Brand_Product_Size": "Mccain Pizza Ham & Pineapple 500g",
    "WOW Price": 7,
    "WOW Size": "500g",
    "WOW ppu": "$1.40 / 100G"
  },
  {
    "Brand_Product_Size": "Mentos Pure Fresh Bubble Fresh Flavour Sugar Free Gum 30g",
    "WOW Price": 2,
    "WOW Size": "30g",
    "WOW ppu": "$6.67 / 100G"
  },
  {
    "Brand_Product_Size": "Zenzone Air Freshener Spray Refill Frangipani 180g",
    "WOW Price": 4,
    "WOW Size": "180g",
    "WOW ppu": "$0.22 / 10G"
  },
  {
    "Brand_Product_Size": "Woolworths Choc Hazelnut Spread 750g",
    "WOW Price": 4.3,
    "WOW Size": "750g",
    "WOW ppu": "$0.57 / 100G"
  },
  {
    "Brand_Product_Size": "Beerenberg Blueberry Jam 300g",
    "WOW Price": 5,
    "WOW Size": "300g",
    "WOW ppu": "$1.67 / 100G"
  },
  {
    "Brand_Product_Size": "Gatorade Orange Ice Sports Drink 1L",
    "WOW Price": 2.5,
    "WOW Size": "1L",
    "WOW ppu": "$2.50 / 1L"
  },
  {
    "Brand_Product_Size": "Arnott's Shapes Nacho Cheese Crackers 160g",
    "WOW Price": 2.5,
    "WOW Size": "160g",
    "WOW ppu": "$1.56 / 100G"
  },
  {
    "Brand_Product_Size": "Maggie Beer Duck Parfait 120g",
    "WOW Price": 7,
    "WOW Size": "120g",
    "WOW ppu": "$58.33 / 1KG"
  },
  {
    "Brand_Product_Size": "Rosella Mango Coconut & Habanero Chutney 250g",
    "WOW Price": 6,
    "WOW Size": "250g",
    "WOW ppu": "$2.40 / 100G"
  },
  {
    "Brand_Product_Size": "Stayfree Ultra Thin Pads Light With Wings 16 pack",
    "WOW Price": 4.5,
    "WOW Size": "16 pack",
    "WOW ppu": "$0.28 / 1EA"
  },
  {
    "Brand_Product_Size": "Woolworths Yellowfin Tuna & Rice Biryani 190g",
    "WOW Price": 3,
    "WOW Size": "190g",
    "WOW ppu": "$15.79 / 1KG"
  },
  {
    "Brand_Product_Size": "Kiwi Parade Gloss Shoe Polish 38g",
    "WOW Price": 5,
    "WOW Size": "38g",
    "WOW ppu": "$13.16 / 100G"
  },
  {
    "Brand_Product_Size": "Jack Hammer Door Wedge 2 pack",
    "WOW Price": 4.5,
    "WOW Size": "2 pack",
    "WOW ppu": ""
  },
  {
    "Brand_Product_Size": "Keep It Cleaner Protein Ball Banana & Choc Chip 32g",
    "WOW Price": 2.4,
    "WOW Size": "32g",
    "WOW ppu": "$7.50 / 100G"
  },
  {
    "Brand_Product_Size": "Carman's Natural Bircher Muesli 500g",
    "WOW Price": 4.5,
    "WOW Size": "500g",
    "WOW ppu": "$0.90 / 100G"
  },
  {
    "Brand_Product_Size": "Select Non Skid Large Embossed Dog Bowl each",
    "WOW Price": 12.49,
    "WOW Size": "each",
    "WOW ppu": ""
  },
  {
    "Brand_Product_Size": "Global Good Collective Bamboo Toilet Tissue Rolls 3 Ply 180 Sheets 6 pack",
    "WOW Price": 4,
    "WOW Size": "6 pack",
    "WOW ppu": "$0.37 / 100SS"
  },
  {
    "Brand_Product_Size": "Sun Maid Sour Raisin Snacks Watermelon 7 pack",
    "WOW Price": 5,
    "WOW Size": "7 pack",
    "WOW ppu": "$35.71 / 1KG"
  },
  {
    "Brand_Product_Size": "Calidad Hp Printer Ink 61 Xl Black each",
    "WOW Price": 35,
    "WOW Size": "each",
    "WOW ppu": ""
  },
  {
    "Brand_Product_Size": "Comfort Fabric Conditioner Vanilla Orchid 750mL",
    "WOW Price": 7,
    "WOW Size": "750mL",
    "WOW ppu": "$9.33 / 1L"
  },
  {
    "Brand_Product_Size": "Schwarzkopf Live Salon Permanent 7-77 Pure Copper each",
    "WOW Price": 14,
    "WOW Size": "each",
    "WOW ppu": ""
  },
  {
    "Brand_Product_Size": "Schwarzkopf Live Salon Hair Colour 10.2 Extra Light Pearl Blonde each",
    "WOW Price": 14,
    "WOW Size": "each",
    "WOW ppu": ""
  },
  {
    "Brand_Product_Size": "Nivea Creme Soft Soap Bar 2x100g",
    "WOW Price": 2.5,
    "WOW Size": "2x100g",
    "WOW ppu": "$1.25 / 100G"
  },
  {
    "Brand_Product_Size": "Woolworths Prep Set Go Frozen Chopped Basil 90g",
    "WOW Price": 3.5,
    "WOW Size": "90g",
    "WOW ppu": "$38.89 / 1KG"
  },
  {
    "Brand_Product_Size": "Nature's Way Daily Probiotic Capsules 30 pack",
    "WOW Price": 15,
    "WOW Size": "30 pack",
    "WOW ppu": "$50.00 / 100EA"
  },
  {
    "Brand_Product_Size": "Optimum Adult With Lamb & Rice Wet Dog Food Tray 100g",
    "WOW Price": 1,
    "WOW Size": "100g",
    "WOW ppu": "$1.00 / 100G"
  },
  {
    "Brand_Product_Size": "Cottee's Breakfast Marmalade 250g",
    "WOW Price": 1.5,
    "WOW Size": "250g",
    "WOW ppu": "$0.60 / 100G"
  },
  {
    "Brand_Product_Size": "Kettle Honey Soy Chicken 175g",
    "WOW Price": 3.25,
    "WOW Size": "175g",
    "WOW ppu": "$1.86 / 100G"
  },
  {
    "Brand_Product_Size": "Smitten Seafood Selection Adult Wet Cat Food 12 pack",
    "WOW Price": 5.4,
    "WOW Size": "12 pack",
    "WOW ppu": "$0.53 / 100G"
  },
  {
    "Brand_Product_Size": "Dine Perfect Portions Pate Chicken Liver Wet Cat Food Trays 2x37.5g",
    "WOW Price": 1.2,
    "WOW Size": "2x37.5g",
    "WOW ppu": "$1.60 / 100G"
  },
  {
    "Brand_Product_Size": "Loacker Wafers Dark Chocolate Tortina 125g",
    "WOW Price": 2.5,
    "WOW Size": "125g",
    "WOW ppu": "$2.00 / 100G"
  },
  {
    "Brand_Product_Size": "Murray River Organics Walnuts Halves & Pieces 250g",
    "WOW Price": 9,
    "WOW Size": "250g",
    "WOW ppu": "$36.00 / 1KG"
  },
  {
    "Brand_Product_Size": "Masterfoods Squeezy Hot Chilli Sauce 250mL",
    "WOW Price": 2.2,
    "WOW Size": "250mL",
    "WOW ppu": "$0.88 / 100ML"
  },
  {
    "Brand_Product_Size": "Macro Organic Wholemeal Spaghetti 500g",
    "WOW Price": 1.65,
    "WOW Size": "500g",
    "WOW ppu": "$0.33 / 100G"
  },
  {
    "Brand_Product_Size": "Supafry Solid Oil 500g",
    "WOW Price": 3,
    "WOW Size": "500g",
    "WOW ppu": "$0.60 / 100G"
  },
  {
    "Brand_Product_Size": "Vege Chips Multi 12 Pack 250g",
    "WOW Price": 7,
    "WOW Size": "250g",
    "WOW ppu": "$2.80 / 100G"
  },
  {
    "Brand_Product_Size": "Vege Chips Multi 12 Pack 250g",
    "WOW Price": 7,
    "WOW Size": "250g",
    "WOW ppu": "$2.80 / 100G"
  },
  {
    "Brand_Product_Size": "Brutal Truth Antiperspirant Roll On Clean & Crisp 75mL",
    "WOW Price": 10,
    "WOW Size": "75mL",
    "WOW ppu": "$13.33 / 100ML"
  },
  {
    "Brand_Product_Size": "Betadine Anaesthetic Lozenges Honey & Lemon Flavour 36 pack",
    "WOW Price": 12,
    "WOW Size": "36 pack",
    "WOW ppu": "$0.33 / 1EA"
  },
  {
    "Brand_Product_Size": "Clairol Natural Instincts 23 Brown Black each",
    "WOW Price": 16,
    "WOW Size": "each",
    "WOW ppu": "$16.00 / 1EA"
  },
  {
    "Brand_Product_Size": "Calbee Harvest Snaps Original Salted 200g",
    "WOW Price": 5,
    "WOW Size": "200g",
    "WOW ppu": "$25.00 / 1KG"
  },
  {
    "Brand_Product_Size": "Mission Gluten Free Wraps 225g",
    "WOW Price": 5.5,
    "WOW Size": "225g",
    "WOW ppu": "$2.44 / 100G"
  },
  {
    "Brand_Product_Size": "Elmer's Gue Cosmic Shimmer Premade Slime 236.5mL",
    "WOW Price": 6,
    "WOW Size": "236.5mL",
    "WOW ppu": "$6.00 / 1EA"
  },
  {
    "Brand_Product_Size": "Sellotape Tape Double Sided 12mmx10mm each",
    "WOW Price": 3,
    "WOW Size": "each",
    "WOW ppu": ""
  },
  {
    "Brand_Product_Size": "Olina's Parmesan & Onion Crackers 90g",
    "WOW Price": 3.5,
    "WOW Size": "90g",
    "WOW ppu": "$3.89 / 100G"
  },
  {
    "Brand_Product_Size": "Health Lab Kids Probiotic Bites Peanut Butter 100g",
    "WOW Price": 4.5,
    "WOW Size": "100g",
    "WOW ppu": "$4.50 / 100G"
  },
  {
    "Brand_Product_Size": "Fancy Feast Adult Petit Cuisine Chicken Turkey Grilled Wet Cat Food 50g x6 pack",
    "WOW Price": 5,
    "WOW Size": "50g x6 pack",
    "WOW ppu": "$1.67 / 100G"
  },
  {
    "Brand_Product_Size": "Gullon No Added Sugar Choc Twin Biscuits 147g",
    "WOW Price": 3,
    "WOW Size": "147g",
    "WOW ppu": "$2.04 / 100G"
  },
  {
    "Brand_Product_Size": "Hoyt's Mixed Herbs 25g",
    "WOW Price": 1.6,
    "WOW Size": "25g",
    "WOW ppu": "$0.64 / 10G"
  },
  {
    "Brand_Product_Size": "Robert Timms Gold Colombia Coffee Bags 28 pack",
    "WOW Price": 9.65,
    "WOW Size": "28 pack",
    "WOW ppu": "$0.34 / 1EA"
  },
  {
    "Brand_Product_Size": "Robert Timms Gold Colombia Coffee Bags 28 pack",
    "WOW Price": 9.65,
    "WOW Size": "28 pack",
    "WOW ppu": "$0.34 / 1EA"
  },
  {
    "Brand_Product_Size": "Jason Insulux Fully Fitted Electric Blanket Queen each",
    "WOW Price": 50,
    "WOW Size": "each",
    "WOW ppu": ""
  },
  {
    "Brand_Product_Size": "Garnier Olia Permanent Hair Colour 7.0 Dark Blonde each",
    "WOW Price": 17,
    "WOW Size": "each",
    "WOW ppu": ""
  },
  {
    "Brand_Product_Size": "Thankyou. Milk Body Wash - Botanical Lemon Myrtle & Goat's Milk 1L",
    "WOW Price": 13,
    "WOW Size": "1L",
    "WOW ppu": "$1.30 / 100ML"
  },
  {
    "Brand_Product_Size": "Deep Cove Mackerel In Tomato Sauce 425g",
    "WOW Price": 2.7,
    "WOW Size": "425g",
    "WOW ppu": "$6.35 / 1KG"
  },
  {
    "Brand_Product_Size": "Woolworths Rice Crackers Purple Sweet Potato 100g",
    "WOW Price": 1.4,
    "WOW Size": "100g",
    "WOW ppu": "$1.40 / 100G"
  },
  {
    "Brand_Product_Size": "Macleans Toothpaste Multi Action Whitening Fluoride 170g",
    "WOW Price": 3,
    "WOW Size": "170g",
    "WOW ppu": "$1.76 / 100G"
  },
  {
    "Brand_Product_Size": "Yoplait Forme Zero French Vanilla Yoghurt 1kg",
    "WOW Price": 4,
    "WOW Size": "1kg",
    "WOW ppu": "$0.40 / 100G"
  },
  {
    "Brand_Product_Size": "Masterfoods Shaker Fries Charcoal Chicken Flavour Seasoning 185g",
    "WOW Price": 2.5,
    "WOW Size": "185g",
    "WOW ppu": "$0.14 / 10G"
  },
  {
    "Brand_Product_Size": "Juicy Isle Caramel Topping 375mL",
    "WOW Price": 2,
    "WOW Size": "375mL",
    "WOW ppu": "$0.53 / 100ML"
  },
  {
    "Brand_Product_Size": "Chobani Flip Greek Yoghurt Almond Coco Loco 140g",
    "WOW Price": 3,
    "WOW Size": "140g",
    "WOW ppu": "$2.14 / 100G"
  },
  {
    "Brand_Product_Size": "Chobani Flip Greek Yoghurt Almond Coco Loco 140g",
    "WOW Price": 3,
    "WOW Size": "140g",
    "WOW ppu": "$2.14 / 100G"
  },
  {
    "Brand_Product_Size": "Red Rock Deli Dip Beetroot, Feta & Cashew 150g",
    "WOW Price": 4.5,
    "WOW Size": "150g",
    "WOW ppu": "$3.00 / 100G"
  },
  {
    "Brand_Product_Size": "Urbane Mess Grooming Wax 85g",
    "WOW Price": 8,
    "WOW Size": "85g",
    "WOW ppu": "$9.41 / 100G"
  },
  {
    "Brand_Product_Size": "Playgro Activity Rattle each",
    "WOW Price": 10,
    "WOW Size": "each",
    "WOW ppu": ""
  },
  {
    "Brand_Product_Size": "Sally Hansen Miracle Gel Rhapsody Red each",
    "WOW Price": 8.5,
    "WOW Size": "each",
    "WOW ppu": "$5.67 / 10ML"
  },
  {
    "Brand_Product_Size": "Oscar Orsen Kids Polyband Assorted 60 pack",
    "WOW Price": 5.4,
    "WOW Size": "60 pack",
    "WOW ppu": ""
  },
  {
    "Brand_Product_Size": "Whole Kids Organic Wholegrain Turtle Puffs Sweetcorn & Carrot 10g",
    "WOW Price": 1.6,
    "WOW Size": "10g",
    "WOW ppu": "$16.00 / 100G"
  },
  {
    "Brand_Product_Size": "Radox Body Wash Feel Heavenly With Coconut Extract 1L",
    "WOW Price": 7,
    "WOW Size": "1L",
    "WOW ppu": "$0.70 / 100ML"
  },
  {
    "Brand_Product_Size": "Bertocchi Double Smoked Ham Off The Bone Freshly Sliced From The Deli per kg",
    "WOW Price": 31.5,
    "WOW Size": "per kg",
    "WOW ppu": "$31.50 / 1KG"
  },
  {
    "Brand_Product_Size": "For Her Crew Socks White Size 5-8 5 pack",
    "WOW Price": 7,
    "WOW Size": "5 pack",
    "WOW ppu": ""
  },
  {
    "Brand_Product_Size": "Dollar Sweets Ready To Roll Black Fondant 250g",
    "WOW Price": 3.5,
    "WOW Size": "250g",
    "WOW ppu": "$1.40 / 100G"
  },
  {
    "Brand_Product_Size": "Rimmel Lasting Finish 25hr Foundation Classic Beige 30mL",
    "WOW Price": 9.5,
    "WOW Size": "30mL",
    "WOW ppu": "$3.17 / 10ML"
  },
  {
    "Brand_Product_Size": "Woolworths Whipped Cream 250g",
    "WOW Price": 4,
    "WOW Size": "250g",
    "WOW ppu": "$1.60 / 100G"
  },
  {
    "Brand_Product_Size": "Jack The Barber Double Edge Razor (long) each",
    "WOW Price": 12,
    "WOW Size": "each",
    "WOW ppu": "$12.00 / 1EA"
  },
  {
    "Brand_Product_Size": "Obento Japanese Panko Breadcrumbs 200g",
    "WOW Price": 2.3,
    "WOW Size": "200g",
    "WOW ppu": "$1.15 / 100G"
  },
  {
    "Brand_Product_Size": "Sukin Signature Cleansing Hand Wash 500mL",
    "WOW Price": 8,
    "WOW Size": "500mL",
    "WOW ppu": "$1.60 / 100ML"
  },
  {
    "Brand_Product_Size": "Method Body Wash Pure Peace 532mL",
    "WOW Price": 8,
    "WOW Size": "532mL",
    "WOW ppu": "$1.50 / 100ML"
  },
  {
    "Brand_Product_Size": "Cadbury Chocolate Bar Wispa 36g",
    "WOW Price": 2.2,
    "WOW Size": "36g",
    "WOW ppu": "$6.11 / 100G"
  },
  {
    "Brand_Product_Size": "Voltaren Muscle And Back Pain Relief Emulgel 100g",
    "WOW Price": 16.4,
    "WOW Size": "100g",
    "WOW ppu": "$16.40 / 100G"
  },
  {
    "Brand_Product_Size": "Artline Calligraphy Assorted 4 pack",
    "WOW Price": 10,
    "WOW Size": "4 pack",
    "WOW ppu": ""
  },
  {
    "Brand_Product_Size": "Mccain Family Pizza Bbq Chicken & Pineapple 500g",
    "WOW Price": 7,
    "WOW Size": "500g",
    "WOW ppu": "$1.40 / 100G"
  },
  {
    "Brand_Product_Size": "Estel Premium Alkaline Sport Water 750mL",
    "WOW Price": 3.15,
    "WOW Size": "750mL",
    "WOW ppu": "$4.20 / 1L"
  },
  {
    "Brand_Product_Size": "Estel Premium Alkaline Sport Water 750mL",
    "WOW Price": 3.15,
    "WOW Size": "750mL",
    "WOW ppu": "$4.20 / 1L"
  },
  {
    "Brand_Product_Size": "Massel 7's Cubes Gluten Free Vegetable 35g",
    "WOW Price": 1,
    "WOW Size": "35g",
    "WOW ppu": "$0.29 / 10G"
  },
  {
    "Brand_Product_Size": "Patties Party Pack 1.25kg",
    "WOW Price": 15.5,
    "WOW Size": "1.25kg",
    "WOW ppu": "$1.24 / 100G"
  },
  {
    "Brand_Product_Size": "Sealord Hoki Fillets Tempura Battered 450g",
    "WOW Price": 7.5,
    "WOW Size": "450g",
    "WOW ppu": "$16.67 / 1KG"
  },
  {
    "Brand_Product_Size": "Gillette Fusion Proglide Manual Shaving Razor & Blade Flexball Handle each",
    "WOW Price": 20,
    "WOW Size": "each",
    "WOW ppu": ""
  },
  {
    "Brand_Product_Size": "Kellogg's Sultana Bran High Fibre Breakfast Cereal 420g",
    "WOW Price": 5.3,
    "WOW Size": "420g",
    "WOW ppu": "$1.26 / 100G"
  },
  {
    "Brand_Product_Size": "Schick Hydro Silk Womens Disposable Razor 2 pack",
    "WOW Price": 7,
    "WOW Size": "2 pack",
    "WOW ppu": "$3.50 / 1EA"
  },
  {
    "Brand_Product_Size": "Woolworths Custard Cream Biscuit 140g",
    "WOW Price": 0.7,
    "WOW Size": "140g",
    "WOW ppu": "$0.50 / 100G"
  },
  {
    "Brand_Product_Size": "Bega Cream Cheese Spread Bold 500g",
    "WOW Price": 6.5,
    "WOW Size": "500g",
    "WOW ppu": "$13.00 / 1KG"
  },
  {
    "Brand_Product_Size": "Chang's Rice Vermicelli 250g",
    "WOW Price": 2,
    "WOW Size": "250g",
    "WOW ppu": "$0.80 / 100G"
  },
  {
    "Brand_Product_Size": "Mainland On The Go Tasty Cheese And Crackers 50g",
    "WOW Price": 2.5,
    "WOW Size": "50g",
    "WOW ppu": "$50.00 / 1KG"
  },
  {
    "Brand_Product_Size": "Mainland On The Go Tasty Cheese And Crackers 50g",
    "WOW Price": 2.5,
    "WOW Size": "50g",
    "WOW ppu": "$50.00 / 1KG"
  },
  {
    "Brand_Product_Size": "Beerenberg Sweet Mustard Pickle 265g",
    "WOW Price": 4,
    "WOW Size": "265g",
    "WOW ppu": "$1.51 / 100G"
  },
  {
    "Brand_Product_Size": "Muscletech Hydroxycut Max For Women Liquid Capsules 60 pack",
    "WOW Price": 40,
    "WOW Size": "60 pack",
    "WOW ppu": "$66.67 / 100EA"
  },
  {
    "Brand_Product_Size": "John West Salmon Pink 105g",
    "WOW Price": 3.3,
    "WOW Size": "105g",
    "WOW ppu": "$31.43 / 1KG"
  },
  {
    "Brand_Product_Size": "Armor All Car Care Multi Purpose Cleaner 500mL",
    "WOW Price": 9,
    "WOW Size": "500mL",
    "WOW ppu": "$1.80 / 100ML"
  },
  {
    "Brand_Product_Size": "Essentials Plastic Knives 20 pack",
    "WOW Price": 1,
    "WOW Size": "20 pack",
    "WOW ppu": "$1.00 / 1EA"
  },
  {
    "Brand_Product_Size": "San Remo Spaghetti Tube Pasta No 6 500g",
    "WOW Price": 2.6,
    "WOW Size": "500g",
    "WOW ppu": "$0.52 / 100G"
  },
  {
    "Brand_Product_Size": "John West Mackerel Fillets In Olive Oil 125g",
    "WOW Price": 3.3,
    "WOW Size": "125g",
    "WOW ppu": "$26.40 / 1KG"
  },
  {
    "Brand_Product_Size": "Clairol Nice N Easy Root Touch-up 8 Medium Blonde each",
    "WOW Price": 13,
    "WOW Size": "each",
    "WOW ppu": ""
  },
  {
    "Brand_Product_Size": "Nexba Strawberry Sugar-free Liquid Brekkie 250mL x3 pack",
    "WOW Price": 2.87,
    "WOW Size": "250mL x3 pack",
    "WOW ppu": "$3.83 / 1L"
  },
  {
    "Brand_Product_Size": "Macro Dried Mixed Fruit 1kg",
    "WOW Price": 8.6,
    "WOW Size": "1kg",
    "WOW ppu": "$8.60 / 1KG"
  },
  {
    "Brand_Product_Size": "Schick Razor Blades Quattro For Women Cartridges 4 pack",
    "WOW Price": 10,
    "WOW Size": "4 pack",
    "WOW ppu": "$2.50 / 1EA"
  },
  {
    "Brand_Product_Size": "Pauls Vanilla Custard 1kg",
    "WOW Price": 4.2,
    "WOW Size": "1kg",
    "WOW ppu": "$0.42 / 100G"
  },
  {
    "Brand_Product_Size": "Clairol Natural Instincts 6a Light Cool Brown each",
    "WOW Price": 16,
    "WOW Size": "each",
    "WOW ppu": "$16.00 / 1EA"
  },
  {
    "Brand_Product_Size": "Yumi's Fried Fish Balls 400g",
    "WOW Price": 14.55,
    "WOW Size": "400g",
    "WOW ppu": "$36.38 / 1KG"
  },
  {
    "Brand_Product_Size": "Nivea Cooling Moisturiser Sunscreen Spray Lotion Spf50+ 300mL",
    "WOW Price": 21,
    "WOW Size": "300mL",
    "WOW ppu": "$7.00 / 100ML"
  },
  {
    "Brand_Product_Size": "Dettol Antibacterial Disinfectant Surface Cleaning Wipes 120 pack",
    "WOW Price": 10,
    "WOW Size": "120 pack",
    "WOW ppu": "$0.08 / 1EA"
  },
  {
    "Brand_Product_Size": "Clean Wooden Pegs 60 pack",
    "WOW Price": 3.5,
    "WOW Size": "60 pack",
    "WOW ppu": ""
  },
  {
    "Brand_Product_Size": "Sunrice Quick Cups Microwave Long Grain White Rice 250g",
    "WOW Price": 2,
    "WOW Size": "250g",
    "WOW ppu": "$0.80 / 100G"
  },
  {
    "Brand_Product_Size": "Sally Hansen Xtreme Wear Nail Polish Black Out 12mL",
    "WOW Price": 3.5,
    "WOW Size": "12mL",
    "WOW ppu": "$2.97 / 10ML"
  },
  {
    "Brand_Product_Size": "Daily Juice Pop Top Apple Juice 250mL",
    "WOW Price": 2,
    "WOW Size": "250mL",
    "WOW ppu": "$8.00 / 1L"
  },
  {
    "Brand_Product_Size": "Vittoria Italian Ground 200g",
    "WOW Price": 3,
    "WOW Size": "200g",
    "WOW ppu": "$1.50 / 100G"
  },
  {
    "Brand_Product_Size": "Vittoria Italian Ground 200g",
    "WOW Price": 3,
    "WOW Size": "200g",
    "WOW ppu": "$1.50 / 100G"
  },
  {
    "Brand_Product_Size": "Woolworths Free From Gluten Gingernut Biscuit 155g",
    "WOW Price": 2.7,
    "WOW Size": "155g",
    "WOW ppu": "$1.74 / 100G"
  },
  {
    "Brand_Product_Size": "Woolworths Free From Gluten Gingernut Biscuit 155g",
    "WOW Price": 2.7,
    "WOW Size": "155g",
    "WOW ppu": "$1.74 / 100G"
  },
  {
    "Brand_Product_Size": "On The Menu Roast Chicken Rolls 179g",
    "WOW Price": 4.4,
    "WOW Size": "179g",
    "WOW ppu": "$2.46 / 100G"
  },
  {
    "Brand_Product_Size": "Golden Circle Pine Orange Fruit Drink 1L",
    "WOW Price": 2.25,
    "WOW Size": "1L",
    "WOW ppu": "$2.25 / 1L"
  },
  {
    "Brand_Product_Size": "Mckenzie's Baking Aids Gelatine 100g",
    "WOW Price": 3.7,
    "WOW Size": "100g",
    "WOW ppu": "$3.70 / 100G"
  },
  {
    "Brand_Product_Size": "Simple Kind To Skin Facial Wipes Cleansing Twin Pack 2 pack",
    "WOW Price": 8.8,
    "WOW Size": "2 pack",
    "WOW ppu": "$0.18 / 1EA"
  },
  {
    "Brand_Product_Size": "Eclipse Strawberry Mints Sugar Free Large Tin 40g",
    "WOW Price": 3,
    "WOW Size": "40g",
    "WOW ppu": "$7.50 / 100G"
  },
  {
    "Brand_Product_Size": "Pure Pops Mini Pack Ice Pops 12 pack",
    "WOW Price": 19,
    "WOW Size": "12 pack",
    "WOW ppu": "$3.52 / 100ML"
  },
  {
    "Brand_Product_Size": "Atkins Endulge Bar Milk Chocolate 30g",
    "WOW Price": 3,
    "WOW Size": "30g",
    "WOW ppu": "$10.00 / 100G"
  },
  {
    "Brand_Product_Size": "Woolworths Australian Butter Salted 250g",
    "WOW Price": 3.25,
    "WOW Size": "250g",
    "WOW ppu": "$1.30 / 100G"
  },
  {
    "Brand_Product_Size": "Armada Pattern Paper Plates 10 pack",
    "WOW Price": 3,
    "WOW Size": "10 pack",
    "WOW ppu": ""
  },
  {
    "Brand_Product_Size": "Ocean Blue Surimi Sea Sticks 150g",
    "WOW Price": 4.8,
    "WOW Size": "150g",
    "WOW ppu": "$32.00 / 1KG"
  },
  {
    "Brand_Product_Size": "Finish Powerball All In 1 Max Dishwasher Tablets Lemon 53 pack",
    "WOW Price": 21,
    "WOW Size": "53 pack",
    "WOW ppu": "$0.40 / 1EA"
  },
  {
    "Brand_Product_Size": "Whiskas Chicken & Rabbit Adult Dry Cat Food 800g",
    "WOW Price": 5,
    "WOW Size": "800g",
    "WOW ppu": "$0.63 / 100G"
  },
  {
    "Brand_Product_Size": "Swisse Ultiboost Vitamin B12 60 pack",
    "WOW Price": 18,
    "WOW Size": "60 pack",
    "WOW ppu": "$30.00 / 100EA"
  },
  {
    "Brand_Product_Size": "Norco Elbo Style Cheese Block 500g",
    "WOW Price": 10,
    "WOW Size": "500g",
    "WOW ppu": "$20.00 / 1KG"
  },
  {
    "Brand_Product_Size": "Ob Finest Wafer Crackers Chilli Lime 100g",
    "WOW Price": 3,
    "WOW Size": "100g",
    "WOW ppu": "$3.00 / 100G"
  },
  {
    "Brand_Product_Size": "Omo Expert Odour Eliminator 1.8L",
    "WOW Price": 22,
    "WOW Size": "1.8L",
    "WOW ppu": "$12.22 / 1L"
  },
  {
    "Brand_Product_Size": "Ogx Brazilian Keratin Therapy Shampoo 385mL",
    "WOW Price": 20,
    "WOW Size": "385mL",
    "WOW ppu": "$5.19 / 100ML"
  },
  {
    "Brand_Product_Size": "Supercoat Adult True Origin Salmon & Ocean Fish Dry Dog Food 7kg",
    "WOW Price": 33,
    "WOW Size": "7kg",
    "WOW ppu": "$0.47 / 100G"
  },
  {
    "Brand_Product_Size": "Korbond Sewing Bag Kit With Zipper each",
    "WOW Price": 12,
    "WOW Size": "each",
    "WOW ppu": ""
  },
  {
    "Brand_Product_Size": "Bfree Pita Pockets 6 pack",
    "WOW Price": 7,
    "WOW Size": "6 pack",
    "WOW ppu": "$3.65 / 100G"
  },
  {
    "Brand_Product_Size": "Woolworths Family Assorted Biscuits 500g",
    "WOW Price": 3.5,
    "WOW Size": "500g",
    "WOW ppu": "$0.70 / 100G"
  },
  {
    "Brand_Product_Size": "Razzamatazz Luxe Anklet 1 Size Soft Black each",
    "WOW Price": 5,
    "WOW Size": "each",
    "WOW ppu": ""
  },
  {
    "Brand_Product_Size": "Higher Living Sweet Dreams Tea Bags 15 pack",
    "WOW Price": 3.7,
    "WOW Size": "15 pack",
    "WOW ppu": "$0.25 / 1EA"
  },
  {
    "Brand_Product_Size": "Higher Living Sweet Dreams Tea Bags 15 pack",
    "WOW Price": 3.7,
    "WOW Size": "15 pack",
    "WOW ppu": "$0.25 / 1EA"
  },
  {
    "Brand_Product_Size": "Fehlbergs Jalapenos Pickled 470g",
    "WOW Price": 3.65,
    "WOW Size": "470g",
    "WOW ppu": "$7.77 / 1KG"
  },
  {
    "Brand_Product_Size": "Temptation Bakeries Petite Quiche 30 pack",
    "WOW Price": 9,
    "WOW Size": "30 pack",
    "WOW ppu": "$1.80 / 100G"
  },
  {
    "Brand_Product_Size": "Mount Franklin Still Water Bottle 500mL x6 pack",
    "WOW Price": 3.35,
    "WOW Size": "500mL x6 pack",
    "WOW ppu": "$1.12 / 1L"
  },
  {
    "Brand_Product_Size": "Mount Franklin Still Water Bottle 500mL x6 pack",
    "WOW Price": 3.35,
    "WOW Size": "500mL x6 pack",
    "WOW ppu": "$1.12 / 1L"
  },
  {
    "Brand_Product_Size": "L'oreal Age Perfect Face Cream At Night 50mL",
    "WOW Price": 19.75,
    "WOW Size": "50mL",
    "WOW ppu": "$39.50 / 100ML"
  },
  {
    "Brand_Product_Size": "Pana Double Chocolate Sticks 3 pack",
    "WOW Price": 9,
    "WOW Size": "3 pack",
    "WOW ppu": "$2.86 / 100ML"
  },
  {
    "Brand_Product_Size": "My Dog Gourmet Beef Loaf Classics Wet Dog Food Trays 100g x6 pack",
    "WOW Price": 8.5,
    "WOW Size": "100g x6 pack",
    "WOW ppu": "$1.42 / 100G"
  },
  {
    "Brand_Product_Size": "Gippsland Limited Edition Twist Yoghurt 720g",
    "WOW Price": 7,
    "WOW Size": "720g",
    "WOW ppu": "$0.97 / 100G"
  },
  {
    "Brand_Product_Size": "Buono Non-dairy Mochi Coconut 156g",
    "WOW Price": 7,
    "WOW Size": "156g",
    "WOW ppu": "$4.49 / 100G"
  },
  {
    "Brand_Product_Size": "Mt Elephant Almond & Buckwheat Pancake Mix 230g",
    "WOW Price": 8,
    "WOW Size": "230g",
    "WOW ppu": "$3.48 / 100G"
  },
  {
    "Brand_Product_Size": "Byron Bay Chilli Co. Chilli Sauce Fiery Coconut 250mL",
    "WOW Price": 3.9,
    "WOW Size": "250mL",
    "WOW ppu": "$1.56 / 100ML"
  },
  {
    "Brand_Product_Size": "Oral-b Gum Care & Bacteria Defence Mint Toothpaste 110g",
    "WOW Price": 7,
    "WOW Size": "110g",
    "WOW ppu": "$6.36 / 100G"
  },
  {
    "Brand_Product_Size": "Guilleteau Le Fromager Double Cream Specialty per kg",
    "WOW Price": 75,
    "WOW Size": "per kg",
    "WOW ppu": "$75.00 / 1KG"
  },
  {
    "Brand_Product_Size": "Guilleteau Le Fromager Double Cream Specialty per kg",
    "WOW Price": 75,
    "WOW Size": "per kg",
    "WOW ppu": "$75.00 / 1KG"
  },
  {
    "Brand_Product_Size": "Queen Glucose Syrup 500g",
    "WOW Price": 4.5,
    "WOW Size": "500g",
    "WOW ppu": "$0.90 / 100G"
  },
  {
    "Brand_Product_Size": "Banana Boat Dry Balance Lotion Spf 50 Plus 175mL",
    "WOW Price": 16,
    "WOW Size": "175mL",
    "WOW ppu": "$9.14 / 100ML"
  },
  {
    "Brand_Product_Size": "Budget Blue Tarp 2.4m X 3.0m (8x10) 0.56kg",
    "WOW Price": 12,
    "WOW Size": "0.56kg",
    "WOW ppu": "$12.00 / 1EA"
  },
  {
    "Brand_Product_Size": "Nescafe Blend 43 Black Roast 100g",
    "WOW Price": 9.4,
    "WOW Size": "100g",
    "WOW ppu": "$9.40 / 100G"
  },
  {
    "Brand_Product_Size": "Nescafe Blend 43 Black Roast 100g",
    "WOW Price": 9.4,
    "WOW Size": "100g",
    "WOW ppu": "$9.40 / 100G"
  },
  {
    "Brand_Product_Size": "V Energy Sugar Free Drink 4 pack",
    "WOW Price": 6.6,
    "WOW Size": "4 pack",
    "WOW ppu": "$6.00 / 1L"
  },
  {
    "Brand_Product_Size": "Hercules Click Zip Resealable Snack Size Sandwich Bags 65 pack",
    "WOW Price": 2.2,
    "WOW Size": "65 pack",
    "WOW ppu": "$0.03 / 1EA"
  },
  {
    "Brand_Product_Size": "Hercules Click Zip Resealable Snack Size Sandwich Bags 65 pack",
    "WOW Price": 2.2,
    "WOW Size": "65 pack",
    "WOW ppu": "$0.03 / 1EA"
  },
  {
    "Brand_Product_Size": "Huon Salmon To Go Classic Trim Cold Smoked Salmon 90g",
    "WOW Price": 6,
    "WOW Size": "90g",
    "WOW ppu": "$66.67 / 1KG"
  },
  {
    "Brand_Product_Size": "Mint Cotton Cooking Twine 100 Meters each",
    "WOW Price": 3,
    "WOW Size": "each",
    "WOW ppu": ""
  },
  {
    "Brand_Product_Size": "Surf Life Saving Sunscreen Sport Spf 50+ 200mL",
    "WOW Price": 16.5,
    "WOW Size": "200mL",
    "WOW ppu": "$8.25 / 100ML"
  },
  {
    "Brand_Product_Size": "Schick Mens Razor Disposable Xtreme 3 Sensitive 4 pack",
    "WOW Price": 4,
    "WOW Size": "4 pack",
    "WOW ppu": "$1.00 / 1EA"
  },
  {
    "Brand_Product_Size": "Woolworths Hearty Beef & Vegetable Soup 500g",
    "WOW Price": 5,
    "WOW Size": "500g",
    "WOW ppu": "$1.00 / 100G"
  },
  {
    "Brand_Product_Size": "Thins Chips Chicken 175g",
    "WOW Price": 3.5,
    "WOW Size": "175g",
    "WOW ppu": "$2.00 / 100G"
  },
  {
    "Brand_Product_Size": "San Marino Prosciutto 100g",
    "WOW Price": 5.5,
    "WOW Size": "100g",
    "WOW ppu": "$55.00 / 1KG"
  },
  {
    "Brand_Product_Size": "Kellogg's Special K Gluten Free Breakfast Cereal 330g",
    "WOW Price": 5.5,
    "WOW Size": "330g",
    "WOW ppu": "$1.67 / 100G"
  },
  {
    "Brand_Product_Size": "Mud Pressed Powder 002 Beige 5g",
    "WOW Price": 4.5,
    "WOW Size": "5g",
    "WOW ppu": "$9.00 / 10G"
  },
  {
    "Brand_Product_Size": "Macro Fruit Prunes Pitted 250g",
    "WOW Price": 3.5,
    "WOW Size": "250g",
    "WOW ppu": "$14.00 / 1KG"
  },
  {
    "Brand_Product_Size": "Nature's Way Vitagummies Omega-3 110 pack",
    "WOW Price": 10,
    "WOW Size": "110 pack",
    "WOW ppu": "$9.09 / 100EA"
  },
  {
    "Brand_Product_Size": "Cover Girl & Olay Simply Ageless Foundation 240 Natural Beige 12g",
    "WOW Price": 12.75,
    "WOW Size": "12g",
    "WOW ppu": "$10.63 / 10G"
  },
  {
    "Brand_Product_Size": "3m Command Picture Hanging Strips Large Black each",
    "WOW Price": 7.5,
    "WOW Size": "each",
    "WOW ppu": "$1.88 / 1EA"
  },
  {
    "Brand_Product_Size": "Byron Beef Jerky Salami Bites 40g",
    "WOW Price": 4.95,
    "WOW Size": "40g",
    "WOW ppu": "$123.75 / 1KG"
  },
  {
    "Brand_Product_Size": "Uncle Tobys Cereal Plus Iron 710g",
    "WOW Price": 7.5,
    "WOW Size": "710g",
    "WOW ppu": "$1.06 / 100G"
  },
  {
    "Brand_Product_Size": "Barilla Casarecce Pasta 500g",
    "WOW Price": 2.75,
    "WOW Size": "500g",
    "WOW ppu": "$0.55 / 100G"
  },
  {
    "Brand_Product_Size": "Grillworx Bbq 2 In 1 Rake & Scraper each",
    "WOW Price": 8,
    "WOW Size": "each",
    "WOW ppu": "$8.00 / 1EA"
  },
  {
    "Brand_Product_Size": "T'gallant Light & Fresh Sparkling Rose 750mL",
    "WOW Price": 17,
    "WOW Size": "750mL",
    "WOW ppu": ""
  },
  {
    "Brand_Product_Size": "Bickford's Immunity Support 1L",
    "WOW Price": 7,
    "WOW Size": "1L",
    "WOW ppu": "$7.00 / 1L"
  },
  {
    "Brand_Product_Size": "Uncle Tobys Rolled Oats Big Bowl Quick Sachets Creamy Honey 8 pack",
    "WOW Price": 5,
    "WOW Size": "8 pack",
    "WOW ppu": "$1.36 / 100G"
  },
  {
    "Brand_Product_Size": "Kellogg's Nutri-grain Oak Vanilla Malt Flavour 435g",
    "WOW Price": 3.37,
    "WOW Size": "435g",
    "WOW ppu": "$0.77 / 100G"
  },
  {
    "Brand_Product_Size": "Coca-cola No Sugar Soft Drink Bottle 600mL",
    "WOW Price": 3.65,
    "WOW Size": "600mL",
    "WOW ppu": "$6.08 / 1L"
  },
  {
    "Brand_Product_Size": "Nuby Tritan Weighted Straw Bottle 270mL",
    "WOW Price": 15,
    "WOW Size": "270mL",
    "WOW ppu": "$15.00 / 1EA"
  },
  {
    "Brand_Product_Size": "My Eco Bag Compostable Kitchen Bags Mini 8l 25 pack",
    "WOW Price": 4,
    "WOW Size": "25 pack",
    "WOW ppu": "$0.16 / 1EA"
  },
  {
    "Brand_Product_Size": "San Remo Pulse Pasta Red Lentils 250g",
    "WOW Price": 4.2,
    "WOW Size": "250g",
    "WOW ppu": "$1.68 / 100G"
  },
  {
    "Brand_Product_Size": "Toblerone Milk Chocolate Bar 50g",
    "WOW Price": 1.5,
    "WOW Size": "50g",
    "WOW ppu": "$3.00 / 100G"
  },
  {
    "Brand_Product_Size": "Woolworths Plantitude Pad Thai Tofu With Noodles 350g",
    "WOW Price": 5,
    "WOW Size": "350g",
    "WOW ppu": "$1.43 / 100G"
  },
  {
    "Brand_Product_Size": "Gc Tooth Mousse Strawberry 40g",
    "WOW Price": 30,
    "WOW Size": "40g",
    "WOW ppu": "$75.00 / 100G"
  },
  {
    "Brand_Product_Size": "Arnott's Tim Tam Choc Double Coated 200g",
    "WOW Price": 4,
    "WOW Size": "200g",
    "WOW ppu": "$2.00 / 100G"
  },
  {
    "Brand_Product_Size": "Cenovis Hair, Skin & Nails Tablets 60 pack",
    "WOW Price": 16.5,
    "WOW Size": "60 pack",
    "WOW ppu": "$27.50 / 100EA"
  },
  {
    "Brand_Product_Size": "Great Temptations Gluten Free Double Choc Chip Muffins 4 pack",
    "WOW Price": 5,
    "WOW Size": "4 pack",
    "WOW ppu": "$2.78 / 100G"
  },
  {
    "Brand_Product_Size": "Nutella & Go Hazelnut Spread With Breadsticks 48g",
    "WOW Price": 2.5,
    "WOW Size": "48g",
    "WOW ppu": "$5.21 / 100G"
  },
  {
    "Brand_Product_Size": "Paperclick A4 10 Tab Divider each",
    "WOW Price": 2.5,
    "WOW Size": "each",
    "WOW ppu": ""
  },
  {
    "Brand_Product_Size": "Heinz Soup Classic Potato & Leek 535g",
    "WOW Price": 2,
    "WOW Size": "535g",
    "WOW ppu": "$0.37 / 100G"
  },
  {
    "Brand_Product_Size": "Lavazza Qualita Oro Ground Coffee 500g",
    "WOW Price": 16,
    "WOW Size": "500g",
    "WOW ppu": "$3.20 / 100G"
  },
  {
    "Brand_Product_Size": "Lavazza Qualita Oro Ground Coffee 500g",
    "WOW Price": 16,
    "WOW Size": "500g",
    "WOW ppu": "$3.20 / 100G"
  },
  {
    "Brand_Product_Size": "Ob Finest Cracker Cashew Rosemary 150g",
    "WOW Price": 6,
    "WOW Size": "150g",
    "WOW ppu": "$4.00 / 100G"
  },
  {
    "Brand_Product_Size": "Korbond Party Candle Metallics Number 1 19g",
    "WOW Price": 1.5,
    "WOW Size": "19g",
    "WOW ppu": "$1.50 / 1EA"
  },
  {
    "Brand_Product_Size": "Woolworths Chocolate Hard Set Topping 220g",
    "WOW Price": 3,
    "WOW Size": "220g",
    "WOW ppu": "$1.36 / 100G"
  },
  {
    "Brand_Product_Size": "Nobby's Salted Peanuts 375g",
    "WOW Price": 2.45,
    "WOW Size": "375g",
    "WOW ppu": "$6.53 / 1KG"
  },
  {
    "Brand_Product_Size": "Mckenzie's Tapioca Flour 300g",
    "WOW Price": 2.95,
    "WOW Size": "300g",
    "WOW ppu": "$9.83 / 1KG"
  },
  {
    "Brand_Product_Size": "Neutrogena Hydro Boost Hydrating Sleeping Mask 10mL",
    "WOW Price": 5,
    "WOW Size": "10mL",
    "WOW ppu": "$50.00 / 100ML"
  },
  {
    "Brand_Product_Size": "Cuddly Aroma Collections Fabric Softener Sachet Relaxing 300mL",
    "WOW Price": 2.69,
    "WOW Size": "300mL",
    "WOW ppu": "$8.97 / 1L"
  },
  {
    "Brand_Product_Size": "Old El Paso Tortilla Pocket Kit 375g",
    "WOW Price": 7.5,
    "WOW Size": "375g",
    "WOW ppu": "$2.00 / 100G"
  },
  {
    "Brand_Product_Size": "Tassal Tasmanian Atlantic Salmon Skin Off 260g",
    "WOW Price": 11,
    "WOW Size": "260g",
    "WOW ppu": "$42.31 / 1KG"
  },
  {
    "Brand_Product_Size": "The Happy Snack Company Crunchy Roasted Chickpeas Lime & Cracked Pepper 6 pack",
    "WOW Price": 5.3,
    "WOW Size": "6 pack",
    "WOW ppu": "$3.53 / 100G"
  },
  {
    "Brand_Product_Size": "Mother Berry Energy Drink 500mL x4 pack",
    "WOW Price": 6.85,
    "WOW Size": "500mL x4 pack",
    "WOW ppu": "$3.43 / 1L"
  },
  {
    "Brand_Product_Size": "Mcobeauty Fatlash Mascara Black 11mL",
    "WOW Price": 9,
    "WOW Size": "11mL",
    "WOW ppu": "$8.18 / 10ML"
  },
  {
    "Brand_Product_Size": "Vittoria Mountain Grown Coffee Beans 1kg",
    "WOW Price": 36.5,
    "WOW Size": "1kg",
    "WOW ppu": "$3.65 / 100G"
  },
  {
    "Brand_Product_Size": "Vittoria Mountain Grown Coffee Beans 1kg",
    "WOW Price": 36.5,
    "WOW Size": "1kg",
    "WOW ppu": "$3.65 / 100G"
  },
  {
    "Brand_Product_Size": "Uncle Tobys Roll-ups Strawberry Fun Prints 6 pack",
    "WOW Price": 4,
    "WOW Size": "6 pack",
    "WOW ppu": "$4.26 / 100G"
  },
  {
    "Brand_Product_Size": "Uncle Tobys Roll-ups Strawberry Fun Prints 6 pack",
    "WOW Price": 4,
    "WOW Size": "6 pack",
    "WOW ppu": "$4.26 / 100G"
  },
  {
    "Brand_Product_Size": "Epzen Soothe Feet Magnesium Soak 450g",
    "WOW Price": 9,
    "WOW Size": "450g",
    "WOW ppu": "$2.00 / 100G"
  },
  {
    "Brand_Product_Size": "Smitten Cat Food Mince Chicken & Turkey 400g",
    "WOW Price": 0.85,
    "WOW Size": "400g",
    "WOW ppu": "$0.21 / 100G"
  },
  {
    "Brand_Product_Size": "Hot Wheels Culture Car each",
    "WOW Price": 6.4,
    "WOW Size": "each",
    "WOW ppu": ""
  },
  {
    "Brand_Product_Size": "Woolworths New York Pepper Steak 400g",
    "WOW Price": 11,
    "WOW Size": "400g",
    "WOW ppu": "$2.75 / 100G"
  },
  {
    "Brand_Product_Size": "Mother's Day Mini Bear Heart each",
    "WOW Price": 6,
    "WOW Size": "each",
    "WOW ppu": ""
  },
  {
    "Brand_Product_Size": "Annabel Karmel Spaghetti & Meatballs 200g",
    "WOW Price": 4,
    "WOW Size": "200g",
    "WOW ppu": "$2.00 / 100G"
  },
  {
    "Brand_Product_Size": "Gourmet Garden Garlic Cold Blended Paste Tube 120g",
    "WOW Price": 4.5,
    "WOW Size": "120g",
    "WOW ppu": "$0.38 / 10G"
  },
  {
    "Brand_Product_Size": "Gourmet Garden Garlic Cold Blended Paste Tube 120g",
    "WOW Price": 4.5,
    "WOW Size": "120g",
    "WOW ppu": "$0.38 / 10G"
  },
  {
    "Brand_Product_Size": "Flora Proactiv Margarine Buttery 750g",
    "WOW Price": 10.6,
    "WOW Size": "750g",
    "WOW ppu": "$1.41 / 100G"
  },
  {
    "Brand_Product_Size": "Poise Incontinence Pads Extra Absorbency 12 pack",
    "WOW Price": 6,
    "WOW Size": "12 pack",
    "WOW ppu": "$0.50 / 1EA"
  },
  {
    "Brand_Product_Size": "Twinings Ceylon Orange Pekoe Tea Bags 50 pack 100g",
    "WOW Price": 6,
    "WOW Size": "50 pack 100g",
    "WOW ppu": "$0.12 / 1EA"
  },
  {
    "Brand_Product_Size": "Twinings Ceylon Orange Pekoe Tea Bags 50 pack 100g",
    "WOW Price": 6,
    "WOW Size": "50 pack 100g",
    "WOW ppu": "$0.12 / 1EA"
  },
  {
    "Brand_Product_Size": "Piksters Dental Floss Interdental Brush Small 10 pack",
    "WOW Price": 7,
    "WOW Size": "10 pack",
    "WOW ppu": "$0.70 / 1EA"
  },
  {
    "Brand_Product_Size": "Eveready Aa Rechargable Batteries 4 pack",
    "WOW Price": 17,
    "WOW Size": "4 pack",
    "WOW ppu": "$4.25 / 1EA"
  },
  {
    "Brand_Product_Size": "Woolworths Peach Slices In Juice 695g",
    "WOW Price": 3.5,
    "WOW Size": "695g",
    "WOW ppu": "$5.04 / 1KG"
  },
  {
    "Brand_Product_Size": "Korbond Lint Roller Washable & Reusable each",
    "WOW Price": 7,
    "WOW Size": "each",
    "WOW ppu": ""
  },
  {
    "Brand_Product_Size": "Woolworths Laundry Basket Hip Hugger each",
    "WOW Price": 10,
    "WOW Size": "each",
    "WOW ppu": ""
  },
  {
    "Brand_Product_Size": "Katoomba Date & Tamarind Chutney 250g",
    "WOW Price": 3.5,
    "WOW Size": "250g",
    "WOW ppu": "$1.40 / 100G"
  },
  {
    "Brand_Product_Size": "Optislim Life Optibiome Choc Shake 10 pack",
    "WOW Price": 36,
    "WOW Size": "10 pack",
    "WOW ppu": "$6.00 / 100G"
  },
  {
    "Brand_Product_Size": "Bonds Kids Socks Logo Sport 1/4 Size 9-12 3 pack",
    "WOW Price": 9.1,
    "WOW Size": "3 pack",
    "WOW ppu": "$3.03 / 1EA"
  },
  {
    "Brand_Product_Size": "Hoyt's Vanilla Sugar 25g",
    "WOW Price": 1.15,
    "WOW Size": "25g",
    "WOW ppu": "$0.46 / 10G"
  },
  {
    "Brand_Product_Size": "Mccain Man Size Curried Sausages 480g",
    "WOW Price": 8,
    "WOW Size": "480g",
    "WOW ppu": "$1.67 / 100G"
  },
  {
    "Brand_Product_Size": "Korbond Polyester Thread Black & White 500m 2 pack",
    "WOW Price": 3,
    "WOW Size": "2 pack",
    "WOW ppu": "$1.50 / 1EA"
  },
  {
    "Brand_Product_Size": "Buono Non Dairy Mochi Green Tea 156g",
    "WOW Price": 7,
    "WOW Size": "156g",
    "WOW ppu": "$4.49 / 100G"
  },
  {
    "Brand_Product_Size": "Bonds Ladies Organics Boyleg Size 14 Assorted 2 pack",
    "WOW Price": 24,
    "WOW Size": "2 pack",
    "WOW ppu": ""
  },
  {
    "Brand_Product_Size": "Schwarzkopf Taft Full On Hair Wax Glued Water Resistant 150mL",
    "WOW Price": 8,
    "WOW Size": "150mL",
    "WOW ppu": "$5.33 / 100ML"
  },
  {
    "Brand_Product_Size": "Masterfoods Chilli Powder Mexican 30g",
    "WOW Price": 3,
    "WOW Size": "30g",
    "WOW ppu": "$1.00 / 10G"
  },
  {
    "Brand_Product_Size": "Calidad Hp Printer Ink 564 Tri-colour each",
    "WOW Price": 35,
    "WOW Size": "each",
    "WOW ppu": ""
  },
  {
    "Brand_Product_Size": "Praise Dressings Coleslaw 330mL",
    "WOW Price": 3,
    "WOW Size": "330mL",
    "WOW ppu": "$0.91 / 100ML"
  },
  {
    "Brand_Product_Size": "Essentials Beetroot Sliced 425g",
    "WOW Price": 0.8,
    "WOW Size": "425g",
    "WOW ppu": "$1.88 / 1KG"
  },
  {
    "Brand_Product_Size": "Woolworths Fruit Cup Crush Cordial 1L",
    "WOW Price": 2.1,
    "WOW Size": "1L",
    "WOW ppu": "$2.10 / 1L"
  },
  {
    "Brand_Product_Size": "Mint Non-stick Coating Saucepan 20cm each",
    "WOW Price": 18,
    "WOW Size": "each",
    "WOW ppu": ""
  },
  {
    "Brand_Product_Size": "Elastoplast Wound Healing Ointment 50g",
    "WOW Price": 7,
    "WOW Size": "50g",
    "WOW ppu": "$14.00 / 100G"
  },
  {
    "Brand_Product_Size": "Tamar Valley Kids Yoghurt Pouch Strawberry 110g",
    "WOW Price": 1.8,
    "WOW Size": "110g",
    "WOW ppu": "$1.64 / 100G"
  },
  {
    "Brand_Product_Size": "Tamar Valley Kids Yoghurt Pouch Strawberry 110g",
    "WOW Price": 1.8,
    "WOW Size": "110g",
    "WOW ppu": "$1.64 / 100G"
  },
  {
    "Brand_Product_Size": "Libra Tampons Super 32 pack",
    "WOW Price": 6.35,
    "WOW Size": "32 pack",
    "WOW ppu": "$0.20 / 1EA"
  },
  {
    "Brand_Product_Size": "Garnier Hydra Bomb Tissue Face Mask Green Tea each",
    "WOW Price": 3.55,
    "WOW Size": "each",
    "WOW ppu": "$11.09 / 100G"
  },
  {
    "Brand_Product_Size": "Steeves Maples Natural Canadian Maple Syrup 750mL",
    "WOW Price": 10,
    "WOW Size": "750mL",
    "WOW ppu": "$1.33 / 100ML"
  },
  {
    "Brand_Product_Size": "L'oreal Excellence Age Perfect Light 931 each",
    "WOW Price": 16,
    "WOW Size": "each",
    "WOW ppu": ""
  },
  {
    "Brand_Product_Size": "Nestle Smarties Family Size 340g bag",
    "WOW Price": 5,
    "WOW Size": "340g bag",
    "WOW ppu": "$1.47 / 100G"
  },
  {
    "Brand_Product_Size": "Mainland Organic Butter Unsalted 250g",
    "WOW Price": 4.5,
    "WOW Size": "250g",
    "WOW ppu": "$1.80 / 100G"
  },
  {
    "Brand_Product_Size": "Sandhurst Baby Cucumbers 500g",
    "WOW Price": 4,
    "WOW Size": "500g",
    "WOW ppu": "$8.00 / 1KG"
  },
  {
    "Brand_Product_Size": "Fancy Feast Adult Medleys Chicken Tuscany Savory Sauce Wet Cat Food 85g",
    "WOW Price": 1.75,
    "WOW Size": "85g",
    "WOW ppu": "$2.06 / 100G"
  },
  {
    "Brand_Product_Size": "Rimmel Match Perfection Foundation 010 Light Porcelaine 30mL",
    "WOW Price": 9.5,
    "WOW Size": "30mL",
    "WOW ppu": "$3.17 / 10ML"
  },
  {
    "Brand_Product_Size": "Arnott's Shapes Chicken Crimpy Crackers 175g",
    "WOW Price": 2.5,
    "WOW Size": "175g",
    "WOW ppu": "$1.43 / 100G"
  },
  {
    "Brand_Product_Size": "Danone Yopro Plant Based Strawberry 165g",
    "WOW Price": 2.5,
    "WOW Size": "165g",
    "WOW ppu": "$1.52 / 100G"
  },
  {
    "Brand_Product_Size": "L'oreal Paris Elvive Total Repair Conditioner 700mL",
    "WOW Price": 10,
    "WOW Size": "700mL",
    "WOW ppu": "$1.43 / 100ML"
  },
  {
    "Brand_Product_Size": "Schwarzkopf Extra Care Conditioner Liquid Silk 400mL",
    "WOW Price": 4.8,
    "WOW Size": "400mL",
    "WOW ppu": "$1.20 / 100ML"
  },
  {
    "Brand_Product_Size": "Always Fresh Kalamata Olives Pitted 220g",
    "WOW Price": 5.4,
    "WOW Size": "220g",
    "WOW ppu": "$24.55 / 1KG"
  },
  {
    "Brand_Product_Size": "Essentials Beetroot Sliced 825g",
    "WOW Price": 2,
    "WOW Size": "825g",
    "WOW ppu": "$2.42 / 1KG"
  },
  {
    "Brand_Product_Size": "Fab Intense Fresh 1.8L",
    "WOW Price": 8,
    "WOW Size": "1.8L",
    "WOW ppu": "$4.44 / 1L"
  },
  {
    "Brand_Product_Size": "Fussy Cat Grain Free Prime Steak Cat Mince 90g x5 pack",
    "WOW Price": 5.8,
    "WOW Size": "90g x5 pack",
    "WOW ppu": "$1.29 / 100G"
  },
  {
    "Brand_Product_Size": "Woolworths Herring Fillets In Tomato Sauce 200g",
    "WOW Price": 2,
    "WOW Size": "200g",
    "WOW ppu": "$10.00 / 1KG"
  },
  {
    "Brand_Product_Size": "Woolworths Soda Water 4 pack",
    "WOW Price": 3.45,
    "WOW Size": "4 pack",
    "WOW ppu": "$2.88 / 1L"
  },
  {
    "Brand_Product_Size": "Woolworths Sundried Tomato Halves 500g",
    "WOW Price": 4.5,
    "WOW Size": "500g",
    "WOW ppu": "$0.90 / 100G"
  },
  {
    "Brand_Product_Size": "D'orsogna Tasty Stick Mild 400g",
    "WOW Price": 9.5,
    "WOW Size": "400g",
    "WOW ppu": "$23.75 / 1KG"
  },
  {
    "Brand_Product_Size": "Chux Wipes 60 pack",
    "WOW Price": 10,
    "WOW Size": "60 pack",
    "WOW ppu": "$0.17 / 1EA"
  },
  {
    "Brand_Product_Size": "Lemsip Max Cold & Flu Decongestant Hot Drink Honey And Ginger 10 pack",
    "WOW Price": 13,
    "WOW Size": "10 pack",
    "WOW ppu": "$130.00 / 100EA"
  },
  {
    "Brand_Product_Size": "Mission Super Soft Low Salt Wraps 567g",
    "WOW Price": 4,
    "WOW Size": "567g",
    "WOW ppu": "$0.71 / 100G"
  },
  {
    "Brand_Product_Size": "Hamdard Rooh Afza 800mL",
    "WOW Price": 4,
    "WOW Size": "800mL",
    "WOW ppu": "$0.50 / 100ML"
  },
  {
    "Brand_Product_Size": "Vileda 3 In 1 Non Scratch Sponge Scourer 3 pack",
    "WOW Price": 5,
    "WOW Size": "3 pack",
    "WOW ppu": "$1.67 / 1EA"
  },
  {
    "Brand_Product_Size": "Borg's Greek Chocopita 4 pack",
    "WOW Price": 6,
    "WOW Size": "4 pack",
    "WOW ppu": "$1.00 / 100G"
  },
  {
    "Brand_Product_Size": "Bushells Blue Label Tea Bags Black 50 pack",
    "WOW Price": 2,
    "WOW Size": "50 pack",
    "WOW ppu": "$0.04 / 1EA"
  },
  {
    "Brand_Product_Size": "Bushells Blue Label Tea Bags Black 50 pack",
    "WOW Price": 2,
    "WOW Size": "50 pack",
    "WOW ppu": "$0.04 / 1EA"
  },
  {
    "Brand_Product_Size": "Rexona Women Antiperspirant Deodorant Shower Fresh Stick 42mL",
    "WOW Price": 3.5,
    "WOW Size": "42mL",
    "WOW ppu": "$8.33 / 100G"
  },
  {
    "Brand_Product_Size": "Obela Hommus Chimichurri 220g",
    "WOW Price": 4,
    "WOW Size": "220g",
    "WOW ppu": "$1.82 / 100G"
  },
  {
    "Brand_Product_Size": "Lakanto Maple Flavoured Syrup 375mL",
    "WOW Price": 13.95,
    "WOW Size": "375mL",
    "WOW ppu": "$3.72 / 100ML"
  },
  {
    "Brand_Product_Size": "Mission Bread Chapattis Garlic 6 pack 280g",
    "WOW Price": 3,
    "WOW Size": "6 pack 280g",
    "WOW ppu": "$1.07 / 100G"
  },
  {
    "Brand_Product_Size": "Palmolive Nourishing Manuka Honey Shampoo 370mL",
    "WOW Price": 8,
    "WOW Size": "370mL",
    "WOW ppu": "$2.16 / 100ML"
  },
  {
    "Brand_Product_Size": "Mirabella Genio Led Bc 9w Cool White each",
    "WOW Price": 18,
    "WOW Size": "each",
    "WOW ppu": "$18.00 / 1EA"
  },
  {
    "Brand_Product_Size": "Ajax Spray N' Wipe Multipurpose Antibacterial Cleaner Lemon 500mL",
    "WOW Price": 3,
    "WOW Size": "500mL",
    "WOW ppu": "$0.60 / 100ML"
  },
  {
    "Brand_Product_Size": "Hygiene Plus Sustain Glove Medium each",
    "WOW Price": 3,
    "WOW Size": "each",
    "WOW ppu": "$3.00 / 1EA"
  },
  {
    "Brand_Product_Size": "St.dalfour Strawberry Spread 284g",
    "WOW Price": 4.5,
    "WOW Size": "284g",
    "WOW ppu": "$1.58 / 100G"
  },
  {
    "Brand_Product_Size": "Macro Veggie & Chickpea Curry With Cauliflower, Kale & Quinoa 400g",
    "WOW Price": 8,
    "WOW Size": "400g",
    "WOW ppu": "$2.00 / 100G"
  },
  {
    "Brand_Product_Size": "Air Wick Decosphere Decorative Air Fresheners Vanilla Orchid 75mL",
    "WOW Price": 5.5,
    "WOW Size": "75mL",
    "WOW ppu": "$0.73 / 10ML"
  },
  {
    "Brand_Product_Size": "Sam's Pantry Apple Crumble Protein Bar 5 pack",
    "WOW Price": 3.5,
    "WOW Size": "5 pack",
    "WOW ppu": "$1.84 / 100G"
  },
  {
    "Brand_Product_Size": "Sam's Pantry Apple Crumble Protein Bar 5 pack",
    "WOW Price": 3.5,
    "WOW Size": "5 pack",
    "WOW ppu": "$1.84 / 100G"
  },
  {
    "Brand_Product_Size": "Corelle Winter Frost White 16pc Set each",
    "WOW Price": 60,
    "WOW Size": "each",
    "WOW ppu": ""
  },
  {
    "Brand_Product_Size": "Waxworks Citronella Candle Tea Light 30 pack",
    "WOW Price": 6,
    "WOW Size": "30 pack",
    "WOW ppu": ""
  },
  {
    "Brand_Product_Size": "Riverina Fresh Light Milk 2L",
    "WOW Price": 3.2,
    "WOW Size": "2L",
    "WOW ppu": "$1.60 / 1L"
  },
  {
    "Brand_Product_Size": "Woolworths Vannamei Prawns Small Cooked Thawed per kg",
    "WOW Price": 20,
    "WOW Size": "per kg",
    "WOW ppu": "$20.00 / 1KG"
  },
  {
    "Brand_Product_Size": "Nakula Organic Coconut Milk Yoghurt With Probiotics Vanilla 1kg",
    "WOW Price": 9,
    "WOW Size": "1kg",
    "WOW ppu": "$0.90 / 100G"
  },
  {
    "Brand_Product_Size": "Grenade Carb Killa High Protein Bar Cookies & Cream 60g",
    "WOW Price": 4,
    "WOW Size": "60g",
    "WOW ppu": "$6.67 / 100G"
  },
  {
    "Brand_Product_Size": "Energizer Max 9v Batteries 2 pack",
    "WOW Price": 12.2,
    "WOW Size": "2 pack",
    "WOW ppu": "$6.10 / 1EA"
  },
  {
    "Brand_Product_Size": "Mud Flawless Finish Concealer 01 Ivory 4mL",
    "WOW Price": 7,
    "WOW Size": "4mL",
    "WOW ppu": "$17.50 / 10ML"
  },
  {
    "Brand_Product_Size": "Karicare Gold Plus+ Organic 1 Baby Formula From Birth To 6 Months 900g",
    "WOW Price": 38,
    "WOW Size": "900g",
    "WOW ppu": "$4.22 / 100G"
  },
  {
    "Brand_Product_Size": "Girnar Masala Chai Instant Tea Premix 140g",
    "WOW Price": 4.5,
    "WOW Size": "140g",
    "WOW ppu": "$3.21 / 100G"
  },
  {
    "Brand_Product_Size": "Air Wick Botanica Carribean Vetiver & Sandalwood Scented Candle each",
    "WOW Price": 16.5,
    "WOW Size": "each",
    "WOW ppu": "$16.50 / 1EA"
  },
  {
    "Brand_Product_Size": "Parle Rusk 600g",
    "WOW Price": 4.8,
    "WOW Size": "600g",
    "WOW ppu": "$0.80 / 100G"
  },
  {
    "Brand_Product_Size": "Ingham's Coating Mix Seasoning Chicken 75g",
    "WOW Price": 1.05,
    "WOW Size": "75g",
    "WOW ppu": "$1.40 / 100G"
  },
  {
    "Brand_Product_Size": "Decor Microsafe Soup Mug each",
    "WOW Price": 5,
    "WOW Size": "each",
    "WOW ppu": ""
  },
  {
    "Brand_Product_Size": "Woolworths Pineapple & Mango Sparkling Mineral Water 1.25L",
    "WOW Price": 1,
    "WOW Size": "1.25L",
    "WOW ppu": "$0.80 / 1L"
  },
  {
    "Brand_Product_Size": "Mud Volume & Length Mascara Black 15mL",
    "WOW Price": 4.5,
    "WOW Size": "15mL",
    "WOW ppu": "$3.00 / 10ML"
  },
  {
    "Brand_Product_Size": "Woolworths Sweet Potato Mash 475g",
    "WOW Price": 5.99,
    "WOW Size": "475g",
    "WOW ppu": "$1.26 / 100G"
  },
  {
    "Brand_Product_Size": "Cheetos Flaming Hot Puffs 150g",
    "WOW Price": 3,
    "WOW Size": "150g",
    "WOW ppu": "$2.00 / 100G"
  },
  {
    "Brand_Product_Size": "Yoplait Yoghurt Smoothie Mixed Berry 290g",
    "WOW Price": 3,
    "WOW Size": "290g",
    "WOW ppu": "$1.03 / 100G"
  },
  {
    "Brand_Product_Size": "Steggles Pastry Chicken Enchilada Mexican 500g",
    "WOW Price": 7.5,
    "WOW Size": "500g",
    "WOW ppu": "$15.00 / 1KG"
  },
  {
    "Brand_Product_Size": "Mission Naan Bread Garlic & Herb 4 pack",
    "WOW Price": 3.8,
    "WOW Size": "4 pack",
    "WOW ppu": "$1.36 / 100G"
  },
  {
    "Brand_Product_Size": "Woolworths Mushrooms Button 200g punnet",
    "WOW Price": 4,
    "WOW Size": "200g punnet",
    "WOW ppu": "$20.00 / 1KG"
  },
  {
    "Brand_Product_Size": "Woolworths Mushrooms Button 200g punnet",
    "WOW Price": 4,
    "WOW Size": "200g punnet",
    "WOW ppu": "$20.00 / 1KG"
  },
  {
    "Brand_Product_Size": "Latina Fresh Creamy Sundried Tomato Pasta Sauce 425g",
    "WOW Price": 4,
    "WOW Size": "425g",
    "WOW ppu": "$0.94 / 100G"
  },
  {
    "Brand_Product_Size": "Vileda Mop Microfibre Refill each",
    "WOW Price": 9.5,
    "WOW Size": "each",
    "WOW ppu": ""
  },
  {
    "Brand_Product_Size": "Seeds Of Change Organic Brown Rice Pilau With Tumeric 240g",
    "WOW Price": 1.75,
    "WOW Size": "240g",
    "WOW ppu": "$0.73 / 100G"
  },
  {
    "Brand_Product_Size": "Woolworths Smoked Fillets Cod per kg",
    "WOW Price": 15,
    "WOW Size": "per kg",
    "WOW ppu": "$15.00 / 1KG"
  },
  {
    "Brand_Product_Size": "Sharpie Marker Fine Black each",
    "WOW Price": 5.5,
    "WOW Size": "each",
    "WOW ppu": ""
  },
  {
    "Brand_Product_Size": "Razzamatazz 40d Tight Ave/tall each",
    "WOW Price": 7,
    "WOW Size": "each",
    "WOW ppu": ""
  },
  {
    "Brand_Product_Size": "Uncle Tobys Cereal Plus Protein 705g",
    "WOW Price": 7.5,
    "WOW Size": "705g",
    "WOW ppu": "$1.06 / 100G"
  },
  {
    "Brand_Product_Size": "Philips Cfl Tornado Warm White Globe 20w Bc Base each",
    "WOW Price": 6.5,
    "WOW Size": "each",
    "WOW ppu": "$6.50 / 1EA"
  },
  {
    "Brand_Product_Size": "Tassal Smoked Salmon Salt Reduced 90g",
    "WOW Price": 6.5,
    "WOW Size": "90g",
    "WOW ppu": "$72.22 / 1KG"
  },
  {
    "Brand_Product_Size": "Well Naturally Bar Milk 90g",
    "WOW Price": 3.5,
    "WOW Size": "90g",
    "WOW ppu": "$3.89 / 100G"
  },
  {
    "Brand_Product_Size": "Balance Cleanse 700mL",
    "WOW Price": 2.1,
    "WOW Size": "700mL",
    "WOW ppu": "$3.00 / 1L"
  },
  {
    "Brand_Product_Size": "Balance Cleanse 700mL",
    "WOW Price": 2.1,
    "WOW Size": "700mL",
    "WOW ppu": "$3.00 / 1L"
  },
  {
    "Brand_Product_Size": "Woolworths Butter Chicken Style Soup 300g",
    "WOW Price": 3,
    "WOW Size": "300g",
    "WOW ppu": "$1.00 / 100G"
  },
  {
    "Brand_Product_Size": "Vege Chips Natural Multipack 12 pack",
    "WOW Price": 7,
    "WOW Size": "12 pack",
    "WOW ppu": "$2.80 / 100G"
  },
  {
    "Brand_Product_Size": "Allen's Frog Alive Sourz 170g",
    "WOW Price": 3,
    "WOW Size": "170g",
    "WOW ppu": "$1.76 / 100G"
  },
  {
    "Brand_Product_Size": "Leggos Pesto Sundried Tomato 190g",
    "WOW Price": 4.6,
    "WOW Size": "190g",
    "WOW ppu": "$2.42 / 100G"
  },
  {
    "Brand_Product_Size": "Gippsland Toffee Honeycomb Yoghurt 720g",
    "WOW Price": 7,
    "WOW Size": "720g",
    "WOW ppu": "$0.97 / 100G"
  },
  {
    "Brand_Product_Size": "Pauls Vanilla Custard 6 pack",
    "WOW Price": 6.7,
    "WOW Size": "6 pack",
    "WOW ppu": "$0.74 / 100G"
  },
  {
    "Brand_Product_Size": "Rescue Remedy Liquid Drops 10mL",
    "WOW Price": 20,
    "WOW Size": "10mL",
    "WOW ppu": "$200.00 / 100ML"
  },
  {
    "Brand_Product_Size": "Woolworths Tropical Flavour Jelly 4 pack",
    "WOW Price": 2.2,
    "WOW Size": "4 pack",
    "WOW ppu": "$4.58 / 1KG"
  },
  {
    "Brand_Product_Size": "Woolworths Cheese & Ham Croquettes 8 pack 300g",
    "WOW Price": 5,
    "WOW Size": "8 pack 300g",
    "WOW ppu": "$1.67 / 100G"
  },
  {
    "Brand_Product_Size": "Kleenex Facial Tissue Soft & Thick 95 pack",
    "WOW Price": 2,
    "WOW Size": "95 pack",
    "WOW ppu": "$2.11 / 100SS"
  },
  {
    "Brand_Product_Size": "Kleenex Facial Tissue Soft & Thick 95 pack",
    "WOW Price": 2,
    "WOW Size": "95 pack",
    "WOW ppu": "$2.11 / 100SS"
  },
  {
    "Brand_Product_Size": "Mont Lure Genuine Liquid Soap Natural Liquid Hand Wash Pump Vegan Sls-free Extra Pure 500mL",
    "WOW Price": 9.6,
    "WOW Size": "500mL",
    "WOW ppu": "$1.92 / 100ML"
  },
  {
    "Brand_Product_Size": "Rockstar Guava Punched Energy Drink 500mL",
    "WOW Price": 2.15,
    "WOW Size": "500mL",
    "WOW ppu": "$4.30 / 1L"
  },
  {
    "Brand_Product_Size": "Brooke Bond Red Label Black Leaf Tea 900g",
    "WOW Price": 8.5,
    "WOW Size": "900g",
    "WOW ppu": "$0.94 / 100G"
  },
  {
    "Brand_Product_Size": "Sshmallows White Mini Marshmallows 100g",
    "WOW Price": 2,
    "WOW Size": "100g",
    "WOW ppu": "$2.00 / 100G"
  },
  {
    "Brand_Product_Size": "Mount Franklin Lightly Sparkling Lime 250mL x4 pack",
    "WOW Price": 5,
    "WOW Size": "250mL x4 pack",
    "WOW ppu": "$5.00 / 1L"
  },
  {
    "Brand_Product_Size": "Ostelin Bone Strength & Magnesium Tablets 60 pack",
    "WOW Price": 20,
    "WOW Size": "60 pack",
    "WOW ppu": ""
  },
  {
    "Brand_Product_Size": "Natvia Natural Sweetener Organic Stevia 600g",
    "WOW Price": 14.75,
    "WOW Size": "600g",
    "WOW ppu": "$2.46 / 100G"
  },
  {
    "Brand_Product_Size": "Woolworths Caesar Salad Bowl 120g",
    "WOW Price": 5,
    "WOW Size": "120g",
    "WOW ppu": "$41.67 / 1KG"
  },
  {
    "Brand_Product_Size": "Woolworths Caesar Salad Bowl 120g",
    "WOW Price": 5,
    "WOW Size": "120g",
    "WOW ppu": "$41.67 / 1KG"
  },
  {
    "Brand_Product_Size": "Woolworths Caesar Salad Bowl 120g",
    "WOW Price": 5,
    "WOW Size": "120g",
    "WOW ppu": "$41.67 / 1KG"
  },
  {
    "Brand_Product_Size": "Redheads Shrink Wrapped Matches 45 pack",
    "WOW Price": 2.15,
    "WOW Size": "45 pack",
    "WOW ppu": "$0.48 / 100EA"
  },
  {
    "Brand_Product_Size": "Lo Bros Organic Kombucha Cola 4 pack",
    "WOW Price": 12,
    "WOW Size": "4 pack",
    "WOW ppu": "$9.09 / 1L"
  },
  {
    "Brand_Product_Size": "Mr Brownie Chocolate Brownie 200g",
    "WOW Price": 5,
    "WOW Size": "200g",
    "WOW ppu": "$2.50 / 100G"
  },
  {
    "Brand_Product_Size": "Vitasoy Prebiotic Soy Milk 1L",
    "WOW Price": 3.6,
    "WOW Size": "1L",
    "WOW ppu": "$3.60 / 1L"
  },
  {
    "Brand_Product_Size": "Vitasoy Prebiotic Soy Milk 1L",
    "WOW Price": 3.6,
    "WOW Size": "1L",
    "WOW ppu": "$3.60 / 1L"
  },
  {
    "Brand_Product_Size": "Woolworths Bbq Chicken Tenderloin Kebabs Tandoori Style Marinade 350g",
    "WOW Price": 8,
    "WOW Size": "350g",
    "WOW ppu": "$22.86 / 1KG"
  },
  {
    "Brand_Product_Size": "Schweppes Raspberry Bottle 600mL",
    "WOW Price": 3,
    "WOW Size": "600mL",
    "WOW ppu": "$5.00 / 1L"
  },
  {
    "Brand_Product_Size": "Maggi Multipack Instant Cups Noodle Chicken 4 pack",
    "WOW Price": 5,
    "WOW Size": "4 pack",
    "WOW ppu": "$2.08 / 100G"
  },
  {
    "Brand_Product_Size": "Powerade Mountain Blast 1.5L",
    "WOW Price": 3.9,
    "WOW Size": "1.5L",
    "WOW ppu": "$2.60 / 1L"
  },
  {
    "Brand_Product_Size": "Mrs Macs Microwave Beef Pie 175g",
    "WOW Price": 2.5,
    "WOW Size": "175g",
    "WOW ppu": "$1.43 / 100G"
  },
  {
    "Brand_Product_Size": "Heinz Chicken Shredded Sweet Chilli 85g",
    "WOW Price": 1.5,
    "WOW Size": "85g",
    "WOW ppu": "$17.65 / 1KG"
  },
  {
    "Brand_Product_Size": "Australian Organic Food Co Classic Tomato Passata 500g",
    "WOW Price": 2.8,
    "WOW Size": "500g",
    "WOW ppu": "$0.56 / 100G"
  },
  {
    "Brand_Product_Size": "Betty Crocker Vanilla Frosting 400g",
    "WOW Price": 4,
    "WOW Size": "400g",
    "WOW ppu": "$1.00 / 100G"
  },
  {
    "Brand_Product_Size": "Annabel Karmel Mac & Cheese Pasta 200g",
    "WOW Price": 4,
    "WOW Size": "200g",
    "WOW ppu": "$2.00 / 100G"
  },
  {
    "Brand_Product_Size": "Bonds Mens The Xtemp Trunk L Assorted each",
    "WOW Price": 24,
    "WOW Size": "each",
    "WOW ppu": ""
  },
  {
    "Brand_Product_Size": "Woolworths Cook Chicken Breast Strips Thai Style 500g",
    "WOW Price": 9.5,
    "WOW Size": "500g",
    "WOW ppu": "$19.00 / 1KG"
  },
  {
    "Brand_Product_Size": "Lipton Quality Tips Loose Leaf Tea 250g",
    "WOW Price": 3.75,
    "WOW Size": "250g",
    "WOW ppu": "$1.50 / 100G"
  },
  {
    "Brand_Product_Size": "Lipton Quality Tips Loose Leaf Tea 250g",
    "WOW Price": 3.75,
    "WOW Size": "250g",
    "WOW ppu": "$1.50 / 100G"
  },
  {
    "Brand_Product_Size": "Essentials Domestic Wipes 30 pack",
    "WOW Price": 2.79,
    "WOW Size": "30 pack",
    "WOW ppu": "$0.09 / 1EA"
  },
  {
    "Brand_Product_Size": "Gourmet Delight Wet Cat Food With Lamb Mince In Gravy 6x85g",
    "WOW Price": 4.3,
    "WOW Size": "6x85g",
    "WOW ppu": "$5.06 / 100G"
  },
  {
    "Brand_Product_Size": "Lighthouse Sponge Cake & Steamed Bun Self Raising Flour 1kg",
    "WOW Price": 3.75,
    "WOW Size": "1kg",
    "WOW ppu": "$3.75 / 1KG"
  },
  {
    "Brand_Product_Size": "Cetaphil Gentle Skin Cleanser, For Face & Body Care 250mL",
    "WOW Price": 10.5,
    "WOW Size": "250mL",
    "WOW ppu": "$4.20 / 100ML"
  },
  {
    "Brand_Product_Size": "Abundance Coconut Curry 380g",
    "WOW Price": 7.5,
    "WOW Size": "380g",
    "WOW ppu": "$1.97 / 100G"
  },
  {
    "Brand_Product_Size": "Mother Earth Golden Baked Oaty Slice Raspberry Chocolate 6 pack 240g",
    "WOW Price": 3,
    "WOW Size": "6 pack 240g",
    "WOW ppu": "$1.25 / 100G"
  },
  {
    "Brand_Product_Size": "Mother Earth Golden Baked Oaty Slice Raspberry Chocolate 6 pack 240g",
    "WOW Price": 3,
    "WOW Size": "6 pack 240g",
    "WOW ppu": "$1.25 / 100G"
  },
  {
    "Brand_Product_Size": "Woolworths Fresh Pea & Ham Soup 300g",
    "WOW Price": 3,
    "WOW Size": "300g",
    "WOW ppu": "$1.00 / 100G"
  },
  {
    "Brand_Product_Size": "Colgate Optic White Mouthwash With Optic Brightener 500mL",
    "WOW Price": 6.5,
    "WOW Size": "500mL",
    "WOW ppu": "$1.30 / 100ML"
  },
  {
    "Brand_Product_Size": "Glade Candle Vanilla 96g",
    "WOW Price": 6,
    "WOW Size": "96g",
    "WOW ppu": "$6.00 / 1EA"
  },
  {
    "Brand_Product_Size": "Cold Power Triple Caps 675g",
    "WOW Price": 27,
    "WOW Size": "675g",
    "WOW ppu": "$0.60 / 1EA"
  },
  {
    "Brand_Product_Size": "Sanitarium Up&go Liquid Breakfast No Added Sugar Choc Ice 3x250mL",
    "WOW Price": 4.95,
    "WOW Size": "3x250mL",
    "WOW ppu": "$6.60 / 1L"
  },
  {
    "Brand_Product_Size": "Paperclick Presentation Wallet A4 Document Clear each",
    "WOW Price": 4.5,
    "WOW Size": "each",
    "WOW ppu": ""
  },
  {
    "Brand_Product_Size": "The Happy Snack Company Chickpeas Dark Choc Raspberry 5 pack",
    "WOW Price": 5.3,
    "WOW Size": "5 pack",
    "WOW ppu": "$5.30 / 100G"
  },
  {
    "Brand_Product_Size": "Super Nature Wholegrain Chicken Porcini, Mushroom & Truffle Risotto 350g",
    "WOW Price": 6.3,
    "WOW Size": "350g",
    "WOW ppu": "$1.80 / 100G"
  },
  {
    "Brand_Product_Size": "Cadbury Chocolate Cake Bars 5 pack",
    "WOW Price": 1.87,
    "WOW Size": "5 pack",
    "WOW ppu": "$0.37 / 1EA"
  },
  {
    "Brand_Product_Size": "Only Organic Extra Virgin Coconut Oil 300g",
    "WOW Price": 4.4,
    "WOW Size": "300g",
    "WOW ppu": "$1.47 / 100G"
  },
  {
    "Brand_Product_Size": "Maybelline Colossal Go Extreme Volumizing Mascara - Leather Black 9.5mL",
    "WOW Price": 10,
    "WOW Size": "9.5mL",
    "WOW ppu": "$10.53 / 10ML"
  },
  {
    "Brand_Product_Size": "Fibre One Salted Caramel Muesli Bars 120g",
    "WOW Price": 5.5,
    "WOW Size": "120g",
    "WOW ppu": "$4.58 / 100G"
  },
  {
    "Brand_Product_Size": "Fibre One Salted Caramel Muesli Bars 120g",
    "WOW Price": 5.5,
    "WOW Size": "120g",
    "WOW ppu": "$4.58 / 100G"
  },
  {
    "Brand_Product_Size": "Barkers Anathoth Farm Lemon Curd 420g",
    "WOW Price": 4,
    "WOW Size": "420g",
    "WOW ppu": "$0.95 / 100G"
  },
  {
    "Brand_Product_Size": "Darrell Lea Milk Chocolate Raspberry Bullets 250g",
    "WOW Price": 3.5,
    "WOW Size": "250g",
    "WOW ppu": "$1.40 / 100G"
  },
  {
    "Brand_Product_Size": "Lean Cuisine Mediterranean Chicken Veges & Quinoa Nutri Bowl 280g",
    "WOW Price": 4.5,
    "WOW Size": "280g",
    "WOW ppu": "$1.61 / 100G"
  },
  {
    "Brand_Product_Size": "Neutrogena Rapid Wrinkle Repair Anti Ageing Broad Spectrum Spf 15 29mL",
    "WOW Price": 40,
    "WOW Size": "29mL",
    "WOW ppu": "$137.93 / 100ML"
  },
  {
    "Brand_Product_Size": "Macro Eda-yummy Mix Lightly Seasoned 30g",
    "WOW Price": 1,
    "WOW Size": "30g",
    "WOW ppu": "$3.33 / 100G"
  },
  {
    "Brand_Product_Size": "Preshafruit Cold Pressed Apple & Raspberry 1L",
    "WOW Price": 4,
    "WOW Size": "1L",
    "WOW ppu": "$4.00 / 1L"
  },
  {
    "Brand_Product_Size": "Ogx Conditioner Ever Straight Brazilian Keratin Therapy 385mL",
    "WOW Price": 20,
    "WOW Size": "385mL",
    "WOW ppu": "$5.19 / 100ML"
  },
  {
    "Brand_Product_Size": "Schick Hydro 5 Sense Hydrate With Coconut Oil 8 pack",
    "WOW Price": 27.3,
    "WOW Size": "8 pack",
    "WOW ppu": "$3.41 / 1EA"
  },
  {
    "Brand_Product_Size": "Ecostore Conditioner Normal Hair 350mL",
    "WOW Price": 14,
    "WOW Size": "350mL",
    "WOW ppu": "$4.00 / 100ML"
  },
  {
    "Brand_Product_Size": "Fisherman's Friend Mints Spearmint Sugar Free 25g pack",
    "WOW Price": 1.8,
    "WOW Size": "25g pack",
    "WOW ppu": "$7.20 / 100G"
  },
  {
    "Brand_Product_Size": "Palmer's Body Lotion Raw Shea 400mL",
    "WOW Price": 9.99,
    "WOW Size": "400mL",
    "WOW ppu": "$2.50 / 100ML"
  },
  {
    "Brand_Product_Size": "Seasol Complete Garden Health Treatment Hose On 1.2L",
    "WOW Price": 10,
    "WOW Size": "1.2L",
    "WOW ppu": "$0.83 / 100ML"
  },
  {
    "Brand_Product_Size": "Masterfoods Cloves Ground 26g",
    "WOW Price": 4.5,
    "WOW Size": "26g",
    "WOW ppu": "$1.73 / 10G"
  },
  {
    "Brand_Product_Size": "Jif Power & Shine Multi-purpose Wipes Citrus Fresh 60 pack",
    "WOW Price": 5.5,
    "WOW Size": "60 pack",
    "WOW ppu": ""
  },
  {
    "Brand_Product_Size": "Maharajah's Choice Tumeric Spice 250g",
    "WOW Price": 2.5,
    "WOW Size": "250g",
    "WOW ppu": "$0.10 / 10G"
  },
  {
    "Brand_Product_Size": "Woolworths Essentials Underwear Women's Full Brief Size 12-14 each",
    "WOW Price": 10,
    "WOW Size": "each",
    "WOW ppu": ""
  },
  {
    "Brand_Product_Size": "The Healthy Baker Wholemeal Plain Flour Mix 1kg",
    "WOW Price": 4,
    "WOW Size": "1kg",
    "WOW ppu": "$0.40 / 100G"
  },
  {
    "Brand_Product_Size": "Glow Lab Repairing Conditioner 300mL",
    "WOW Price": 18,
    "WOW Size": "300mL",
    "WOW ppu": "$6.00 / 100ML"
  },
  {
    "Brand_Product_Size": "Garnier Bb Cream Anti-ageing Light Anti Age Light 50mL",
    "WOW Price": 9.45,
    "WOW Size": "50mL",
    "WOW ppu": "$18.90 / 100ML"
  },
  {
    "Brand_Product_Size": "Doritos Corn Chips Cheese Supreme Share Pack 170g",
    "WOW Price": 2.75,
    "WOW Size": "170g",
    "WOW ppu": "$1.62 / 100G"
  },
  {
    "Brand_Product_Size": "Bonds Ladies Seamless Gee Size 8 2 pack",
    "WOW Price": 24,
    "WOW Size": "2 pack",
    "WOW ppu": ""
  },
  {
    "Brand_Product_Size": "Twinings Pure Peppermint Tea Bags 10 pack",
    "WOW Price": 2.9,
    "WOW Size": "10 pack",
    "WOW ppu": "$0.29 / 1EA"
  },
  {
    "Brand_Product_Size": "Twinings Pure Peppermint Tea Bags 10 pack",
    "WOW Price": 2.9,
    "WOW Size": "10 pack",
    "WOW ppu": "$0.29 / 1EA"
  },
  {
    "Brand_Product_Size": "Mil Lel Parmesan Cheese 250g",
    "WOW Price": 7.75,
    "WOW Size": "250g",
    "WOW ppu": "$31.00 / 1KG"
  },
  {
    "Brand_Product_Size": "Mil Lel Parmesan Cheese 250g",
    "WOW Price": 7.75,
    "WOW Size": "250g",
    "WOW ppu": "$31.00 / 1KG"
  },
  {
    "Brand_Product_Size": "Woolworths Almonds Slivered 120g",
    "WOW Price": 3.5,
    "WOW Size": "120g",
    "WOW ppu": "$29.17 / 1KG"
  },
  {
    "Brand_Product_Size": "Mil Lel Shaved Parmesan 170g",
    "WOW Price": 5,
    "WOW Size": "170g",
    "WOW ppu": "$29.41 / 1KG"
  },
  {
    "Brand_Product_Size": "Mil Lel Shaved Parmesan 170g",
    "WOW Price": 5,
    "WOW Size": "170g",
    "WOW ppu": "$29.41 / 1KG"
  },
  {
    "Brand_Product_Size": "Revlon Youth Fx Concealer Light/medium 3.2mL",
    "WOW Price": 15,
    "WOW Size": "3.2mL",
    "WOW ppu": "$50.00 / 10ML"
  },
  {
    "Brand_Product_Size": "Radiant Blacks & Darks Laundry Liquid 1L",
    "WOW Price": 10,
    "WOW Size": "1L",
    "WOW ppu": "$10.00 / 1L"
  },
  {
    "Brand_Product_Size": "Speedsteam Iron each",
    "WOW Price": 29,
    "WOW Size": "each",
    "WOW ppu": ""
  },
  {
    "Brand_Product_Size": "Oral-b Pro 100 Crossaction Midnight Black Electric Toothbrush each",
    "WOW Price": 70,
    "WOW Size": "each",
    "WOW ppu": "$70.00 / 1EA"
  },
  {
    "Brand_Product_Size": "Nestle Nan Optipro 3 Toddler 12+ Months Milk Formula Powder 800g",
    "WOW Price": 17,
    "WOW Size": "800g",
    "WOW ppu": "$2.13 / 100G"
  },
  {
    "Brand_Product_Size": "Woolworths Yoghurt Pouch Blueberry 70g",
    "WOW Price": 0.75,
    "WOW Size": "70g",
    "WOW ppu": "$10.71 / 1KG"
  },
  {
    "Brand_Product_Size": "Only Organic 6 Months+ Vanilla Bean Custard 120g",
    "WOW Price": 1.5,
    "WOW Size": "120g",
    "WOW ppu": "$1.25 / 100G"
  },
  {
    "Brand_Product_Size": "Safcol Tapas Chilean Mussels In Spanish Escabeche Style Sauce 105g",
    "WOW Price": 3,
    "WOW Size": "105g",
    "WOW ppu": "$28.57 / 1KG"
  },
  {
    "Brand_Product_Size": "Safcol Tapas Chilean Mussels In Spanish Escabeche Style Sauce 105g",
    "WOW Price": 3,
    "WOW Size": "105g",
    "WOW ppu": "$28.57 / 1KG"
  },
  {
    "Brand_Product_Size": "Twinings Lemon & Ginger Tea Bags 10 pack 15g",
    "WOW Price": 2.9,
    "WOW Size": "10 pack 15g",
    "WOW ppu": "$0.29 / 1EA"
  },
  {
    "Brand_Product_Size": "Twinings Lemon & Ginger Tea Bags 10 pack 15g",
    "WOW Price": 2.9,
    "WOW Size": "10 pack 15g",
    "WOW ppu": "$0.29 / 1EA"
  },
  {
    "Brand_Product_Size": "Bird Munchies Gourmet Cockatiel Blend 1kg",
    "WOW Price": 5.3,
    "WOW Size": "1kg",
    "WOW ppu": "$0.53 / 100G"
  },
  {
    "Brand_Product_Size": "Glade Gel Decorative Clean Linen 170g",
    "WOW Price": 3,
    "WOW Size": "170g",
    "WOW ppu": "$0.18 / 10G"
  },
  {
    "Brand_Product_Size": "Woolworths Apple Slices Pie Fruit 385g",
    "WOW Price": 1.85,
    "WOW Size": "385g",
    "WOW ppu": "$4.81 / 1KG"
  },
  {
    "Brand_Product_Size": "Chris' Homestyle Hommus 100g x3 pack",
    "WOW Price": 6,
    "WOW Size": "100g x3 pack",
    "WOW ppu": "$2.00 / 100G"
  },
  {
    "Brand_Product_Size": "Health Lab Holy Hazelnut Nut Butter Filled Ball 40g",
    "WOW Price": 2,
    "WOW Size": "40g",
    "WOW ppu": "$5.00 / 100G"
  },
  {
    "Brand_Product_Size": "Baxter's Dog Food Senior Turkey 3kg",
    "WOW Price": 6,
    "WOW Size": "3kg",
    "WOW ppu": "$0.20 / 100G"
  },
  {
    "Brand_Product_Size": "Codral Relief Cold & Flu + Decongestant 20 pack",
    "WOW Price": 14.3,
    "WOW Size": "20 pack",
    "WOW ppu": "$0.72 / 1EA"
  },
  {
    "Brand_Product_Size": "Campbell's Country Ladle Canned Soup Creamy Chicken 500g",
    "WOW Price": 1.75,
    "WOW Size": "500g",
    "WOW ppu": "$0.35 / 100G"
  },
  {
    "Brand_Product_Size": "Masterfoods Ground Paprika 35g",
    "WOW Price": 2.65,
    "WOW Size": "35g",
    "WOW ppu": "$0.76 / 10G"
  },
  {
    "Brand_Product_Size": "Box Mixers Espresso Martini 750mL",
    "WOW Price": 3.75,
    "WOW Size": "750mL",
    "WOW ppu": "$5.00 / 1L"
  },
  {
    "Brand_Product_Size": "Vege Chips Barbeque 100g",
    "WOW Price": 1.9,
    "WOW Size": "100g",
    "WOW ppu": "$1.90 / 100G"
  },
  {
    "Brand_Product_Size": "Loacker Hazelnut Wafers 175g",
    "WOW Price": 0.95,
    "WOW Size": "175g",
    "WOW ppu": "$0.54 / 100G"
  },
  {
    "Brand_Product_Size": "Olsent Led Gu10 6w 500lm Ww 60' 3000k 60' 4 pack",
    "WOW Price": 19,
    "WOW Size": "4 pack",
    "WOW ppu": "$4.75 / 1EA"
  },
  {
    "Brand_Product_Size": "Sam's Pantry Cocoa Hazelnut Clusters 750g",
    "WOW Price": 5,
    "WOW Size": "750g",
    "WOW ppu": "$0.67 / 100G"
  },
  {
    "Brand_Product_Size": "Chris' Plant Based French Onion Dip 200g",
    "WOW Price": 4,
    "WOW Size": "200g",
    "WOW ppu": "$2.00 / 100G"
  },
  {
    "Brand_Product_Size": "Sunrice Low Gi White Microwave Cup 250g",
    "WOW Price": 2.8,
    "WOW Size": "250g",
    "WOW ppu": "$1.12 / 100G"
  },
  {
    "Brand_Product_Size": "Woolworths Cheese Rings 190g",
    "WOW Price": 2,
    "WOW Size": "190g",
    "WOW ppu": "$1.05 / 100G"
  },
  {
    "Brand_Product_Size": "Freedom Foods Rice Puffs 250g",
    "WOW Price": 4,
    "WOW Size": "250g",
    "WOW ppu": "$1.60 / 100G"
  },
  {
    "Brand_Product_Size": "Four'n Twenty Beef Cheese & Bacon Pie 160g",
    "WOW Price": 3.2,
    "WOW Size": "160g",
    "WOW ppu": "$2.00 / 100G"
  },
  {
    "Brand_Product_Size": "Lemnos Traditional Fetta 180g",
    "WOW Price": 4.5,
    "WOW Size": "180g",
    "WOW ppu": "$25.00 / 1KG"
  },
  {
    "Brand_Product_Size": "Lemnos Traditional Fetta 180g",
    "WOW Price": 4.5,
    "WOW Size": "180g",
    "WOW ppu": "$25.00 / 1KG"
  },
  {
    "Brand_Product_Size": "Dollar Sweets Coloured Patty Pans Large 100 pack",
    "WOW Price": 3,
    "WOW Size": "100 pack",
    "WOW ppu": ""
  },
  {
    "Brand_Product_Size": "Cancer Council Day Wear Water Resistant Spf 50+ 75mL",
    "WOW Price": 13,
    "WOW Size": "75mL",
    "WOW ppu": "$17.33 / 100ML"
  },
  {
    "Brand_Product_Size": "Colgate Optic White Sparkling White Teeth Whitening Toothpaste 140g",
    "WOW Price": 10,
    "WOW Size": "140g",
    "WOW ppu": "$7.14 / 100G"
  },
  {
    "Brand_Product_Size": "L'oreal Excellence Creme Hair Colour 7.3 Dark Golden Blonde each",
    "WOW Price": 16,
    "WOW Size": "each",
    "WOW ppu": ""
  },
  {
    "Brand_Product_Size": "Nutty Bruce Organic Almond Milk 1L",
    "WOW Price": 5.5,
    "WOW Size": "1L",
    "WOW ppu": "$5.50 / 1L"
  },
  {
    "Brand_Product_Size": "Calidad Hp/canon Ink Refill Pack each",
    "WOW Price": 30,
    "WOW Size": "each",
    "WOW ppu": ""
  },
  {
    "Brand_Product_Size": "Rimmel Match Perfection Foundation 102 Light Nude 30mL",
    "WOW Price": 9.5,
    "WOW Size": "30mL",
    "WOW ppu": "$3.17 / 10ML"
  },
  {
    "Brand_Product_Size": "Cottee's Cordial Lime Coola No Added Sugar 1L",
    "WOW Price": 4.2,
    "WOW Size": "1L",
    "WOW ppu": "$4.20 / 1L"
  },
  {
    "Brand_Product_Size": "Brunswick Sardines In Springwater No Added Salt 106g",
    "WOW Price": 1.9,
    "WOW Size": "106g",
    "WOW ppu": "$17.92 / 1KG"
  },
  {
    "Brand_Product_Size": "Kikkoman Naturally Brewed Soy Sauce Less Salt 250mL",
    "WOW Price": 5.8,
    "WOW Size": "250mL",
    "WOW ppu": "$2.32 / 100ML"
  },
  {
    "Brand_Product_Size": "Woolworths Choccy Wheats 200g",
    "WOW Price": 1.65,
    "WOW Size": "200g",
    "WOW ppu": "$0.83 / 100G"
  },
  {
    "Brand_Product_Size": "Woolworths Mixed Nuts Oven Roasted 200g",
    "WOW Price": 6,
    "WOW Size": "200g",
    "WOW ppu": "$30.00 / 1KG"
  },
  {
    "Brand_Product_Size": "Woolworths Colouring Pencils 36 pack",
    "WOW Price": 4,
    "WOW Size": "36 pack",
    "WOW ppu": ""
  },
  {
    "Brand_Product_Size": "White Wings Pavlova Magic Mix Egg 125g",
    "WOW Price": 4.3,
    "WOW Size": "125g",
    "WOW ppu": "$3.44 / 100G"
  },
  {
    "Brand_Product_Size": "Maybelline Lash Sensational Lengthening Mascara - Blackest Black 9.5mL",
    "WOW Price": 11.5,
    "WOW Size": "9.5mL",
    "WOW ppu": "$12.11 / 10ML"
  },
  {
    "Brand_Product_Size": "Bega Tasty Cheese 500g",
    "WOW Price": 8,
    "WOW Size": "500g",
    "WOW ppu": "$16.00 / 1KG"
  },
  {
    "Brand_Product_Size": "Spc Apple & Pear Puree 4 pack",
    "WOW Price": 4,
    "WOW Size": "4 pack",
    "WOW ppu": "$8.33 / 1KG"
  },
  {
    "Brand_Product_Size": "Woolworths Pistachios 300g",
    "WOW Price": 16.5,
    "WOW Size": "300g",
    "WOW ppu": "$55.00 / 1KG"
  },
  {
    "Brand_Product_Size": "Mdh Garam Masala 100g",
    "WOW Price": 2.5,
    "WOW Size": "100g",
    "WOW ppu": "$2.50 / 100G"
  },
  {
    "Brand_Product_Size": "Wiltshire Value Pack Tongs 3 pack",
    "WOW Price": 9,
    "WOW Size": "3 pack",
    "WOW ppu": ""
  },
  {
    "Brand_Product_Size": "Rufus & Coco Soft Mesh Dog Harness Extra Small each",
    "WOW Price": 20.59,
    "WOW Size": "each",
    "WOW ppu": "$20.59 / 1EA"
  },
  {
    "Brand_Product_Size": "Umami Edamame Seasoned Baby Soy Beans 400g",
    "WOW Price": 2.9,
    "WOW Size": "400g",
    "WOW ppu": "$7.25 / 1KG"
  },
  {
    "Brand_Product_Size": "Golden Circle Pineapple Juice 1L",
    "WOW Price": 2.25,
    "WOW Size": "1L",
    "WOW ppu": "$2.25 / 1L"
  },
  {
    "Brand_Product_Size": "Arnott's Shredded Wheatmeal 250g",
    "WOW Price": 2.3,
    "WOW Size": "250g",
    "WOW ppu": "$0.92 / 100G"
  },
  {
    "Brand_Product_Size": "Sashi's Secret Nasi Goreng Kit 340g",
    "WOW Price": 6,
    "WOW Size": "340g",
    "WOW ppu": "$1.76 / 100G"
  },
  {
    "Brand_Product_Size": "Fantastic Oriental Noodle Cup 70g",
    "WOW Price": 1,
    "WOW Size": "70g",
    "WOW ppu": "$1.43 / 100G"
  },
  {
    "Brand_Product_Size": "Ayam Hoisin Sauce 210mL",
    "WOW Price": 3.5,
    "WOW Size": "210mL",
    "WOW ppu": "$1.67 / 100ML"
  },
  {
    "Brand_Product_Size": "Pledge Grab It Duster Refill 5 pack",
    "WOW Price": 7.8,
    "WOW Size": "5 pack",
    "WOW ppu": ""
  },
  {
    "Brand_Product_Size": "Underworks Ladies Athleisure Hi-cut 12 3 pack",
    "WOW Price": 14,
    "WOW Size": "3 pack",
    "WOW ppu": ""
  },
  {
    "Brand_Product_Size": "Lighthouse Yeast Bread Improver 10x7g",
    "WOW Price": 5,
    "WOW Size": "10x7g",
    "WOW ppu": "$7.14 / 100G"
  },
  {
    "Brand_Product_Size": "Chum Adult Dog Food 3 Meats 1.2kg",
    "WOW Price": 3.2,
    "WOW Size": "1.2kg",
    "WOW ppu": "$0.27 / 100G"
  },
  {
    "Brand_Product_Size": "Heinz Creationz Salsa Chilli Beanz 420g",
    "WOW Price": 1.25,
    "WOW Size": "420g",
    "WOW ppu": "$0.30 / 100G"
  },
  {
    "Brand_Product_Size": "Ayam Plum Sauce 210mL",
    "WOW Price": 3.5,
    "WOW Size": "210mL",
    "WOW ppu": "$1.67 / 100ML"
  },
  {
    "Brand_Product_Size": "Uludag Lemonade 6 pack",
    "WOW Price": 8,
    "WOW Size": "6 pack",
    "WOW ppu": "$0.53 / 100ML"
  },
  {
    "Brand_Product_Size": "Three Threes Apple Sauce Country Style each",
    "WOW Price": 2.4,
    "WOW Size": "each",
    "WOW ppu": "$0.96 / 100G"
  },
  {
    "Brand_Product_Size": "Air Wick Odour Neutralising Air Spray Fresh Dew & Jasmine 236mL",
    "WOW Price": 7,
    "WOW Size": "236mL",
    "WOW ppu": "$2.97 / 100ML"
  },
  {
    "Brand_Product_Size": "Bonds Mens Very Comfy Crew Socks Size 6-10 3 pack",
    "WOW Price": 15,
    "WOW Size": "3 pack",
    "WOW ppu": ""
  },
  {
    "Brand_Product_Size": "Kleenex Complete Clean Toilet Tissue 9 pack",
    "WOW Price": 8,
    "WOW Size": "9 pack",
    "WOW ppu": "$0.49 / 100SS"
  },
  {
    "Brand_Product_Size": "Krakus European Foods Pickled Dill Cucumbers 850g",
    "WOW Price": 6,
    "WOW Size": "850g",
    "WOW ppu": "$0.71 / 100G"
  },
  {
    "Brand_Product_Size": "Glen 20 Disinfectant Spray Citrus Breeze 300g",
    "WOW Price": 4,
    "WOW Size": "300g",
    "WOW ppu": "$1.33 / 100G"
  },
  {
    "Brand_Product_Size": "Maybelline Face Studio Master Concealer - Fair 12mL",
    "WOW Price": 8,
    "WOW Size": "12mL",
    "WOW ppu": "$6.67 / 10ML"
  },
  {
    "Brand_Product_Size": "Il Molino Durum Wheat Fine Semolina Pasta Flour 1kg",
    "WOW Price": 3,
    "WOW Size": "1kg",
    "WOW ppu": "$3.00 / 1KG"
  },
  {
    "Brand_Product_Size": "Musashi Deluxe Protein Bar Caramel Cookie Crunch 60g",
    "WOW Price": 3.2,
    "WOW Size": "60g",
    "WOW ppu": "$5.33 / 100G"
  },
  {
    "Brand_Product_Size": "Explorer Mens Everyday Value Tough Work Crew Socks Size 11-14 3 pack",
    "WOW Price": 20,
    "WOW Size": "3 pack",
    "WOW ppu": ""
  },
  {
    "Brand_Product_Size": "Maybelline Lasting Fix Make Up Setting Spray 100mL",
    "WOW Price": 9,
    "WOW Size": "100mL",
    "WOW ppu": "$0.90 / 10ML"
  },
  {
    "Brand_Product_Size": "Woolworths Walnuts Pieces 250g",
    "WOW Price": 6.3,
    "WOW Size": "250g",
    "WOW ppu": "$25.20 / 1KG"
  },
  {
    "Brand_Product_Size": "Smith's Crinkle Cut Garlic Bread 150g",
    "WOW Price": 1.75,
    "WOW Size": "150g",
    "WOW ppu": "$1.17 / 100G"
  },
  {
    "Brand_Product_Size": "Farmers Market Grain Free Lamb Loaf With Garden Veg Wet Dog Food 400g",
    "WOW Price": 2.75,
    "WOW Size": "400g",
    "WOW ppu": "$0.69 / 100G"
  },
  {
    "Brand_Product_Size": "Woolworths Natural Choc And Vanilla Waffle Cones 12 pack",
    "WOW Price": 3.5,
    "WOW Size": "12 pack",
    "WOW ppu": "$2.06 / 100G"
  },
  {
    "Brand_Product_Size": "Continental Nutrish Soup On The Pulse 30g",
    "WOW Price": 2,
    "WOW Size": "30g",
    "WOW ppu": "$6.67 / 100G"
  },
  {
    "Brand_Product_Size": "Baby Bellies Organic Rusks Banana 4 pack",
    "WOW Price": 1.7,
    "WOW Size": "4 pack",
    "WOW ppu": "$8.50 / 100G"
  },
  {
    "Brand_Product_Size": "Supercoat Adult Beef Dry Dog Food Beef 3kg",
    "WOW Price": 15.5,
    "WOW Size": "3kg",
    "WOW ppu": "$0.52 / 100G"
  },
  {
    "Brand_Product_Size": "Sirena Tuna Slices Chilli & Oil 125g",
    "WOW Price": 3.5,
    "WOW Size": "125g",
    "WOW ppu": "$28.00 / 1KG"
  },
  {
    "Brand_Product_Size": "Starbucks By Nespresso Espresso Roast Coffee Pods 10 pack",
    "WOW Price": 5,
    "WOW Size": "10 pack",
    "WOW ppu": "$0.50 / 1EA"
  },
  {
    "Brand_Product_Size": "Starbucks By Nespresso Espresso Roast Coffee Pods 10 pack",
    "WOW Price": 5,
    "WOW Size": "10 pack",
    "WOW ppu": "$0.50 / 1EA"
  },
  {
    "Brand_Product_Size": "Sunkist Zero Sugar Cans 375mL x10 pack",
    "WOW Price": 12.4,
    "WOW Size": "375mL x10 pack",
    "WOW ppu": "$3.31 / 1L"
  },
  {
    "Brand_Product_Size": "Meredith Dairy Natural Sheep Yoghurt 500g",
    "WOW Price": 7.5,
    "WOW Size": "500g",
    "WOW ppu": "$1.50 / 100G"
  },
  {
    "Brand_Product_Size": "Oscar Orsen Hair Bun Nets Light Brown 4 pack",
    "WOW Price": 4,
    "WOW Size": "4 pack",
    "WOW ppu": ""
  },
  {
    "Brand_Product_Size": "I & J Fish Fillets Beer Batter 550g",
    "WOW Price": 7.5,
    "WOW Size": "550g",
    "WOW ppu": "$13.64 / 1KG"
  },
  {
    "Brand_Product_Size": "Mccormicks Organic Chilli Flakes 12g",
    "WOW Price": 2,
    "WOW Size": "12g",
    "WOW ppu": "$1.67 / 10G"
  },
  {
    "Brand_Product_Size": "Carman's Goodness & Grains Cranberry & Vanilla Flakes 375g",
    "WOW Price": 5.6,
    "WOW Size": "375g",
    "WOW ppu": "$1.49 / 100G"
  },
  {
    "Brand_Product_Size": "Cockatoo Grove Organic Australian Extra Virgin Olive Oil 500mL",
    "WOW Price": 12,
    "WOW Size": "500mL",
    "WOW ppu": "$2.40 / 100ML"
  },
  {
    "Brand_Product_Size": "Harris Coffee Beans Organic 1kg",
    "WOW Price": 18,
    "WOW Size": "1kg",
    "WOW ppu": "$1.80 / 100G"
  },
  {
    "Brand_Product_Size": "Harris Coffee Beans Organic 1kg",
    "WOW Price": 18,
    "WOW Size": "1kg",
    "WOW ppu": "$1.80 / 100G"
  },
  {
    "Brand_Product_Size": "Obela Sweet Beetroot Garnished Hommus 220g",
    "WOW Price": 4,
    "WOW Size": "220g",
    "WOW ppu": "$1.82 / 100G"
  },
  {
    "Brand_Product_Size": "Schwarzkopf Hair Mascara Dark Blonde 16mL",
    "WOW Price": 22,
    "WOW Size": "16mL",
    "WOW ppu": "$137.50 / 100ML"
  },
  {
    "Brand_Product_Size": "Energizer Max Type D Batteries 4 pack",
    "WOW Price": 12,
    "WOW Size": "4 pack",
    "WOW ppu": "$3.00 / 1EA"
  },
  {
    "Brand_Product_Size": "L'oreal Paris Men Expert Erase Wrinkle Moisturiser 50mL",
    "WOW Price": 12,
    "WOW Size": "50mL",
    "WOW ppu": "$24.00 / 100ML"
  },
  {
    "Brand_Product_Size": "Cenovis Once Daily 50+ Multi Capsules 100 pack",
    "WOW Price": 18,
    "WOW Size": "100 pack",
    "WOW ppu": "$18.00 / 100EA"
  },
  {
    "Brand_Product_Size": "Donna Hay Apple Cinnamon Crumble Cake Gluten Free Mix 530g",
    "WOW Price": 7.5,
    "WOW Size": "530g",
    "WOW ppu": "$1.42 / 100G"
  },
  {
    "Brand_Product_Size": "Lemsip Max Cold & Flu Multi Relief Hot Drink Lemon 10 pack",
    "WOW Price": 12,
    "WOW Size": "10 pack",
    "WOW ppu": "$1.20 / 1EA"
  },
  {
    "Brand_Product_Size": "Toni & Guy Prep Leave-in Conditioner 100mL",
    "WOW Price": 16,
    "WOW Size": "100mL",
    "WOW ppu": "$16.00 / 100ML"
  },
  {
    "Brand_Product_Size": "Prima Apple Fruit Drink 6x200mL",
    "WOW Price": 3.25,
    "WOW Size": "6x200mL",
    "WOW ppu": "$2.71 / 1L"
  },
  {
    "Brand_Product_Size": "Prima Apple Fruit Drink 6x200mL",
    "WOW Price": 3.25,
    "WOW Size": "6x200mL",
    "WOW ppu": "$2.71 / 1L"
  },
  {
    "Brand_Product_Size": "Prochef Canola Spray 400g",
    "WOW Price": 3,
    "WOW Size": "400g",
    "WOW ppu": "$0.75 / 100G"
  },
  {
    "Brand_Product_Size": "Essentials 80d Plain Opaque Tights Black Tall 2 pack",
    "WOW Price": 9,
    "WOW Size": "2 pack",
    "WOW ppu": ""
  },
  {
    "Brand_Product_Size": "Armada Dinosaur Paper Cups 10 pack",
    "WOW Price": 2,
    "WOW Size": "10 pack",
    "WOW ppu": ""
  },
  {
    "Brand_Product_Size": "Cedel Toothpaste Sensitive 110g",
    "WOW Price": 5,
    "WOW Size": "110g",
    "WOW ppu": "$4.55 / 100G"
  },
  {
    "Brand_Product_Size": "Gillette Fusion Proshield Razor each",
    "WOW Price": 19.5,
    "WOW Size": "each",
    "WOW ppu": "$19.50 / 1EA"
  },
  {
    "Brand_Product_Size": "Created With Jamie Crumbed Chicken Crunchy Garlic Fillets 350g",
    "WOW Price": 9,
    "WOW Size": "350g",
    "WOW ppu": "$25.71 / 1KG"
  },
  {
    "Brand_Product_Size": "Philips 7w R63 Led Reflector Globe Warm White each",
    "WOW Price": 10.5,
    "WOW Size": "each",
    "WOW ppu": "$10.50 / 1EA"
  },
  {
    "Brand_Product_Size": "Mud Cosmetics Lip Defining Pencil Nude Interlude 112 each",
    "WOW Price": 5.5,
    "WOW Size": "each",
    "WOW ppu": "$5.50 / 1EA"
  },
  {
    "Brand_Product_Size": "Zen Liniment Spray 100mL",
    "WOW Price": 19.5,
    "WOW Size": "100mL",
    "WOW ppu": "$19.50 / 100ML"
  },
  {
    "Brand_Product_Size": "Macro Organic Natural Cashews 250g",
    "WOW Price": 7.8,
    "WOW Size": "250g",
    "WOW ppu": "$31.20 / 1KG"
  },
  {
    "Brand_Product_Size": "Chobani No Fat Raspberry Yoghurt 170g",
    "WOW Price": 1.8,
    "WOW Size": "170g",
    "WOW ppu": "$1.06 / 100G"
  },
  {
    "Brand_Product_Size": "Chobani No Fat Raspberry Yoghurt 170g",
    "WOW Price": 1.8,
    "WOW Size": "170g",
    "WOW ppu": "$1.06 / 100G"
  },
  {
    "Brand_Product_Size": "Lucky Natural Seed Mix With Pine Nuts 200g",
    "WOW Price": 4.9,
    "WOW Size": "200g",
    "WOW ppu": "$24.50 / 1KG"
  },
  {
    "Brand_Product_Size": "Mdh Butter Chicken 100g",
    "WOW Price": 2.5,
    "WOW Size": "100g",
    "WOW ppu": "$2.50 / 100G"
  },
  {
    "Brand_Product_Size": "Raid Advanced Auto Insect Control System Indoor Refill 185g",
    "WOW Price": 15.5,
    "WOW Size": "185g",
    "WOW ppu": "$8.38 / 100G"
  },
  {
    "Brand_Product_Size": "Maggi Butter Chicken Recipe Base 27g",
    "WOW Price": 1.75,
    "WOW Size": "27g",
    "WOW ppu": "$6.48 / 100G"
  },
  {
    "Brand_Product_Size": "Raw C Liquid Coconut Oil 250mL",
    "WOW Price": 8.8,
    "WOW Size": "250mL",
    "WOW ppu": "$3.52 / 100ML"
  },
  {
    "Brand_Product_Size": "Mint Stamped Pattern Dinner Plate each",
    "WOW Price": 5,
    "WOW Size": "each",
    "WOW ppu": ""
  },
  {
    "Brand_Product_Size": "Mccormicks Produce Partner Scallop Potato 40g",
    "WOW Price": 1.5,
    "WOW Size": "40g",
    "WOW ppu": "$3.75 / 100G"
  },
  {
    "Brand_Product_Size": "Vegemite Squeezy 350g",
    "WOW Price": 5.6,
    "WOW Size": "350g",
    "WOW ppu": "$1.60 / 100G"
  },
  {
    "Brand_Product_Size": "Indya Alphonso Mango Pulp 850g",
    "WOW Price": 4,
    "WOW Size": "850g",
    "WOW ppu": "$0.47 / 100G"
  },
  {
    "Brand_Product_Size": "Woolworths Folder A4 Sheet Protector 100 pack",
    "WOW Price": 5,
    "WOW Size": "100 pack",
    "WOW ppu": ""
  },
  {
    "Brand_Product_Size": "Coon Cheese Slices Tasty Light 500g",
    "WOW Price": 7,
    "WOW Size": "500g",
    "WOW ppu": "$14.00 / 1KG"
  },
  {
    "Brand_Product_Size": "The Happy Snack Company Roasted Chickpeas Chocolate Salted Caramel 150g",
    "WOW Price": 6.5,
    "WOW Size": "150g",
    "WOW ppu": "$4.33 / 100G"
  },
  {
    "Brand_Product_Size": "Weis Sorbet Summer Berries 1L tub",
    "WOW Price": 7,
    "WOW Size": "1L tub",
    "WOW ppu": "$0.70 / 100ML"
  },
  {
    "Brand_Product_Size": "Ob Finest Sourdough Crispbread Cranberry Infusion 110g",
    "WOW Price": 5,
    "WOW Size": "110g",
    "WOW ppu": "$4.55 / 100G"
  },
  {
    "Brand_Product_Size": "Toshiba Sdmi Card 16gb each",
    "WOW Price": 20,
    "WOW Size": "each",
    "WOW ppu": ""
  },
  {
    "Brand_Product_Size": "Grillworx Bamboo Flat Skewers 25 pack",
    "WOW Price": 4,
    "WOW Size": "25 pack",
    "WOW ppu": "$0.16 / 1EA"
  },
  {
    "Brand_Product_Size": "Philips Light Globe 13w 1400 Lument Warm Es each",
    "WOW Price": 10,
    "WOW Size": "each",
    "WOW ppu": "$10.00 / 1EA"
  },
  {
    "Brand_Product_Size": "L'oreal Paris Casting Creme Gloss 316 Plum each",
    "WOW Price": 16,
    "WOW Size": "each",
    "WOW ppu": ""
  },
  {
    "Brand_Product_Size": "Argan Oil Ceramic Thermal Round Brush 35mm each",
    "WOW Price": 16,
    "WOW Size": "each",
    "WOW ppu": ""
  },
  {
    "Brand_Product_Size": "Ferrero Collection Chocolates Rocher Rondnoir Raffaello 24 pack",
    "WOW Price": 20,
    "WOW Size": "24 pack",
    "WOW ppu": "$7.43 / 100G"
  },
  {
    "Brand_Product_Size": "Six Fortune Snacks Rice Crackers 112g",
    "WOW Price": 3.6,
    "WOW Size": "112g",
    "WOW ppu": "$3.21 / 100G"
  },
  {
    "Brand_Product_Size": "Help@hand Fabric Adhesive Strips 50 pack",
    "WOW Price": 2.2,
    "WOW Size": "50 pack",
    "WOW ppu": "$4.40 / 100EA"
  },
  {
    "Brand_Product_Size": "Green's Chocolate Chunk Cookies With Dark Chocolate Chips 400g",
    "WOW Price": 5,
    "WOW Size": "400g",
    "WOW ppu": "$1.25 / 100G"
  },
  {
    "Brand_Product_Size": "Energizer Vision Hd Plus Headlight each",
    "WOW Price": 35,
    "WOW Size": "each",
    "WOW ppu": "$35.00 / 1EA"
  },
  {
    "Brand_Product_Size": "L'oreal Elvive Extraordinary Oil Coconut Shampoo 300mL",
    "WOW Price": 5.25,
    "WOW Size": "300mL",
    "WOW ppu": "$1.75 / 100ML"
  },
  {
    "Brand_Product_Size": "Oakwood Leather Clean Soap 250mL",
    "WOW Price": 6,
    "WOW Size": "250mL",
    "WOW ppu": "$2.40 / 100ML"
  },
  {
    "Brand_Product_Size": "Woolworths Peach In Juice 4x125g",
    "WOW Price": 2,
    "WOW Size": "4x125g",
    "WOW ppu": "$4.00 / 1KG"
  },
  {
    "Brand_Product_Size": "Woolworths Peach In Juice 4x125g",
    "WOW Price": 2,
    "WOW Size": "4x125g",
    "WOW ppu": "$4.00 / 1KG"
  },
  {
    "Brand_Product_Size": "Bar None Hydrating Conditioner Bar 100g",
    "WOW Price": 16,
    "WOW Size": "100g",
    "WOW ppu": "$16.00 / 100G"
  },
  {
    "Brand_Product_Size": "Green's 40% Less Sugar Chocolate Brownies 400g",
    "WOW Price": 4,
    "WOW Size": "400g",
    "WOW ppu": "$1.00 / 100G"
  },
  {
    "Brand_Product_Size": "Mentos Mints 3 pack",
    "WOW Price": 3.1,
    "WOW Size": "3 pack",
    "WOW ppu": "$2.76 / 100G"
  },
  {
    "Brand_Product_Size": "Tena Active Panty Liners Odour Control 30 pack",
    "WOW Price": 3.5,
    "WOW Size": "30 pack",
    "WOW ppu": "$0.12 / 1EA"
  },
  {
    "Brand_Product_Size": "Lipton Ice Tea Lemon 1.5L",
    "WOW Price": 3.95,
    "WOW Size": "1.5L",
    "WOW ppu": "$2.63 / 1L"
  },
  {
    "Brand_Product_Size": "Red Island Evoo Bbq 500mL",
    "WOW Price": 3.6,
    "WOW Size": "500mL",
    "WOW ppu": "$2.00 / 100ML"
  },
  {
    "Brand_Product_Size": "Praise Whole Egg Mayonnaise Mayonnaise 335g",
    "WOW Price": 5,
    "WOW Size": "335g",
    "WOW ppu": "$1.49 / 100G"
  },
  {
    "Brand_Product_Size": "Fab Essential Oils Sensually Fresh Malaysian Orchid & Sandalwood 1.8L",
    "WOW Price": 8,
    "WOW Size": "1.8L",
    "WOW ppu": "$4.44 / 1L"
  },
  {
    "Brand_Product_Size": "Elmer's Metallic Glue Pink 147mL",
    "WOW Price": 4.9,
    "WOW Size": "147mL",
    "WOW ppu": ""
  },
  {
    "Brand_Product_Size": "Mint Chef Knife each",
    "WOW Price": 8,
    "WOW Size": "each",
    "WOW ppu": ""
  },
  {
    "Brand_Product_Size": "Tandaco Coating Mix For Lightly Seasoned Fish 75g",
    "WOW Price": 2,
    "WOW Size": "75g",
    "WOW ppu": "$0.27 / 10G"
  },
  {
    "Brand_Product_Size": "Woolworths Goats Cheese 100g",
    "WOW Price": 4.5,
    "WOW Size": "100g",
    "WOW ppu": "$45.00 / 1KG"
  },
  {
    "Brand_Product_Size": "Fluffy Fragrance Temptations Jade Shimmer Fabric Conditioner 1L",
    "WOW Price": 7,
    "WOW Size": "1L",
    "WOW ppu": "$7.00 / 1L"
  },
  {
    "Brand_Product_Size": "Kez's Brownie Bar Protein Boost Choc Peppermint Crunch 45g",
    "WOW Price": 1.45,
    "WOW Size": "45g",
    "WOW ppu": "$3.22 / 100G"
  },
  {
    "Brand_Product_Size": "Nestle Soothers Immune+ Orange Flavour 40g",
    "WOW Price": 1.8,
    "WOW Size": "40g",
    "WOW ppu": "$4.50 / 100G"
  },
  {
    "Brand_Product_Size": "Harvest Beef Braised Steak & Onion 425g",
    "WOW Price": 4,
    "WOW Size": "425g",
    "WOW ppu": "$9.41 / 1KG"
  },
  {
    "Brand_Product_Size": "Energizer Max Aaa Batteries 4 pack",
    "WOW Price": 5.5,
    "WOW Size": "4 pack",
    "WOW ppu": "$1.38 / 1EA"
  },
  {
    "Brand_Product_Size": "Messy Monkey Messy Monkeys Cereal Berry Shake 240g",
    "WOW Price": 4,
    "WOW Size": "240g",
    "WOW ppu": "$1.67 / 100G"
  },
  {
    "Brand_Product_Size": "Arnott's Tiny Teddy Variety 15 pack",
    "WOW Price": 5,
    "WOW Size": "15 pack",
    "WOW ppu": "$1.33 / 100G"
  },
  {
    "Brand_Product_Size": "Arnott's Tiny Teddy Variety 15 pack",
    "WOW Price": 5,
    "WOW Size": "15 pack",
    "WOW ppu": "$1.33 / 100G"
  },
  {
    "Brand_Product_Size": "Brite Semi Permanent Hair Colour Colour Blue 75mL",
    "WOW Price": 10,
    "WOW Size": "75mL",
    "WOW ppu": "$13.33 / 100ML"
  },
  {
    "Brand_Product_Size": "Vaalia Blueberry Yoghurt 150g x4 pack",
    "WOW Price": 4.3,
    "WOW Size": "150g x4 pack",
    "WOW ppu": "$0.72 / 100G"
  },
  {
    "Brand_Product_Size": "Lip Smacker Balm Unicorn each",
    "WOW Price": 3,
    "WOW Size": "each",
    "WOW ppu": "$3.00 / 1EA"
  },
  {
    "Brand_Product_Size": "Dove Men + Care Clinical Protection Aerosol Clean Comfort 180mL",
    "WOW Price": 10,
    "WOW Size": "180mL",
    "WOW ppu": "$5.56 / 100ML"
  },
  {
    "Brand_Product_Size": "Angas Park Good To Go Tasty Cheese & Cabanossi 40g",
    "WOW Price": 3,
    "WOW Size": "40g",
    "WOW ppu": "$75.00 / 1KG"
  },
  {
    "Brand_Product_Size": "Chobani Fitx Salted Caramel Craze Yoghurt 140g",
    "WOW Price": 2.5,
    "WOW Size": "140g",
    "WOW ppu": "$1.79 / 100G"
  },
  {
    "Brand_Product_Size": "Woolworths High Protein Lower Carb Thin Crust Pizza Base 2 pack",
    "WOW Price": 5,
    "WOW Size": "2 pack",
    "WOW ppu": "$2.50 / 100G"
  },
  {
    "Brand_Product_Size": "Bonds Action Brief Medium 4 pack",
    "WOW Price": 24,
    "WOW Size": "4 pack",
    "WOW ppu": ""
  },
  {
    "Brand_Product_Size": "Inspire Mirror 17cm each",
    "WOW Price": 7,
    "WOW Size": "each",
    "WOW ppu": ""
  },
  {
    "Brand_Product_Size": "Thomas Dux Aged Cheddar 18 Months 250g",
    "WOW Price": 4.6,
    "WOW Size": "250g",
    "WOW ppu": "$18.40 / 1KG"
  },
  {
    "Brand_Product_Size": "Thomas Dux Aged Cheddar 18 Months 250g",
    "WOW Price": 4.6,
    "WOW Size": "250g",
    "WOW ppu": "$18.40 / 1KG"
  },
  {
    "Brand_Product_Size": "Gaviscon Heartburn & Indigestion Liquid Peppermint 600mL",
    "WOW Price": 13,
    "WOW Size": "600mL",
    "WOW ppu": "$2.17 / 100ML"
  },
  {
    "Brand_Product_Size": "Garnier Pure Active Anti Acne Charcoal Cleansing Gel 200mL",
    "WOW Price": 7.8,
    "WOW Size": "200mL",
    "WOW ppu": "$3.90 / 100ML"
  },
  {
    "Brand_Product_Size": "Tresemme Purple Conditioner Violet Blonde Shine 350mL",
    "WOW Price": 4.5,
    "WOW Size": "350mL",
    "WOW ppu": "$1.29 / 100ML"
  },
  {
    "Brand_Product_Size": "Woolworths Lemon Lime & Bitters 1.25L",
    "WOW Price": 1,
    "WOW Size": "1.25L",
    "WOW ppu": "$0.80 / 1L"
  },
  {
    "Brand_Product_Size": "Dove Anti-perspirant Coconut & Jasmine Flower 250mL",
    "WOW Price": 3.5,
    "WOW Size": "250mL",
    "WOW ppu": "$1.40 / 100ML"
  },
  {
    "Brand_Product_Size": "Woolworths 100% Pure Coconut Water 4x1L",
    "WOW Price": 10,
    "WOW Size": "4x1L",
    "WOW ppu": "$2.50 / 1L"
  },
  {
    "Brand_Product_Size": "Maybelline Great Lash Big Volumizing Mascara - Blackest Black 10mL",
    "WOW Price": 6.5,
    "WOW Size": "10mL",
    "WOW ppu": "$6.50 / 10ML"
  },
  {
    "Brand_Product_Size": "Birch & Waite Golden Goddess Dressing Tahini, Lemon & Garlic 250mL",
    "WOW Price": 5,
    "WOW Size": "250mL",
    "WOW ppu": "$2.00 / 100ML"
  },
  {
    "Brand_Product_Size": "Farmers Union Natural European Style Yogurt 1kg",
    "WOW Price": 5.5,
    "WOW Size": "1kg",
    "WOW ppu": "$0.55 / 100G"
  },
  {
    "Brand_Product_Size": "Premium Crispbread Black Sesame 300g",
    "WOW Price": 3,
    "WOW Size": "300g",
    "WOW ppu": "$1.00 / 100G"
  },
  {
    "Brand_Product_Size": "Garnier Olia Bold Permanent Hair Colour 7.22 Deep Rose each",
    "WOW Price": 17,
    "WOW Size": "each",
    "WOW ppu": ""
  },
  {
    "Brand_Product_Size": "Whole Earth Monk Fruit Sweetener Sticks 40 pack",
    "WOW Price": 4.9,
    "WOW Size": "40 pack",
    "WOW ppu": "$12.25 / 100EA"
  },
  {
    "Brand_Product_Size": "Lo Bros Organic Kombucha Raspberry & Lemon 330mL",
    "WOW Price": 2.5,
    "WOW Size": "330mL",
    "WOW ppu": "$7.58 / 1L"
  },
  {
    "Brand_Product_Size": "Swisspers Cotton Large Make Up Pads 50 pack",
    "WOW Price": 3.75,
    "WOW Size": "50 pack",
    "WOW ppu": "$0.08 / 1EA"
  },
  {
    "Brand_Product_Size": "Harpic Hygienic Toilet Cleaner Bleach Lime 2 pack",
    "WOW Price": 6,
    "WOW Size": "2 pack",
    "WOW ppu": "$3.00 / 1EA"
  },
  {
    "Brand_Product_Size": "Method Gel Hand Wash Refill Pink Grapefruit 1L",
    "WOW Price": 13,
    "WOW Size": "1L",
    "WOW ppu": "$1.30 / 100ML"
  },
  {
    "Brand_Product_Size": "Mission White Strip Corn Chips 500g",
    "WOW Price": 5.5,
    "WOW Size": "500g",
    "WOW ppu": "$1.10 / 100G"
  },
  {
    "Brand_Product_Size": "Cenovis Iron Plus Tablets 80 pack",
    "WOW Price": 13,
    "WOW Size": "80 pack",
    "WOW ppu": "$16.25 / 100EA"
  },
  {
    "Brand_Product_Size": "Eskal Spread Eggplant 540g",
    "WOW Price": 4.9,
    "WOW Size": "540g",
    "WOW ppu": "$0.91 / 100G"
  },
  {
    "Brand_Product_Size": "V8 Fruit & Veg Apple Berry Fusion 3x250mL",
    "WOW Price": 3,
    "WOW Size": "3x250mL",
    "WOW ppu": "$4.00 / 1L"
  },
  {
    "Brand_Product_Size": "Dollar Sweets Sprinkles Fives 125g",
    "WOW Price": 2,
    "WOW Size": "125g",
    "WOW ppu": "$1.60 / 100G"
  },
  {
    "Brand_Product_Size": "Bonds Mens Guy Front Trunk Size S each",
    "WOW Price": 24,
    "WOW Size": "each",
    "WOW ppu": "$24.00 / 1EA"
  },
  {
    "Brand_Product_Size": "Fussy Cat Grain Free Chicken & Turkey With Cranberry Wet Cat Food 400g",
    "WOW Price": 1.8,
    "WOW Size": "400g",
    "WOW ppu": "$0.45 / 100G"
  },
  {
    "Brand_Product_Size": "Lifesavers Fruit Pastilles 34g",
    "WOW Price": 0.9,
    "WOW Size": "34g",
    "WOW ppu": "$2.65 / 100G"
  },
  {
    "Brand_Product_Size": "Praise Mayonnaise Traditional Creamy 700g",
    "WOW Price": 5,
    "WOW Size": "700g",
    "WOW ppu": "$0.71 / 100G"
  },
  {
    "Brand_Product_Size": "Arnott's Tiny Teddy Hundreds & Thousands 8 pack",
    "WOW Price": 3,
    "WOW Size": "8 pack",
    "WOW ppu": "$1.63 / 100G"
  },
  {
    "Brand_Product_Size": "Cottee's Cordial Fruit Cup 1L",
    "WOW Price": 4.2,
    "WOW Size": "1L",
    "WOW ppu": "$4.20 / 1L"
  },
  {
    "Brand_Product_Size": "Four'n Twenty Pies Beef & Cheese 700g",
    "WOW Price": 6.5,
    "WOW Size": "700g",
    "WOW ppu": "$0.93 / 100G"
  },
  {
    "Brand_Product_Size": "La Zuppa Microwave Soup Minestrone 420g",
    "WOW Price": 4,
    "WOW Size": "420g",
    "WOW ppu": "$0.95 / 100G"
  },
  {
    "Brand_Product_Size": "Valcom Paste Thai Red Curry 210g",
    "WOW Price": 3.2,
    "WOW Size": "210g",
    "WOW ppu": "$1.52 / 100G"
  },
  {
    "Brand_Product_Size": "Vitapet Fish Food Goldfish Granules 200g",
    "WOW Price": 8.9,
    "WOW Size": "200g",
    "WOW ppu": "$4.45 / 100G"
  },
  {
    "Brand_Product_Size": "Coopers Birell Premium Bottles 6x375mL",
    "WOW Price": 8.3,
    "WOW Size": "6x375mL",
    "WOW ppu": "$3.69 / 1L"
  },
  {
    "Brand_Product_Size": "Kodak Photo Paper Gloss A4 50 pack",
    "WOW Price": 21,
    "WOW Size": "50 pack",
    "WOW ppu": ""
  },
  {
    "Brand_Product_Size": "Finish Powerball All In 1 Max Dishwasher Tablets Lemon 94 pack",
    "WOW Price": 34,
    "WOW Size": "94 pack",
    "WOW ppu": "$0.36 / 1EA"
  },
  {
    "Brand_Product_Size": "Sard Wonder Super Power Stain Remover 450mL",
    "WOW Price": 4,
    "WOW Size": "450mL",
    "WOW ppu": "$8.89 / 1L"
  },
  {
    "Brand_Product_Size": "Sharpie Metallic Fine Permanent Marker 6 pack",
    "WOW Price": 10,
    "WOW Size": "6 pack",
    "WOW ppu": ""
  },
  {
    "Brand_Product_Size": "Britannia Little Hearts 75g",
    "WOW Price": 1.25,
    "WOW Size": "75g",
    "WOW ppu": "$1.67 / 100G"
  },
  {
    "Brand_Product_Size": "Praise Tartare Sauce 250mL",
    "WOW Price": 3,
    "WOW Size": "250mL",
    "WOW ppu": "$1.20 / 100ML"
  },
  {
    "Brand_Product_Size": "Paperclick Destination Notebook each",
    "WOW Price": 6,
    "WOW Size": "each",
    "WOW ppu": ""
  },
  {
    "Brand_Product_Size": "Hart & Soul All Natural Wonton Soup Cup 100g",
    "WOW Price": 1.8,
    "WOW Size": "100g",
    "WOW ppu": "$1.80 / 100G"
  },
  {
    "Brand_Product_Size": "Total Care Flea & Tick Control Plus For Medium Dogs each",
    "WOW Price": 18,
    "WOW Size": "each",
    "WOW ppu": "$18.00 / 1EA"
  },
  {
    "Brand_Product_Size": "Metamucil Lemon Lime Smooth Powder 673g",
    "WOW Price": 31.5,
    "WOW Size": "673g",
    "WOW ppu": "$4.68 / 100G"
  },
  {
    "Brand_Product_Size": "Mutti Parma Double Concentrated Tomato Paste 2 pack",
    "WOW Price": 3,
    "WOW Size": "2 pack",
    "WOW ppu": "$1.07 / 100G"
  },
  {
    "Brand_Product_Size": "Nudie Nothing But Orange Double Pulp 2L",
    "WOW Price": 6.5,
    "WOW Size": "2L",
    "WOW ppu": "$3.25 / 1L"
  },
  {
    "Brand_Product_Size": "J Bronze Dark Tanning Mousse 150mL",
    "WOW Price": 25,
    "WOW Size": "150mL",
    "WOW ppu": "$16.67 / 100G"
  },
  {
    "Brand_Product_Size": "Urbane Mess Facial Scrub 100mL",
    "WOW Price": 8,
    "WOW Size": "100mL",
    "WOW ppu": "$8.00 / 100ML"
  },
  {
    "Brand_Product_Size": "Sirena Tuna Slices In Oil Italian Style 125g",
    "WOW Price": 3.5,
    "WOW Size": "125g",
    "WOW ppu": "$28.00 / 1KG"
  },
  {
    "Brand_Product_Size": "Mortein Powergard All In One Insect Spray 300g",
    "WOW Price": 15,
    "WOW Size": "300g",
    "WOW ppu": "$5.00 / 100G"
  },
  {
    "Brand_Product_Size": "Mission Wraps Low Carb 288g 6 pack",
    "WOW Price": 5,
    "WOW Size": "288g 6 pack",
    "WOW ppu": "$1.74 / 100G"
  },
  {
    "Brand_Product_Size": "Papermate Inkjoy 100 Pen Fashion 10 pack",
    "WOW Price": 3.75,
    "WOW Size": "10 pack",
    "WOW ppu": ""
  },
  {
    "Brand_Product_Size": "Dettol Soft On Skin Aloe Vera & Vitamin E Liquid Hand Wash 950mL",
    "WOW Price": 6.5,
    "WOW Size": "950mL",
    "WOW ppu": "$0.68 / 100ML"
  },
  {
    "Brand_Product_Size": "Brunnings Soaker Hose 15m",
    "WOW Price": 19,
    "WOW Size": "15m",
    "WOW ppu": ""
  },
  {
    "Brand_Product_Size": "Vitapet Soft Chicken Tenders 100g",
    "WOW Price": 7.4,
    "WOW Size": "100g",
    "WOW ppu": "$7.40 / 100G"
  },
  {
    "Brand_Product_Size": "Gillette Venus Smooth  Razor Blade Refills 8 pack",
    "WOW Price": 26.5,
    "WOW Size": "8 pack",
    "WOW ppu": "$3.31 / 1EA"
  },
  {
    "Brand_Product_Size": "Monster Energy Ultra Zero 500mL",
    "WOW Price": 2.75,
    "WOW Size": "500mL",
    "WOW ppu": "$5.50 / 1L"
  },
  {
    "Brand_Product_Size": "Spc Fruit Salad Reduced Sugar 4 pack",
    "WOW Price": 4,
    "WOW Size": "4 pack",
    "WOW ppu": "$8.33 / 1KG"
  },
  {
    "Brand_Product_Size": "Woolworths Classic Potato Mash 475g",
    "WOW Price": 5.99,
    "WOW Size": "475g",
    "WOW ppu": "$1.26 / 100G"
  },
  {
    "Brand_Product_Size": "Woolworths Short Cut Bacon 200g",
    "WOW Price": 4,
    "WOW Size": "200g",
    "WOW ppu": "$20.00 / 1KG"
  },
  {
    "Brand_Product_Size": "Disney Mother's Day Socks Princess each",
    "WOW Price": 5,
    "WOW Size": "each",
    "WOW ppu": ""
  },
  {
    "Brand_Product_Size": "Gatorade Arctic Blitz 600mL",
    "WOW Price": 2.15,
    "WOW Size": "600mL",
    "WOW ppu": "$3.58 / 1L"
  },
  {
    "Brand_Product_Size": "Macro Organic Rolled Oats 500g",
    "WOW Price": 2.75,
    "WOW Size": "500g",
    "WOW ppu": "$0.55 / 100G"
  },
  {
    "Brand_Product_Size": "Jackson Backlit Led Nightlight each",
    "WOW Price": 10,
    "WOW Size": "each",
    "WOW ppu": ""
  },
  {
    "Brand_Product_Size": "Solo Lemon Cans 30x375mL pack",
    "WOW Price": 19,
    "WOW Size": "30x375mL pack",
    "WOW ppu": "$1.69 / 1L"
  },
  {
    "Brand_Product_Size": "Fizzer Faves Fruit Chews 8 pack 92g",
    "WOW Price": 2.5,
    "WOW Size": "8 pack 92g",
    "WOW ppu": "$2.72 / 100G"
  },
  {
    "Brand_Product_Size": "Old El Paso Soft Taco Dinner Kit 405g",
    "WOW Price": 6.5,
    "WOW Size": "405g",
    "WOW ppu": "$1.60 / 100G"
  },
  {
    "Brand_Product_Size": "I & J Frozen Calamari Rings 400g",
    "WOW Price": 7,
    "WOW Size": "400g",
    "WOW ppu": "$17.50 / 1KG"
  },
  {
    "Brand_Product_Size": "Weight Watchers Mustard Steak 400g",
    "WOW Price": 10,
    "WOW Size": "400g",
    "WOW ppu": "$2.50 / 100G"
  },
  {
    "Brand_Product_Size": "Old El Paso Chili & Garlic Mexican Rice Kit 355g",
    "WOW Price": 6.5,
    "WOW Size": "355g",
    "WOW ppu": "$1.83 / 100G"
  },
  {
    "Brand_Product_Size": "Arnott's Cracker Chips Honey Soy Chicken 150g",
    "WOW Price": 3.5,
    "WOW Size": "150g",
    "WOW ppu": "$2.33 / 100G"
  },
  {
    "Brand_Product_Size": "Applaws Cat Pot Tuna & Calamari 60g",
    "WOW Price": 2.1,
    "WOW Size": "60g",
    "WOW ppu": "$3.50 / 100G"
  },
  {
    "Brand_Product_Size": "Grenade Carb Killa High Protein Bar White Chocolate Cookie 60g",
    "WOW Price": 4,
    "WOW Size": "60g",
    "WOW ppu": "$6.67 / 100G"
  },
  {
    "Brand_Product_Size": "Redheads Classic Bbq Briquettes 4kg",
    "WOW Price": 6,
    "WOW Size": "4kg",
    "WOW ppu": "$0.15 / 100G"
  },
  {
    "Brand_Product_Size": "Energizer Micro-usb Cable Black 2 Metre each",
    "WOW Price": 14,
    "WOW Size": "each",
    "WOW ppu": ""
  },
  {
    "Brand_Product_Size": "Vittoria Mountain Grown Nespresso Compatible Coffee Capsules pack 10",
    "WOW Price": 7,
    "WOW Size": "pack 10",
    "WOW ppu": "$0.70 / 1EA"
  },
  {
    "Brand_Product_Size": "Vittoria Mountain Grown Nespresso Compatible Coffee Capsules pack 10",
    "WOW Price": 7,
    "WOW Size": "pack 10",
    "WOW ppu": "$0.70 / 1EA"
  },
  {
    "Brand_Product_Size": "Nivea Cocoa & Indulging Body Moisturiser + Vitamin E 400mL",
    "WOW Price": 8,
    "WOW Size": "400mL",
    "WOW ppu": "$2.00 / 100ML"
  },
  {
    "Brand_Product_Size": "Pine O Cleen Disinfectant Eucalyptus 1.25L",
    "WOW Price": 4,
    "WOW Size": "1.25L",
    "WOW ppu": "$0.32 / 100ML"
  },
  {
    "Brand_Product_Size": "Garnier Bb Cream Original Light Beige All In One Tinted Light 50mL",
    "WOW Price": 9.45,
    "WOW Size": "50mL",
    "WOW ppu": "$18.90 / 100ML"
  },
  {
    "Brand_Product_Size": "Oasis Ground Coffee Greek Style 200g",
    "WOW Price": 4,
    "WOW Size": "200g",
    "WOW ppu": "$2.00 / 100G"
  },
  {
    "Brand_Product_Size": "Oasis Ground Coffee Greek Style 200g",
    "WOW Price": 4,
    "WOW Size": "200g",
    "WOW ppu": "$2.00 / 100G"
  },
  {
    "Brand_Product_Size": "Herbal Essences Repair Argan Oil Conditioner 400mL",
    "WOW Price": 6,
    "WOW Size": "400mL",
    "WOW ppu": "$1.50 / 100ML"
  },
  {
    "Brand_Product_Size": "Philadelphia Cream Cheese Block Light 250g",
    "WOW Price": 3.75,
    "WOW Size": "250g",
    "WOW ppu": "$15.00 / 1KG"
  },
  {
    "Brand_Product_Size": "Woolworths Sweet Potato & Pumpkin Soup Low Fat 300g",
    "WOW Price": 3,
    "WOW Size": "300g",
    "WOW ppu": "$1.00 / 100G"
  },
  {
    "Brand_Product_Size": "Bosisto's Nasal Spray Eucalyptus Saline 50mL",
    "WOW Price": 6,
    "WOW Size": "50mL",
    "WOW ppu": "$12.00 / 100ML"
  },
  {
    "Brand_Product_Size": "Woolworths Hazelnuts 150g",
    "WOW Price": 4,
    "WOW Size": "150g",
    "WOW ppu": "$26.67 / 1KG"
  },
  {
    "Brand_Product_Size": "Nature's Gift Chicken Brown Rice & Vege Chilled Roll Dog Food 200g",
    "WOW Price": 1.5,
    "WOW Size": "200g",
    "WOW ppu": "$0.75 / 100G"
  },
  {
    "Brand_Product_Size": "Lavazza Qualita Rossa Ground Coffee 1kg",
    "WOW Price": 15.4,
    "WOW Size": "1kg",
    "WOW ppu": "$1.54 / 100G"
  },
  {
    "Brand_Product_Size": "Lavazza Qualita Rossa Ground Coffee 1kg",
    "WOW Price": 15.4,
    "WOW Size": "1kg",
    "WOW ppu": "$1.54 / 100G"
  },
  {
    "Brand_Product_Size": "Uncle Tobys Mango Vanilla & Chia Muesli Bar 5 pack",
    "WOW Price": 2.5,
    "WOW Size": "5 pack",
    "WOW ppu": "$1.43 / 100G"
  },
  {
    "Brand_Product_Size": "Sunrice Super Grains Gluten Free Super Duo Cup 250g",
    "WOW Price": 3,
    "WOW Size": "250g",
    "WOW ppu": "$1.20 / 100G"
  },
  {
    "Brand_Product_Size": "Gippsland Dairy Twist Blueberry Yoghurt 720g",
    "WOW Price": 7,
    "WOW Size": "720g",
    "WOW ppu": "$0.97 / 100G"
  },
  {
    "Brand_Product_Size": "Snickers Chocolate Bar 50g",
    "WOW Price": 2,
    "WOW Size": "50g",
    "WOW ppu": "$4.00 / 100G"
  },
  {
    "Brand_Product_Size": "Always Fresh Garlic Minced Jar 400g",
    "WOW Price": 3.5,
    "WOW Size": "400g",
    "WOW ppu": "$0.09 / 10G"
  },
  {
    "Brand_Product_Size": "Clairol Nice N Easy 8g Natural Golden Blonde each",
    "WOW Price": 9,
    "WOW Size": "each",
    "WOW ppu": ""
  },
  {
    "Brand_Product_Size": "Woolworths Beef & Barley Casserole With Roasted Vegetables 350g",
    "WOW Price": 7.5,
    "WOW Size": "350g",
    "WOW ppu": "$2.14 / 100G"
  },
  {
    "Brand_Product_Size": "Gelativo Mango Sorbet 1L",
    "WOW Price": 6,
    "WOW Size": "1L",
    "WOW ppu": "$0.60 / 100ML"
  },
  {
    "Brand_Product_Size": "Nestle Immune Plus Lozenges 10 x3 pack",
    "WOW Price": 4,
    "WOW Size": "10 x3 pack",
    "WOW ppu": "$3.33 / 100G"
  },
  {
    "Brand_Product_Size": "Selleys Bathroom Cleaner Rapid Mould Killer Trigger 500mL",
    "WOW Price": 6,
    "WOW Size": "500mL",
    "WOW ppu": "$1.20 / 100ML"
  },
  {
    "Brand_Product_Size": "Uncle Tobys Choc Faves Muesli Bars 15 pack",
    "WOW Price": 6,
    "WOW Size": "15 pack",
    "WOW ppu": "$1.28 / 100G"
  },
  {
    "Brand_Product_Size": "Uncle Tobys Choc Faves Muesli Bars 15 pack",
    "WOW Price": 6,
    "WOW Size": "15 pack",
    "WOW ppu": "$1.28 / 100G"
  },
  {
    "Brand_Product_Size": "Smash Gel Ice Brick each",
    "WOW Price": 3,
    "WOW Size": "each",
    "WOW ppu": ""
  },
  {
    "Brand_Product_Size": "Chobani Fit Strawberry Greek Yoghurt Pouch 140g",
    "WOW Price": 2.25,
    "WOW Size": "140g",
    "WOW ppu": "$1.61 / 100G"
  },
  {
    "Brand_Product_Size": "Strike Bleach Toilet Gel 700mL",
    "WOW Price": 2.3,
    "WOW Size": "700mL",
    "WOW ppu": "$0.33 / 100ML"
  },
  {
    "Brand_Product_Size": "Bean Supreme Black Bean & Beetroot Burger 340g",
    "WOW Price": 8,
    "WOW Size": "340g",
    "WOW ppu": "$2.35 / 100G"
  },
  {
    "Brand_Product_Size": "Woolworths Aussie Pork Chipolata 600g",
    "WOW Price": 6,
    "WOW Size": "600g",
    "WOW ppu": "$10.00 / 1KG"
  },
  {
    "Brand_Product_Size": "Eylure Baroque Luxe False Lash each",
    "WOW Price": 9,
    "WOW Size": "each",
    "WOW ppu": "$9.00 / 1EA"
  },
  {
    "Brand_Product_Size": "Green's Cake Mix Traditional Vanilla 470g",
    "WOW Price": 2.75,
    "WOW Size": "470g",
    "WOW ppu": "$0.59 / 100G"
  },
  {
    "Brand_Product_Size": "Ecostore Complete Care Mouthwash 450mL",
    "WOW Price": 9,
    "WOW Size": "450mL",
    "WOW ppu": "$2.00 / 100ML"
  },
  {
    "Brand_Product_Size": "Swisse Ultiboost Collagen Joint + Muscle Health Powder 162g",
    "WOW Price": 40,
    "WOW Size": "162g",
    "WOW ppu": ""
  },
  {
    "Brand_Product_Size": "The Spice Tailor Keralan Coconut Curry 225g",
    "WOW Price": 2.75,
    "WOW Size": "225g",
    "WOW ppu": "$1.22 / 100G"
  },
  {
    "Brand_Product_Size": "Rafferty's Garden Prebiotics Summer Fruits & Quinoa 120g",
    "WOW Price": 1.9,
    "WOW Size": "120g",
    "WOW ppu": "$1.58 / 100G"
  },
  {
    "Brand_Product_Size": "Glen 20 Disinfectant Spray Crisp Linen 175g",
    "WOW Price": 5.25,
    "WOW Size": "175g",
    "WOW ppu": "$0.30 / 10G"
  },
  {
    "Brand_Product_Size": "Box Mixers Mojito 750mL",
    "WOW Price": 3.75,
    "WOW Size": "750mL",
    "WOW ppu": "$5.00 / 1L"
  },
  {
    "Brand_Product_Size": "Woolworths Fresh Food Kids Mini Pears 5 pack",
    "WOW Price": 2.5,
    "WOW Size": "5 pack",
    "WOW ppu": "$0.50 / 1EA"
  },
  {
    "Brand_Product_Size": "Woolworths Fresh Food Kids Mini Pears 5 pack",
    "WOW Price": 2.5,
    "WOW Size": "5 pack",
    "WOW ppu": "$0.50 / 1EA"
  },
  {
    "Brand_Product_Size": "Mama Pho Tom Yum Noodle Bowl 70g",
    "WOW Price": 2.8,
    "WOW Size": "70g",
    "WOW ppu": "$4.00 / 100G"
  },
  {
    "Brand_Product_Size": "Macro Chipotle Crunch 30g",
    "WOW Price": 1,
    "WOW Size": "30g",
    "WOW ppu": "$3.33 / 100G"
  },
  {
    "Brand_Product_Size": "Sunrice Rice Snacks Salt & Vinegar Mini Bites 160g",
    "WOW Price": 4,
    "WOW Size": "160g",
    "WOW ppu": "$2.50 / 100G"
  },
  {
    "Brand_Product_Size": "Sunrice Rice Snacks Salt & Vinegar Mini Bites 160g",
    "WOW Price": 4,
    "WOW Size": "160g",
    "WOW ppu": "$2.50 / 100G"
  },
  {
    "Brand_Product_Size": "Ritz Sandwich Vanilla 118g",
    "WOW Price": 1,
    "WOW Size": "118g",
    "WOW ppu": "$0.85 / 100G"
  },
  {
    "Brand_Product_Size": "Energizer Screen Protector Samsung Galaxy S10 each",
    "WOW Price": 25,
    "WOW Size": "each",
    "WOW ppu": ""
  },
  {
    "Brand_Product_Size": "Chang's Oyster Sauce 280mL",
    "WOW Price": 4,
    "WOW Size": "280mL",
    "WOW ppu": "$1.43 / 100ML"
  },
  {
    "Brand_Product_Size": "Carman's Peanut Butter Brownie Protein Bars 5 pack",
    "WOW Price": 6.3,
    "WOW Size": "5 pack",
    "WOW ppu": "$3.15 / 100G"
  },
  {
    "Brand_Product_Size": "Carman's Peanut Butter Brownie Protein Bars 5 pack",
    "WOW Price": 6.3,
    "WOW Size": "5 pack",
    "WOW ppu": "$3.15 / 100G"
  },
  {
    "Brand_Product_Size": "Bx Earth Noosa Passion & Berry Candle 300g",
    "WOW Price": 15,
    "WOW Size": "300g",
    "WOW ppu": "$5.00 / 100G"
  },
  {
    "Brand_Product_Size": "Devondale Moo Chocolate Milk 6x200mL",
    "WOW Price": 5.4,
    "WOW Size": "6x200mL",
    "WOW ppu": "$4.50 / 1L"
  },
  {
    "Brand_Product_Size": "Devondale Moo Chocolate Milk 6x200mL",
    "WOW Price": 5.4,
    "WOW Size": "6x200mL",
    "WOW ppu": "$4.50 / 1L"
  },
  {
    "Brand_Product_Size": "Macro Australian Pecans 250g",
    "WOW Price": 8.5,
    "WOW Size": "250g",
    "WOW ppu": "$34.00 / 1KG"
  },
  {
    "Brand_Product_Size": "Love'em Beef Jerky With Tomato Dog Treats 200g",
    "WOW Price": 5,
    "WOW Size": "200g",
    "WOW ppu": "$2.50 / 100G"
  },
  {
    "Brand_Product_Size": "V Energy Energy Drink 500mL",
    "WOW Price": 3.15,
    "WOW Size": "500mL",
    "WOW ppu": "$6.30 / 1L"
  },
  {
    "Brand_Product_Size": "Easiyo Reduced Sugar Vanilla Yoghurt 176g",
    "WOW Price": 4.7,
    "WOW Size": "176g",
    "WOW ppu": "$2.67 / 100G"
  },
  {
    "Brand_Product_Size": "Bonds Girls Brief Size 4 To 6 & 6 To 8 4 pack",
    "WOW Price": 10.5,
    "WOW Size": "4 pack",
    "WOW ppu": ""
  },
  {
    "Brand_Product_Size": "Jelly Belly 3d Gel Duo Vent Island Punch Air Freshener each",
    "WOW Price": 7,
    "WOW Size": "each",
    "WOW ppu": "$50.00 / 100G"
  },
  {
    "Brand_Product_Size": "Nakula Coconut Yoghurt Mango 500g",
    "WOW Price": 6,
    "WOW Size": "500g",
    "WOW ppu": "$1.20 / 100G"
  },
  {
    "Brand_Product_Size": "Yackandandah Lemon Curd 350g",
    "WOW Price": 4.1,
    "WOW Size": "350g",
    "WOW ppu": "$1.17 / 100G"
  },
  {
    "Brand_Product_Size": "Arnott's Raspberry Shortcake 250g",
    "WOW Price": 2,
    "WOW Size": "250g",
    "WOW ppu": "$0.80 / 100G"
  },
  {
    "Brand_Product_Size": "Mccain Beans Baby 500g",
    "WOW Price": 2.6,
    "WOW Size": "500g",
    "WOW ppu": "$5.20 / 1KG"
  },
  {
    "Brand_Product_Size": "Sup Shots Gut Love 8 pack x 50mL",
    "WOW Price": 15,
    "WOW Size": "8 pack x 50mL",
    "WOW ppu": "$3.75 / 100ML"
  },
  {
    "Brand_Product_Size": "Nestle Jaffas 340g",
    "WOW Price": 5,
    "WOW Size": "340g",
    "WOW ppu": "$1.47 / 100G"
  },
  {
    "Brand_Product_Size": "Primo Duos Hot Twiggy Bites & Cheddar Cheese 50g",
    "WOW Price": 4,
    "WOW Size": "50g",
    "WOW ppu": "$80.00 / 1KG"
  },
  {
    "Brand_Product_Size": "Peters Maxibon Dare Iced Coffee Ice Cream Sandwich 4 pack",
    "WOW Price": 5,
    "WOW Size": "4 pack",
    "WOW ppu": "$0.81 / 100ML"
  },
  {
    "Brand_Product_Size": "Woolworths Beef Stir Fry 500g",
    "WOW Price": 11,
    "WOW Size": "500g",
    "WOW ppu": "$22.00 / 1KG"
  },
  {
    "Brand_Product_Size": "V Energy With Guarana Bottle 350mL",
    "WOW Price": 3.15,
    "WOW Size": "350mL",
    "WOW ppu": "$9.00 / 1L"
  },
  {
    "Brand_Product_Size": "Woolworths Truss Tomatoes Vine Ripened 500g",
    "WOW Price": 3.5,
    "WOW Size": "500g",
    "WOW ppu": "$7.00 / 1KG"
  },
  {
    "Brand_Product_Size": "Continental Cup A Soup Creamy Mushroom With Croutons 2 pack",
    "WOW Price": 1.05,
    "WOW Size": "2 pack",
    "WOW ppu": "$2.10 / 100G"
  },
  {
    "Brand_Product_Size": "Uncle Tobys Le Snak Cheddar Cheese Dip & Crackers 12 pack",
    "WOW Price": 5.5,
    "WOW Size": "12 pack",
    "WOW ppu": "$2.08 / 100G"
  },
  {
    "Brand_Product_Size": "Uncle Tobys Le Snak Cheddar Cheese Dip & Crackers 12 pack",
    "WOW Price": 5.5,
    "WOW Size": "12 pack",
    "WOW ppu": "$2.08 / 100G"
  },
  {
    "Brand_Product_Size": "Uncle Tobys Le Snak Cheddar Cheese Dip & Crackers 12 pack",
    "WOW Price": 5.5,
    "WOW Size": "12 pack",
    "WOW ppu": "$2.08 / 100G"
  },
  {
    "Brand_Product_Size": "Maggi 2 Minute Instant Cup Noodle Oriental 60g",
    "WOW Price": 1.8,
    "WOW Size": "60g",
    "WOW ppu": "$3.00 / 100G"
  },
  {
    "Brand_Product_Size": "Mcobeauty Pink Apple Lip Balm each",
    "WOW Price": 5,
    "WOW Size": "each",
    "WOW ppu": "$3.33 / 10G"
  },
  {
    "Brand_Product_Size": "L'oreal Paris Elvive Fibralogy Conditioner 700mL",
    "WOW Price": 10,
    "WOW Size": "700mL",
    "WOW ppu": "$1.43 / 100ML"
  },
  {
    "Brand_Product_Size": "Mint Non-stick Coating Bundt Tin each",
    "WOW Price": 6.4,
    "WOW Size": "each",
    "WOW ppu": ""
  },
  {
    "Brand_Product_Size": "Gippsland Twist Watermelon & Strawberry Yoghurt 160g",
    "WOW Price": 2,
    "WOW Size": "160g",
    "WOW ppu": "$1.25 / 100G"
  },
  {
    "Brand_Product_Size": "Select Scrubbing Brush Tile & Grout each",
    "WOW Price": 3,
    "WOW Size": "each",
    "WOW ppu": "$3.00 / 1EA"
  },
  {
    "Brand_Product_Size": "Woolworths Asian Style Salad Kit 350g",
    "WOW Price": 5,
    "WOW Size": "350g",
    "WOW ppu": "$14.29 / 1KG"
  },
  {
    "Brand_Product_Size": "Woolworths Asian Style Salad Kit 350g",
    "WOW Price": 5,
    "WOW Size": "350g",
    "WOW ppu": "$14.29 / 1KG"
  },
  {
    "Brand_Product_Size": "Birch & Waite Milk Chocolate Dessert Sauce 130g",
    "WOW Price": 3,
    "WOW Size": "130g",
    "WOW ppu": "$23.08 / 1KG"
  },
  {
    "Brand_Product_Size": "Birch & Waite Milk Chocolate Dessert Sauce 130g",
    "WOW Price": 3,
    "WOW Size": "130g",
    "WOW ppu": "$23.08 / 1KG"
  },
  {
    "Brand_Product_Size": "Kellogg's All-bran High Fibre Breakfast Cereal 530g",
    "WOW Price": 2.62,
    "WOW Size": "530g",
    "WOW ppu": "$0.49 / 100G"
  },
  {
    "Brand_Product_Size": "Sugar Wrap 100% Eco Garbage Bags 27l 30 pack",
    "WOW Price": 5.5,
    "WOW Size": "30 pack",
    "WOW ppu": "$0.18 / 1EA"
  },
  {
    "Brand_Product_Size": "Whiskas Chicken & Turkey Adult Dry Cat Food 1.8kg",
    "WOW Price": 8,
    "WOW Size": "1.8kg",
    "WOW ppu": "$0.44 / 100G"
  },
  {
    "Brand_Product_Size": "Deep Cove Mackerel In Natural Mackerel Oil 425g",
    "WOW Price": 2.7,
    "WOW Size": "425g",
    "WOW ppu": "$6.35 / 1KG"
  },
  {
    "Brand_Product_Size": "Yakult Probiotic Drink 10x65mL",
    "WOW Price": 7.7,
    "WOW Size": "10x65mL",
    "WOW ppu": "$11.85 / 1L"
  },
  {
    "Brand_Product_Size": "Magnum Tub Ice Cream White 440mL",
    "WOW Price": 9,
    "WOW Size": "440mL",
    "WOW ppu": "$2.05 / 100ML"
  },
  {
    "Brand_Product_Size": "Hercules Ezy Slide Resealable Storage Bags 30 pack",
    "WOW Price": 3.3,
    "WOW Size": "30 pack",
    "WOW ppu": "$0.11 / 1EA"
  },
  {
    "Brand_Product_Size": "Hedy's Veggie Burger each",
    "WOW Price": 1.99,
    "WOW Size": "each",
    "WOW ppu": "$1.99 / 1EA"
  },
  {
    "Brand_Product_Size": "Ajax Floor Cleaner Stone Safe Baking Soda 750mL",
    "WOW Price": 3.49,
    "WOW Size": "750mL",
    "WOW ppu": "$0.47 / 100ML"
  },
  {
    "Brand_Product_Size": "Carman's Original Fruit Free Muesli 500g",
    "WOW Price": 4.5,
    "WOW Size": "500g",
    "WOW ppu": "$0.90 / 100G"
  },
  {
    "Brand_Product_Size": "Gatorade Lemon Lime Sports Drink 1L",
    "WOW Price": 2.5,
    "WOW Size": "1L",
    "WOW ppu": "$2.50 / 1L"
  },
  {
    "Brand_Product_Size": "Dove Women Antiperspirant Roll On Deodorant Pomegranate 50mL",
    "WOW Price": 3.9,
    "WOW Size": "50mL",
    "WOW ppu": "$7.80 / 100ML"
  },
  {
    "Brand_Product_Size": "Burt's Bees Moisturising Lip Balm Watermelon 4.25g",
    "WOW Price": 7,
    "WOW Size": "4.25g",
    "WOW ppu": "$16.47 / 10G"
  },
  {
    "Brand_Product_Size": "Halo Top Choc Chip Cookie Dough 473mL",
    "WOW Price": 7,
    "WOW Size": "473mL",
    "WOW ppu": "$1.48 / 100ML"
  },
  {
    "Brand_Product_Size": "Macro Organic 6 Months+ Pumpkin Sweetcorn Potato & Carrot 120g",
    "WOW Price": 1.4,
    "WOW Size": "120g",
    "WOW ppu": "$1.17 / 100G"
  },
  {
    "Brand_Product_Size": "Cover Girl Perfect Blend Eye Pencil 100 Basic Black each",
    "WOW Price": 6.5,
    "WOW Size": "each",
    "WOW ppu": "$76.47 / 10G"
  },
  {
    "Brand_Product_Size": "La Costena Chipotle Sauce 220g",
    "WOW Price": 3.75,
    "WOW Size": "220g",
    "WOW ppu": "$1.70 / 100G"
  },
  {
    "Brand_Product_Size": "Aussie Bodies Shape Lo Carb Almond Caramel Deluxe Bars 4 pack",
    "WOW Price": 9,
    "WOW Size": "4 pack",
    "WOW ppu": "$7.50 / 100G"
  },
  {
    "Brand_Product_Size": "Mission High Fibre Vitamin Enriched Wraps 8 pack",
    "WOW Price": 5,
    "WOW Size": "8 pack",
    "WOW ppu": "$1.30 / 100G"
  },
  {
    "Brand_Product_Size": "Woolworths Cook Butterflied Lamb Shoulder With Rosemary & Mint 850g - 1.65kg",
    "WOW Price": 31.35,
    "WOW Size": "850g - 1.65kg",
    "WOW ppu": "$19.00 / 1KG"
  },
  {
    "Brand_Product_Size": "Woolworths Beef Scotch Fillet Thin Slice Whole 450g - 750g",
    "WOW Price": 30.75,
    "WOW Size": "450g - 750g",
    "WOW ppu": "$41.00 / 1KG"
  },
  {
    "Brand_Product_Size": "Love'em Beef Liver Dog Treats 200g",
    "WOW Price": 8,
    "WOW Size": "200g",
    "WOW ppu": "$4.00 / 100G"
  },
  {
    "Brand_Product_Size": "Ogx Biotin Collagen Conditioner 385mL",
    "WOW Price": 20,
    "WOW Size": "385mL",
    "WOW ppu": "$5.19 / 100ML"
  },
  {
    "Brand_Product_Size": "Betadine Antiseptic Liquid 15mL",
    "WOW Price": 11.3,
    "WOW Size": "15mL",
    "WOW ppu": "$75.33 / 100ML"
  },
  {
    "Brand_Product_Size": "Heinz Tomato Ketchup Squeezable All Natural 1L",
    "WOW Price": 4.15,
    "WOW Size": "1L",
    "WOW ppu": "$0.42 / 100ML"
  },
  {
    "Brand_Product_Size": "Colgate Sensitive Prorelief Teeth Pain Toothpaste 110g",
    "WOW Price": 10,
    "WOW Size": "110g",
    "WOW ppu": "$9.09 / 100G"
  },
  {
    "Brand_Product_Size": "Birds Eye Veggie Rice Broccoli & Cauli 500g",
    "WOW Price": 3.3,
    "WOW Size": "500g",
    "WOW ppu": "$6.60 / 1KG"
  },
  {
    "Brand_Product_Size": "Masterfoods Recipe Base Beef Stroganoff 175g",
    "WOW Price": 2.2,
    "WOW Size": "175g",
    "WOW ppu": "$1.26 / 100G"
  },
  {
    "Brand_Product_Size": "Obento Tonkatsu Sauce 250mL",
    "WOW Price": 3,
    "WOW Size": "250mL",
    "WOW ppu": "$1.20 / 100ML"
  },
  {
    "Brand_Product_Size": "Passage To Asia Pad Thai 200g",
    "WOW Price": 3,
    "WOW Size": "200g",
    "WOW ppu": "$1.50 / 100G"
  },
  {
    "Brand_Product_Size": "Sandhurst Dressings Caramelised Balsamic Vinegar 250mL",
    "WOW Price": 10,
    "WOW Size": "250mL",
    "WOW ppu": "$4.00 / 100ML"
  },
  {
    "Brand_Product_Size": "Wicked Sister Vanilla Creme Brulee 100g x2 pack",
    "WOW Price": 2.1,
    "WOW Size": "100g x2 pack",
    "WOW ppu": "$1.05 / 100G"
  },
  {
    "Brand_Product_Size": "Lean Cuisine 3 Beans, Broccoli, Chorizo & Brown Rice Nutri Bowl 280g",
    "WOW Price": 4.5,
    "WOW Size": "280g",
    "WOW ppu": "$1.61 / 100G"
  },
  {
    "Brand_Product_Size": "Glad Snap Lock Resealable Large Sandwich Bags 30 pack",
    "WOW Price": 3.3,
    "WOW Size": "30 pack",
    "WOW ppu": "$0.11 / 1EA"
  },
  {
    "Brand_Product_Size": "Glad Snap Lock Resealable Large Sandwich Bags 30 pack",
    "WOW Price": 3.3,
    "WOW Size": "30 pack",
    "WOW ppu": "$0.11 / 1EA"
  },
  {
    "Brand_Product_Size": "Russino Anchovies Flat 80g",
    "WOW Price": 4,
    "WOW Size": "80g",
    "WOW ppu": "$50.00 / 1KG"
  },
  {
    "Brand_Product_Size": "Kan Tong Teriyaki Chicken Meal Base Pouch 175g",
    "WOW Price": 2.9,
    "WOW Size": "175g",
    "WOW ppu": "$1.66 / 100G"
  },
  {
    "Brand_Product_Size": "Gillette Blue Iii Disposable Razors Pack each",
    "WOW Price": 15,
    "WOW Size": "each",
    "WOW ppu": "$0.94 / 1EA"
  },
  {
    "Brand_Product_Size": "Woolworths Shredded Coconut 250g",
    "WOW Price": 1.75,
    "WOW Size": "250g",
    "WOW ppu": "$7.00 / 1KG"
  },
  {
    "Brand_Product_Size": "Oral-b Toothbrush 7 Benefits Pro Health each",
    "WOW Price": 6,
    "WOW Size": "each",
    "WOW ppu": "$6.00 / 1EA"
  },
  {
    "Brand_Product_Size": "Woolworths Microwave Popcorn Butter Flavoured 100g",
    "WOW Price": 0.95,
    "WOW Size": "100g",
    "WOW ppu": "$0.95 / 100G"
  },
  {
    "Brand_Product_Size": "Telstra Prepaid Nokia 2.3 4gx Black each",
    "WOW Price": 99,
    "WOW Size": "each",
    "WOW ppu": ""
  },
  {
    "Brand_Product_Size": "Rafferty's Garden Food 4 Months+ Pear & Superberries 120g",
    "WOW Price": 1.65,
    "WOW Size": "120g",
    "WOW ppu": "$1.38 / 100G"
  },
  {
    "Brand_Product_Size": "Oak Strawberry Milk 2L",
    "WOW Price": 4.5,
    "WOW Size": "2L",
    "WOW ppu": "$2.25 / 1L"
  },
  {
    "Brand_Product_Size": "Macro Chicken Mince Free Range min. 500g",
    "WOW Price": 9,
    "WOW Size": "min. 500g",
    "WOW ppu": "$18.00 / 1KG"
  },
  {
    "Brand_Product_Size": "Nestle Caramel Dulce De Leche Squeezy 450g",
    "WOW Price": 6,
    "WOW Size": "450g",
    "WOW ppu": "$1.33 / 100G"
  },
  {
    "Brand_Product_Size": "Nerf Scentology Dog Toy Bone each",
    "WOW Price": 11.9,
    "WOW Size": "each",
    "WOW ppu": "$11.90 / 1EA"
  },
  {
    "Brand_Product_Size": "Nakula Plant Based With Probiotics Mango Yoghurt 500g",
    "WOW Price": 6,
    "WOW Size": "500g",
    "WOW ppu": "$1.20 / 100G"
  },
  {
    "Brand_Product_Size": "Maybelline Brow Satin Pencil & Powder Duo - Medium Brown 0.5g",
    "WOW Price": 8.5,
    "WOW Size": "0.5g",
    "WOW ppu": "$8.50 / 1EA"
  },
  {
    "Brand_Product_Size": "Heinz Smoothie Pear, Berry & Oat Pouch 120g",
    "WOW Price": 1.5,
    "WOW Size": "120g",
    "WOW ppu": "$1.25 / 100G"
  },
  {
    "Brand_Product_Size": "Woolworths Vegan Apple Crumble Tarts 4 pack",
    "WOW Price": 5,
    "WOW Size": "4 pack",
    "WOW ppu": "$2.50 / 100G"
  },
  {
    "Brand_Product_Size": "Schwarzkopf Colour Specialist 4-0 Medium Natural Brown each",
    "WOW Price": 9.5,
    "WOW Size": "each",
    "WOW ppu": "$5.69 / 100ML"
  },
  {
    "Brand_Product_Size": "Cancer Council Spf 30+ Sunscreen Everyday 500mL",
    "WOW Price": 26,
    "WOW Size": "500mL",
    "WOW ppu": "$5.20 / 100ML"
  },
  {
    "Brand_Product_Size": "Post-it Flags 680 Eg Alt each",
    "WOW Price": 6,
    "WOW Size": "each",
    "WOW ppu": ""
  },
  {
    "Brand_Product_Size": "Glad Cling Wrap 90m",
    "WOW Price": 5,
    "WOW Size": "90m",
    "WOW ppu": "$0.06 / 1M"
  },
  {
    "Brand_Product_Size": "Glad Cling Wrap 90m",
    "WOW Price": 5,
    "WOW Size": "90m",
    "WOW ppu": "$0.06 / 1M"
  },
  {
    "Brand_Product_Size": "Bell Farms Sweet Potato Chips 750g",
    "WOW Price": 4.8,
    "WOW Size": "750g",
    "WOW ppu": "$6.40 / 1KG"
  },
  {
    "Brand_Product_Size": "Sistema To Go Cooler Bag each",
    "WOW Price": 12,
    "WOW Size": "each",
    "WOW ppu": ""
  },
  {
    "Brand_Product_Size": "Mud Gel Nail Colour Rosette 13mL",
    "WOW Price": 2,
    "WOW Size": "13mL",
    "WOW ppu": "$1.54 / 10ML"
  },
  {
    "Brand_Product_Size": "The Salad Servers Jewelled Saffron Rice 800g",
    "WOW Price": 9,
    "WOW Size": "800g",
    "WOW ppu": "$1.13 / 100G"
  },
  {
    "Brand_Product_Size": "Nestle Cerelac Oats & Wheat With Prune Baby Cereal Stage 2 200g",
    "WOW Price": 4.6,
    "WOW Size": "200g",
    "WOW ppu": "$2.30 / 100G"
  },
  {
    "Brand_Product_Size": "Korbond Fabric/wool Comb each",
    "WOW Price": 4,
    "WOW Size": "each",
    "WOW ppu": ""
  },
  {
    "Brand_Product_Size": "Kellogg's Lcms Dino Puffed Rice Snack Bars 6 pack",
    "WOW Price": 2,
    "WOW Size": "6 pack",
    "WOW ppu": "$1.52 / 100G"
  },
  {
    "Brand_Product_Size": "Kellogg's Lcms Dino Puffed Rice Snack Bars 6 pack",
    "WOW Price": 2,
    "WOW Size": "6 pack",
    "WOW ppu": "$1.52 / 100G"
  },
  {
    "Brand_Product_Size": "Soften Fabric Softener Lavender Hill 2L",
    "WOW Price": 2.99,
    "WOW Size": "2L",
    "WOW ppu": "$1.50 / 1L"
  },
  {
    "Brand_Product_Size": "Pocky Chocolate Value Pack 8 pack",
    "WOW Price": 6,
    "WOW Size": "8 pack",
    "WOW ppu": "$3.41 / 100G"
  },
  {
    "Brand_Product_Size": "Pocky Chocolate Value Pack 8 pack",
    "WOW Price": 6,
    "WOW Size": "8 pack",
    "WOW ppu": "$3.41 / 100G"
  },
  {
    "Brand_Product_Size": "Olive Green Organics Spaghetti Amaranth & Rice 300g",
    "WOW Price": 6,
    "WOW Size": "300g",
    "WOW ppu": "$2.00 / 100G"
  },
  {
    "Brand_Product_Size": "Shine Pro 18 In 1 Dishwashing Pods 20 pack",
    "WOW Price": 4,
    "WOW Size": "20 pack",
    "WOW ppu": "$0.20 / 1EA"
  },
  {
    "Brand_Product_Size": "Little Bellies Organic Round-a-bouts Pumpkin 12g",
    "WOW Price": 1.7,
    "WOW Size": "12g",
    "WOW ppu": "$14.17 / 100G"
  },
  {
    "Brand_Product_Size": "Sally Hansen Hard As Nails Nail Colour Xtreme Wear Invisible 11.8mL",
    "WOW Price": 3.5,
    "WOW Size": "11.8mL",
    "WOW ppu": "$2.97 / 10ML"
  },
  {
    "Brand_Product_Size": "Rufus & Coco Air Mesh Dog Collar Medium To Large each",
    "WOW Price": 18.54,
    "WOW Size": "each",
    "WOW ppu": "$18.54 / 1EA"
  },
  {
    "Brand_Product_Size": "Herbal Essences Bio Renew Shampoo Revitalise Blue Ginger 400mL",
    "WOW Price": 6,
    "WOW Size": "400mL",
    "WOW ppu": "$1.50 / 100ML"
  },
  {
    "Brand_Product_Size": "Abundance Middle Eastern Lamb 400g",
    "WOW Price": 7.5,
    "WOW Size": "400g",
    "WOW ppu": "$1.88 / 100G"
  },
  {
    "Brand_Product_Size": "Essentials Frozen Beef Lasagne 400g",
    "WOW Price": 2.25,
    "WOW Size": "400g",
    "WOW ppu": "$0.56 / 100G"
  },
  {
    "Brand_Product_Size": "Revlon Colorstay For Normal & Dry Skin Fresh Beige Foundation 30mL",
    "WOW Price": 17.5,
    "WOW Size": "30mL",
    "WOW ppu": "$5.83 / 10ML"
  },
  {
    "Brand_Product_Size": "Easiyo Reduced Sugar Banana Yoghurt 176g",
    "WOW Price": 4.7,
    "WOW Size": "176g",
    "WOW ppu": "$2.67 / 100G"
  },
  {
    "Brand_Product_Size": "Pedigree Adult With Real Beef Dry Dog Food 8kg",
    "WOW Price": 20,
    "WOW Size": "8kg",
    "WOW ppu": "$0.25 / 100G"
  },
  {
    "Brand_Product_Size": "Bundaberg Burgundee Creaming Soda 4x375mL",
    "WOW Price": 6.35,
    "WOW Size": "4x375mL",
    "WOW ppu": "$4.23 / 1L"
  },
  {
    "Brand_Product_Size": "Lifestyles Condoms Regular 20 pack",
    "WOW Price": 9.9,
    "WOW Size": "20 pack",
    "WOW ppu": "$0.50 / 1EA"
  },
  {
    "Brand_Product_Size": "Gold'n Canola Canola Oil 4L",
    "WOW Price": 18,
    "WOW Size": "4L",
    "WOW ppu": "$0.45 / 100ML"
  },
  {
    "Brand_Product_Size": "My Soda Cleanse Conditioner 350mL",
    "WOW Price": 10,
    "WOW Size": "350mL",
    "WOW ppu": "$2.86 / 100ML"
  },
  {
    "Brand_Product_Size": "Lucozade Orange Energy Drink 380mL",
    "WOW Price": 3,
    "WOW Size": "380mL",
    "WOW ppu": "$7.89 / 1L"
  },
  {
    "Brand_Product_Size": "Oob Organic Frozen Blueberries 450g",
    "WOW Price": 8.5,
    "WOW Size": "450g",
    "WOW ppu": "$18.89 / 1KG"
  },
  {
    "Brand_Product_Size": "Kan Tong Honey Teriyaki Stir Fry Sauce 510g",
    "WOW Price": 3,
    "WOW Size": "510g",
    "WOW ppu": "$0.59 / 100G"
  },
  {
    "Brand_Product_Size": "Yoplait Petit Miam Plain Yoghurt 70g",
    "WOW Price": 1,
    "WOW Size": "70g",
    "WOW ppu": "$1.43 / 100G"
  },
  {
    "Brand_Product_Size": "Nivea Micellar 3 In 1 Face Cleansing Wipes 25 pack",
    "WOW Price": 5,
    "WOW Size": "25 pack",
    "WOW ppu": "$0.20 / 1EA"
  },
  {
    "Brand_Product_Size": "South Cape Aged Parmesan Cheese 185g",
    "WOW Price": 9.75,
    "WOW Size": "185g",
    "WOW ppu": "$52.70 / 1KG"
  },
  {
    "Brand_Product_Size": "South Cape Aged Parmesan Cheese 185g",
    "WOW Price": 9.75,
    "WOW Size": "185g",
    "WOW ppu": "$52.70 / 1KG"
  },
  {
    "Brand_Product_Size": "Bonds Baby Socks Wonder Size 0-6m 3 pack",
    "WOW Price": 5.4,
    "WOW Size": "3 pack",
    "WOW ppu": "$1.80 / 1EA"
  },
  {
    "Brand_Product_Size": "Califia Farms Unsweetened Vanilla Almond 750mL",
    "WOW Price": 4,
    "WOW Size": "750mL",
    "WOW ppu": "$5.33 / 1L"
  },
  {
    "Brand_Product_Size": "Hydralyte Sports Drink Berry 600mL",
    "WOW Price": 4,
    "WOW Size": "600mL",
    "WOW ppu": "$0.67 / 100ML"
  },
  {
    "Brand_Product_Size": "Macro Organic Corn Chips Cheese 200g",
    "WOW Price": 2.5,
    "WOW Size": "200g",
    "WOW ppu": "$1.25 / 100G"
  },
  {
    "Brand_Product_Size": "Multix Greener 60% Plant Based Kitchen Tidy Garbage Bags S 30 pack",
    "WOW Price": 4.5,
    "WOW Size": "30 pack",
    "WOW ppu": "$0.15 / 1EA"
  },
  {
    "Brand_Product_Size": "Wagh Bakri Premium Tea Bags 200g",
    "WOW Price": 6.5,
    "WOW Size": "200g",
    "WOW ppu": "$3.25 / 100G"
  },
  {
    "Brand_Product_Size": "Dux Guinea Pig & Rabbit Meal 2kg",
    "WOW Price": 7,
    "WOW Size": "2kg",
    "WOW ppu": "$0.35 / 100G"
  },
  {
    "Brand_Product_Size": "Woolworths Classic Coleslaw 250g",
    "WOW Price": 3,
    "WOW Size": "250g",
    "WOW ppu": "$1.20 / 100G"
  },
  {
    "Brand_Product_Size": "Woolworths Classic Coleslaw 250g",
    "WOW Price": 3,
    "WOW Size": "250g",
    "WOW ppu": "$1.20 / 100G"
  },
  {
    "Brand_Product_Size": "L'oreal Paris Elvive Colour Protect Shampoo 700mL",
    "WOW Price": 10,
    "WOW Size": "700mL",
    "WOW ppu": "$1.43 / 100ML"
  },
  {
    "Brand_Product_Size": "Eveready Gold Aaa Batteries 4 pack",
    "WOW Price": 4.5,
    "WOW Size": "4 pack",
    "WOW ppu": "$1.13 / 1EA"
  },
  {
    "Brand_Product_Size": "Dimetapp Kids Cough Plus Immune 200mL",
    "WOW Price": 19,
    "WOW Size": "200mL",
    "WOW ppu": "$9.50 / 100ML"
  },
  {
    "Brand_Product_Size": "Oscar Orsen Dressing Comb each",
    "WOW Price": 3,
    "WOW Size": "each",
    "WOW ppu": ""
  },
  {
    "Brand_Product_Size": "Revlon Colorstay Pressed Powder Light 8.4g",
    "WOW Price": 17.5,
    "WOW Size": "8.4g",
    "WOW ppu": "$20.83 / 10G"
  },
  {
    "Brand_Product_Size": "Woolworths Honey Macadamia 120g",
    "WOW Price": 6,
    "WOW Size": "120g",
    "WOW ppu": "$50.00 / 1KG"
  },
  {
    "Brand_Product_Size": "Sharpie Permanent Markers Metallic 3 pack",
    "WOW Price": 8,
    "WOW Size": "3 pack",
    "WOW ppu": ""
  },
  {
    "Brand_Product_Size": "Sunrice Koshihikari Sushi Rice 750g",
    "WOW Price": 5,
    "WOW Size": "750g",
    "WOW ppu": "$0.67 / 100G"
  },
  {
    "Brand_Product_Size": "Mckenzie's Ancient Grain Soup Mix 375g",
    "WOW Price": 2.3,
    "WOW Size": "375g",
    "WOW ppu": "$0.61 / 100G"
  },
  {
    "Brand_Product_Size": "Mccormicks Slow Cookers Beef & Red Wine 40g",
    "WOW Price": 1.5,
    "WOW Size": "40g",
    "WOW ppu": "$3.75 / 100G"
  },
  {
    "Brand_Product_Size": "Osem Israeli Matzo Ball Mix 142g",
    "WOW Price": 4.5,
    "WOW Size": "142g",
    "WOW ppu": "$3.17 / 100G"
  },
  {
    "Brand_Product_Size": "Bonox Beef Stock Paste Extract 230g",
    "WOW Price": 5.5,
    "WOW Size": "230g",
    "WOW ppu": "$0.24 / 10G"
  },
  {
    "Brand_Product_Size": "Stayfree Pads Super No Wings 18 pack",
    "WOW Price": 4.3,
    "WOW Size": "18 pack",
    "WOW ppu": "$0.24 / 1EA"
  },
  {
    "Brand_Product_Size": "San Remo La Pasta Creamy Bacon Single Snack 80g",
    "WOW Price": 1,
    "WOW Size": "80g",
    "WOW ppu": "$1.25 / 100G"
  },
  {
    "Brand_Product_Size": "Slim Secrets Mintabolism Boost Bar 40g",
    "WOW Price": 3,
    "WOW Size": "40g",
    "WOW ppu": "$7.50 / 100G"
  },
  {
    "Brand_Product_Size": "Dove Women Antiperspirant Aerosol Deodorant Go Fresh Pomegranate 250mL",
    "WOW Price": 3.5,
    "WOW Size": "250mL",
    "WOW ppu": "$1.40 / 100ML"
  },
  {
    "Brand_Product_Size": "Hasbro Boggle Classic each",
    "WOW Price": 16,
    "WOW Size": "each",
    "WOW ppu": ""
  },
  {
    "Brand_Product_Size": "Berocca Energy Vitamin Mango & Orange Effervescent Tablets 30 pack",
    "WOW Price": 17.3,
    "WOW Size": "30 pack",
    "WOW ppu": "$57.67 / 100EA"
  },
  {
    "Brand_Product_Size": "Clio Travel Sock Black Size 9-11 each",
    "WOW Price": 10,
    "WOW Size": "each",
    "WOW ppu": ""
  },
  {
    "Brand_Product_Size": "Little Wishes Sippy Cup each",
    "WOW Price": 1.75,
    "WOW Size": "each",
    "WOW ppu": "$1.75 / 1EA"
  },
  {
    "Brand_Product_Size": "Uncle Tobys Oats Breakfast Bakes Honey & Roasted Almond 260g",
    "WOW Price": 6,
    "WOW Size": "260g",
    "WOW ppu": "$2.31 / 100G"
  },
  {
    "Brand_Product_Size": "Head & Shoulders 2in1 Oil Control Shampoo & Conditioner 350mL",
    "WOW Price": 9.1,
    "WOW Size": "350mL",
    "WOW ppu": "$2.60 / 100ML"
  },
  {
    "Brand_Product_Size": "D'orsogna 100% Natural Bacon 300g",
    "WOW Price": 8.5,
    "WOW Size": "300g",
    "WOW ppu": "$28.33 / 1KG"
  },
  {
    "Brand_Product_Size": "Johnson's Baby Wash Top To Toe Bath 500mL",
    "WOW Price": 9.5,
    "WOW Size": "500mL",
    "WOW ppu": "$1.90 / 100ML"
  },
  {
    "Brand_Product_Size": "Blackmores Multivitamin For Women 50 pack",
    "WOW Price": 15,
    "WOW Size": "50 pack",
    "WOW ppu": "$30.00 / 100EA"
  },
  {
    "Brand_Product_Size": "Applaws Dog Tins Cuisine Selection 5 pack",
    "WOW Price": 12.5,
    "WOW Size": "5 pack",
    "WOW ppu": "$1.60 / 100G"
  },
  {
    "Brand_Product_Size": "Rimmel Exaggerate Liquid Eye Liner 100% Black 2.50mL",
    "WOW Price": 14,
    "WOW Size": "2.50mL",
    "WOW ppu": "$56.00 / 10ML"
  },
  {
    "Brand_Product_Size": "Babylove Nappy Pants Walker 12-17kg 25 pack",
    "WOW Price": 12,
    "WOW Size": "25 pack",
    "WOW ppu": "$0.48 / 1EA"
  },
  {
    "Brand_Product_Size": "Myaura Antiperspirant Roll On Deodorant Geranium Lavender 75mL",
    "WOW Price": 9,
    "WOW Size": "75mL",
    "WOW ppu": "$12.00 / 100ML"
  },
  {
    "Brand_Product_Size": "Earth Choice Wood Cleaner & Polisher 250mL",
    "WOW Price": 4,
    "WOW Size": "250mL",
    "WOW ppu": "$1.60 / 100ML"
  },
  {
    "Brand_Product_Size": "Mainland Otg Colby Artisan Cheese & Crackers 38g",
    "WOW Price": 2.5,
    "WOW Size": "38g",
    "WOW ppu": "$65.79 / 1KG"
  },
  {
    "Brand_Product_Size": "John West Tuna Pouch Protein Plus Iron 220g",
    "WOW Price": 3,
    "WOW Size": "220g",
    "WOW ppu": "$13.64 / 1KG"
  },
  {
    "Brand_Product_Size": "Ostelin Vitamin D3 Capsules 60 pack",
    "WOW Price": 9.5,
    "WOW Size": "60 pack",
    "WOW ppu": "$15.83 / 100EA"
  },
  {
    "Brand_Product_Size": "Keep It Cleaner Tortilla Veggie Chips Lentil & Beetroot 125g",
    "WOW Price": 4,
    "WOW Size": "125g",
    "WOW ppu": "$3.20 / 100G"
  },
  {
    "Brand_Product_Size": "Dolmio Express Pasta Sauce Tomato & Mozzarella Pouch 170g",
    "WOW Price": 2.9,
    "WOW Size": "170g",
    "WOW ppu": "$1.71 / 100G"
  },
  {
    "Brand_Product_Size": "Bonds Baby Sportlet Socks Size 6-12m & 1-2y 3 pack",
    "WOW Price": 6.6,
    "WOW Size": "3 pack",
    "WOW ppu": "$2.20 / 1EA"
  },
  {
    "Brand_Product_Size": "Grinders Coffee Capsules Espresso Caffitaly System 10 pack",
    "WOW Price": 6,
    "WOW Size": "10 pack",
    "WOW ppu": "$0.60 / 1EA"
  },
  {
    "Brand_Product_Size": "Grinders Coffee Capsules Espresso Caffitaly System 10 pack",
    "WOW Price": 6,
    "WOW Size": "10 pack",
    "WOW ppu": "$0.60 / 1EA"
  },
  {
    "Brand_Product_Size": "Do Good Labs We Got This Mix 115g",
    "WOW Price": 3.45,
    "WOW Size": "115g",
    "WOW ppu": "$3.00 / 100G"
  },
  {
    "Brand_Product_Size": "Woolworths Cream Cheese Spread 245g",
    "WOW Price": 2.9,
    "WOW Size": "245g",
    "WOW ppu": "$11.84 / 1KG"
  },
  {
    "Brand_Product_Size": "Starbucks By Nespresso Espresso Roast Coffee Pods 20 pack",
    "WOW Price": 12.6,
    "WOW Size": "20 pack",
    "WOW ppu": "$0.63 / 1EA"
  },
  {
    "Brand_Product_Size": "Starbucks By Nespresso Espresso Roast Coffee Pods 20 pack",
    "WOW Price": 12.6,
    "WOW Size": "20 pack",
    "WOW ppu": "$0.63 / 1EA"
  },
  {
    "Brand_Product_Size": "Evia Skim Greek Yoghurt 700g",
    "WOW Price": 5.5,
    "WOW Size": "700g",
    "WOW ppu": "$0.79 / 100G"
  },
  {
    "Brand_Product_Size": "Sistema Storage With Tray 3.58l each",
    "WOW Price": 7,
    "WOW Size": "each",
    "WOW ppu": ""
  },
  {
    "Brand_Product_Size": "Underworks Mens Sport Quarter Crew Black 7 To 10 3 pack",
    "WOW Price": 9,
    "WOW Size": "3 pack",
    "WOW ppu": ""
  },
  {
    "Brand_Product_Size": "Woolworths Solanato Tomato 200g",
    "WOW Price": 3.5,
    "WOW Size": "200g",
    "WOW ppu": "$17.50 / 1KG"
  },
  {
    "Brand_Product_Size": "Woolworths Solanato Tomato 200g",
    "WOW Price": 3.5,
    "WOW Size": "200g",
    "WOW ppu": "$17.50 / 1KG"
  },
  {
    "Brand_Product_Size": "Continental Rice Mexican 180g",
    "WOW Price": 3,
    "WOW Size": "180g",
    "WOW ppu": "$1.67 / 100G"
  },
  {
    "Brand_Product_Size": "Hinterland Burnt Butter With Caramel Sauce Ice Cream Tub 1L",
    "WOW Price": 10.5,
    "WOW Size": "1L",
    "WOW ppu": "$1.05 / 100ML"
  },
  {
    "Brand_Product_Size": "Bulla Creme Fraiche Creme Fraiche 200mL",
    "WOW Price": 4.2,
    "WOW Size": "200mL",
    "WOW ppu": "$2.10 / 100ML"
  },
  {
    "Brand_Product_Size": "Kan Tong Satay Chicken Meal Base Pouch 180g",
    "WOW Price": 2.9,
    "WOW Size": "180g",
    "WOW ppu": "$1.61 / 100G"
  },
  {
    "Brand_Product_Size": "Maybelline Colossal Big Shot Volumizing Mascara - Baddest Black 9.5mL",
    "WOW Price": 10,
    "WOW Size": "9.5mL",
    "WOW ppu": "$10.53 / 10ML"
  },
  {
    "Brand_Product_Size": "Atkins Low Carb Crispbread 100g",
    "WOW Price": 4,
    "WOW Size": "100g",
    "WOW ppu": "$4.00 / 100G"
  },
  {
    "Brand_Product_Size": "Energizer Iphone Cable White 2 Metre each",
    "WOW Price": 30,
    "WOW Size": "each",
    "WOW ppu": ""
  },
  {
    "Brand_Product_Size": "Palmolive Naturals Body Wash Sea Minerals Shower Gel 1L",
    "WOW Price": 8.5,
    "WOW Size": "1L",
    "WOW ppu": "$0.85 / 100ML"
  },
  {
    "Brand_Product_Size": "Decor Glass Vent & Seal Leak Proof Oblong 1.5L",
    "WOW Price": 15,
    "WOW Size": "1.5L",
    "WOW ppu": ""
  },
  {
    "Brand_Product_Size": "Colgate Cavity Protection Regular Flavour Toothpaste Pump 130g",
    "WOW Price": 5.5,
    "WOW Size": "130g",
    "WOW ppu": "$4.23 / 100G"
  },
  {
    "Brand_Product_Size": "Nexba Watermelon Cucumber Mint No Sugar Spark Probiotic Water 375mL x 4pack",
    "WOW Price": 7.6,
    "WOW Size": "375mL x 4pack",
    "WOW ppu": "$5.07 / 1L"
  },
  {
    "Brand_Product_Size": "Heinz Plant Proteinz Smokey Spanish Style With Lentils 330g",
    "WOW Price": 3.6,
    "WOW Size": "330g",
    "WOW ppu": "$1.09 / 100G"
  },
  {
    "Brand_Product_Size": "Nutino Hazelnut Spread Spread 220g",
    "WOW Price": 2.5,
    "WOW Size": "220g",
    "WOW ppu": "$1.14 / 100G"
  },
  {
    "Brand_Product_Size": "Nutino Hazelnut Spread Spread 220g",
    "WOW Price": 2.5,
    "WOW Size": "220g",
    "WOW ppu": "$1.14 / 100G"
  },
  {
    "Brand_Product_Size": "Bonds Mens The Xtemp Trunk Xlarge Assorted each",
    "WOW Price": 24,
    "WOW Size": "each",
    "WOW ppu": ""
  },
  {
    "Brand_Product_Size": "Nature's Gift Adult Dog Food Gourmet Loaf Style Beef & Kidney With Chia 100g",
    "WOW Price": 1,
    "WOW Size": "100g",
    "WOW ppu": "$1.00 / 100G"
  },
  {
    "Brand_Product_Size": "Nestle Butter-menthol Throat Lozenge Liquid Centre Honey & Lemon 10 pack",
    "WOW Price": 2,
    "WOW Size": "10 pack",
    "WOW ppu": "$0.20 / 1EA"
  },
  {
    "Brand_Product_Size": "Woolworths Simply Roast Beef In Onion, Garlic And Red Wine 800g - 1.5kg",
    "WOW Price": 19.5,
    "WOW Size": "800g - 1.5kg",
    "WOW ppu": "$13.00 / 1KG"
  },
  {
    "Brand_Product_Size": "Pasta Italia Gourmet Beef Ravioli 400g",
    "WOW Price": 12,
    "WOW Size": "400g",
    "WOW ppu": "$3.00 / 100G"
  },
  {
    "Brand_Product_Size": "Gastro-stop Plus 6 pack",
    "WOW Price": 10,
    "WOW Size": "6 pack",
    "WOW ppu": "$1.67 / 1EA"
  },
  {
    "Brand_Product_Size": "Phillips Avent Translucent Soother 6-18 Months 2 pack",
    "WOW Price": 12.5,
    "WOW Size": "2 pack",
    "WOW ppu": "$6.25 / 1EA"
  },
  {
    "Brand_Product_Size": "Hoyt's Bay Leaves 15g",
    "WOW Price": 1.4,
    "WOW Size": "15g",
    "WOW ppu": "$0.93 / 10G"
  },
  {
    "Brand_Product_Size": "Essentials Glass Jar Large each",
    "WOW Price": 4,
    "WOW Size": "each",
    "WOW ppu": ""
  },
  {
    "Brand_Product_Size": "Select Lettuce Baby Cos 2 pack",
    "WOW Price": 3.5,
    "WOW Size": "2 pack",
    "WOW ppu": "$1.75 / 1EA"
  },
  {
    "Brand_Product_Size": "Bosisto's Sleep Roll On 10mL",
    "WOW Price": 9,
    "WOW Size": "10mL",
    "WOW ppu": "$90.00 / 100ML"
  },
  {
    "Brand_Product_Size": "Kirks Olde Stoney Ginger Beer Bottle 1.25L",
    "WOW Price": 1.85,
    "WOW Size": "1.25L",
    "WOW ppu": "$1.48 / 1L"
  },
  {
    "Brand_Product_Size": "A2 Skim Milk Powder 1kg",
    "WOW Price": 15,
    "WOW Size": "1kg",
    "WOW ppu": "$1.50 / 100G"
  },
  {
    "Brand_Product_Size": "A2 Skim Milk Powder 1kg",
    "WOW Price": 15,
    "WOW Size": "1kg",
    "WOW ppu": "$1.50 / 100G"
  },
  {
    "Brand_Product_Size": "Morning Fresh Dishwashing Liquid Original 400mL",
    "WOW Price": 4.3,
    "WOW Size": "400mL",
    "WOW ppu": "$1.08 / 100ML"
  },
  {
    "Brand_Product_Size": "Bertolli Olive Oil Light In Taste 750mL",
    "WOW Price": 9,
    "WOW Size": "750mL",
    "WOW ppu": "$1.20 / 100ML"
  },
  {
    "Brand_Product_Size": "Inspire Embossed Mug Assorted each",
    "WOW Price": 3,
    "WOW Size": "each",
    "WOW ppu": ""
  },
  {
    "Brand_Product_Size": "Essentials Antibacterial Mattress Protector Queen Bed each",
    "WOW Price": 18,
    "WOW Size": "each",
    "WOW ppu": ""
  },
  {
    "Brand_Product_Size": "Woolworths Lemon Lime & Bitters 750mL",
    "WOW Price": 3,
    "WOW Size": "750mL",
    "WOW ppu": "$4.00 / 1L"
  },
  {
    "Brand_Product_Size": "Sugarless Low Calorie Sweetener Sachets 132 pack",
    "WOW Price": 4.8,
    "WOW Size": "132 pack",
    "WOW ppu": "$3.64 / 100EA"
  },
  {
    "Brand_Product_Size": "Thursday Plantation Oil Lavender 50mL",
    "WOW Price": 17,
    "WOW Size": "50mL",
    "WOW ppu": "$34.00 / 100ML"
  },
  {
    "Brand_Product_Size": "Nature's Way Kids Multi Plus Probiotics Chewable Tablets 50 pack",
    "WOW Price": 19,
    "WOW Size": "50 pack",
    "WOW ppu": "$38.00 / 100EA"
  },
  {
    "Brand_Product_Size": "Paul Newman's Balsamic Vinaigrette 250mL",
    "WOW Price": 4,
    "WOW Size": "250mL",
    "WOW ppu": "$1.60 / 100ML"
  },
  {
    "Brand_Product_Size": "Calidad Hp 65 Xl Black Ink Cartridge each",
    "WOW Price": 35,
    "WOW Size": "each",
    "WOW ppu": ""
  },
  {
    "Brand_Product_Size": "Organic Choice Candle Lemongrass & Cedarwood 200g",
    "WOW Price": 15,
    "WOW Size": "200g",
    "WOW ppu": "$15.00 / 1EA"
  },
  {
    "Brand_Product_Size": "Harris Coffee Ground Very Strong 200g",
    "WOW Price": 7,
    "WOW Size": "200g",
    "WOW ppu": "$3.50 / 100G"
  },
  {
    "Brand_Product_Size": "Harris Coffee Ground Very Strong 200g",
    "WOW Price": 7,
    "WOW Size": "200g",
    "WOW ppu": "$3.50 / 100G"
  },
  {
    "Brand_Product_Size": "Woolworths Butter Chicken 800g",
    "WOW Price": 12,
    "WOW Size": "800g",
    "WOW ppu": "$1.50 / 100G"
  },
  {
    "Brand_Product_Size": "Nuttelex Buttery 1kg",
    "WOW Price": 6,
    "WOW Size": "1kg",
    "WOW ppu": "$0.60 / 100G"
  },
  {
    "Brand_Product_Size": "Sheer Relief Pantyhose Control Support Mini Tan Tall each",
    "WOW Price": 9,
    "WOW Size": "each",
    "WOW ppu": ""
  },
  {
    "Brand_Product_Size": "Glow Lab Citrus & Bergamot Body Wash 400mL",
    "WOW Price": 9,
    "WOW Size": "400mL",
    "WOW ppu": "$2.25 / 100ML"
  },
  {
    "Brand_Product_Size": "Tena Pads Maxi 6 pack",
    "WOW Price": 3.65,
    "WOW Size": "6 pack",
    "WOW ppu": "$0.61 / 1EA"
  },
  {
    "Brand_Product_Size": "Guzzi's Golden Pasta Gnocchi Potato Dry 500g",
    "WOW Price": 3.8,
    "WOW Size": "500g",
    "WOW ppu": "$0.76 / 100G"
  },
  {
    "Brand_Product_Size": "Always Fresh Mediterranean Mixed Olives Whole 295g",
    "WOW Price": 5,
    "WOW Size": "295g",
    "WOW ppu": "$1.69 / 100G"
  },
  {
    "Brand_Product_Size": "Tresemme Hair Spray Extra Hold Salon Finish 75g",
    "WOW Price": 4,
    "WOW Size": "75g",
    "WOW ppu": "$5.33 / 100G"
  },
  {
    "Brand_Product_Size": "Hans Liverwurst Traditional 100g",
    "WOW Price": 2.55,
    "WOW Size": "100g",
    "WOW ppu": "$25.50 / 1KG"
  },
  {
    "Brand_Product_Size": "Nutty Bruce Organic Milk Almond & Coconut 1L",
    "WOW Price": 5.5,
    "WOW Size": "1L",
    "WOW ppu": "$5.50 / 1L"
  },
  {
    "Brand_Product_Size": "Two Good Mixed Berry Yoghurt 150g",
    "WOW Price": 1.5,
    "WOW Size": "150g",
    "WOW ppu": "$1.00 / 100G"
  },
  {
    "Brand_Product_Size": "Revlon Colorstay Sand Beige Foundation 30mL",
    "WOW Price": 17.5,
    "WOW Size": "30mL",
    "WOW ppu": "$5.83 / 10ML"
  },
  {
    "Brand_Product_Size": "Viva Select A Size Paper Towel White 270 Sheets 3 pack",
    "WOW Price": 4,
    "WOW Size": "3 pack",
    "WOW ppu": "$1.48 / 100SS"
  },
  {
    "Brand_Product_Size": "Woolworths Cookie Caramel Bar Slice 280g",
    "WOW Price": 6.5,
    "WOW Size": "280g",
    "WOW ppu": "$2.32 / 100G"
  },
  {
    "Brand_Product_Size": "Selleys Bbq Accessory Tough Clean 400g",
    "WOW Price": 8.6,
    "WOW Size": "400g",
    "WOW ppu": "$2.15 / 100G"
  },
  {
    "Brand_Product_Size": "Coon Classics Mozzarella Slices 250g",
    "WOW Price": 6,
    "WOW Size": "250g",
    "WOW ppu": "$24.00 / 1KG"
  },
  {
    "Brand_Product_Size": "Sanitarium So Good Chilled Unsweetened Almond Milk 1L",
    "WOW Price": 3.85,
    "WOW Size": "1L",
    "WOW ppu": "$3.85 / 1L"
  },
  {
    "Brand_Product_Size": "Skyn Condoms Skyn 20 pack",
    "WOW Price": 17,
    "WOW Size": "20 pack",
    "WOW ppu": "$0.85 / 1EA"
  },
  {
    "Brand_Product_Size": "Libra Maternity Pads Aloe Vera With Wings 10 pack",
    "WOW Price": 2.9,
    "WOW Size": "10 pack",
    "WOW ppu": "$0.29 / 1EA"
  },
  {
    "Brand_Product_Size": "Nivea Men Deep Aerosol Antiperspirant Deodorant 250mL",
    "WOW Price": 6.5,
    "WOW Size": "250mL",
    "WOW ppu": "$2.60 / 100ML"
  },
  {
    "Brand_Product_Size": "Mccain Man Size Pub Style Parma 480g",
    "WOW Price": 8,
    "WOW Size": "480g",
    "WOW ppu": "$1.67 / 100G"
  },
  {
    "Brand_Product_Size": "Mother's Day Unicorn Mug & Sock Gift Set each",
    "WOW Price": 10,
    "WOW Size": "each",
    "WOW ppu": ""
  },
  {
    "Brand_Product_Size": "Oscar Orsen Hair Pins Fine Brown 40 pack",
    "WOW Price": 3,
    "WOW Size": "40 pack",
    "WOW ppu": ""
  },
  {
    "Brand_Product_Size": "Vittoria Espressotoria Italian Coffee Capsules 12 pack",
    "WOW Price": 4.9,
    "WOW Size": "12 pack",
    "WOW ppu": "$0.41 / 1EA"
  },
  {
    "Brand_Product_Size": "Vittoria Espressotoria Italian Coffee Capsules 12 pack",
    "WOW Price": 4.9,
    "WOW Size": "12 pack",
    "WOW ppu": "$0.41 / 1EA"
  },
  {
    "Brand_Product_Size": "Fibre One Salted Caramel & Almond Popcorn Bars 5 pack",
    "WOW Price": 5.5,
    "WOW Size": "5 pack",
    "WOW ppu": "$5.24 / 100G"
  },
  {
    "Brand_Product_Size": "Fibre One Salted Caramel & Almond Popcorn Bars 5 pack",
    "WOW Price": 5.5,
    "WOW Size": "5 pack",
    "WOW ppu": "$5.24 / 100G"
  },
  {
    "Brand_Product_Size": "Palmolive Divine Blends Vanilla & Berries Dishwashing Liquid 700mL",
    "WOW Price": 4.5,
    "WOW Size": "700mL",
    "WOW ppu": "$0.64 / 100ML"
  },
  {
    "Brand_Product_Size": "Cuddly Care & Protect Fabric Conditioner 1.9L",
    "WOW Price": 15,
    "WOW Size": "1.9L",
    "WOW ppu": "$7.89 / 1L"
  },
  {
    "Brand_Product_Size": "Organic Choice Shower Bath & Tile Cleaner Spearmint & Tasman Pepper 500mL",
    "WOW Price": 5.5,
    "WOW Size": "500mL",
    "WOW ppu": "$1.10 / 100ML"
  },
  {
    "Brand_Product_Size": "Olay Ultimate Hydration Energizing Vitamin C & Bergamot 98mL",
    "WOW Price": 24.5,
    "WOW Size": "98mL",
    "WOW ppu": "$25.00 / 100ML"
  },
  {
    "Brand_Product_Size": "Papaya Red Whole each",
    "WOW Price": 4.9,
    "WOW Size": "each",
    "WOW ppu": "$4.90 / 1EA"
  },
  {
    "Brand_Product_Size": "Lo Bros Organic Kombucha Raspberry & Lemon 4 pack",
    "WOW Price": 8,
    "WOW Size": "4 pack",
    "WOW ppu": "$6.06 / 1L"
  },
  {
    "Brand_Product_Size": "Woolworths Tabbouleh With Mixed Grain Salad 350g",
    "WOW Price": 5,
    "WOW Size": "350g",
    "WOW ppu": "$1.43 / 100G"
  },
  {
    "Brand_Product_Size": "Twinings Infuse Blueberry Apple & Blackcurrant 12 pack",
    "WOW Price": 5,
    "WOW Size": "12 pack",
    "WOW ppu": "$0.42 / 1EA"
  },
  {
    "Brand_Product_Size": "Twinings Infuse Blueberry Apple & Blackcurrant 12 pack",
    "WOW Price": 5,
    "WOW Size": "12 pack",
    "WOW ppu": "$0.42 / 1EA"
  },
  {
    "Brand_Product_Size": "Papermate Liquid Paper Pen 2 pack",
    "WOW Price": 4.72,
    "WOW Size": "2 pack",
    "WOW ppu": ""
  },
  {
    "Brand_Product_Size": "Rafferty's Garden Probiotics Pumpkin & Spinach Pasta Bake 120g",
    "WOW Price": 1.9,
    "WOW Size": "120g",
    "WOW ppu": "$1.58 / 100G"
  },
  {
    "Brand_Product_Size": "Mortein Peaceful Nights Automatic Plug In Refill each",
    "WOW Price": 13,
    "WOW Size": "each",
    "WOW ppu": "$13.00 / 1EA"
  },
  {
    "Brand_Product_Size": "Essentials Microfibre Kitchen Cloths 4 pack",
    "WOW Price": 3.5,
    "WOW Size": "4 pack",
    "WOW ppu": "$0.88 / 1EA"
  },
  {
    "Brand_Product_Size": "Energizer Glass Screen Protector Iphone 6/7/8 each",
    "WOW Price": 15,
    "WOW Size": "each",
    "WOW ppu": ""
  },
  {
    "Brand_Product_Size": "Katoomba Chickpeas 1kg",
    "WOW Price": 2.5,
    "WOW Size": "1kg",
    "WOW ppu": "$0.25 / 100G"
  },
  {
    "Brand_Product_Size": "Fussy Cat Vip Grain Free Salmon & Whitefish With Olive Oil 85g",
    "WOW Price": 1.19,
    "WOW Size": "85g",
    "WOW ppu": "$1.40 / 100G"
  },
  {
    "Brand_Product_Size": "Woolworths Fresh Whole Black Mussels per kg",
    "WOW Price": 9,
    "WOW Size": "per kg",
    "WOW ppu": "$9.00 / 1KG"
  },
  {
    "Brand_Product_Size": "Glad Snaplock Storage 10 pack",
    "WOW Price": 3.3,
    "WOW Size": "10 pack",
    "WOW ppu": "$0.33 / 1EA"
  },
  {
    "Brand_Product_Size": "Essentials Table Spread Soft And Spreadable 1kg",
    "WOW Price": 1.6,
    "WOW Size": "1kg",
    "WOW ppu": "$0.16 / 100G"
  },
  {
    "Brand_Product_Size": "Clairol Nice N Easy 6a Natural Light Ash Brown each",
    "WOW Price": 9,
    "WOW Size": "each",
    "WOW ppu": ""
  },
  {
    "Brand_Product_Size": "Decor Snap & Seal Stainless Steel Bottle Assorted 1L",
    "WOW Price": 7.5,
    "WOW Size": "1L",
    "WOW ppu": ""
  },
  {
    "Brand_Product_Size": "Rapid Loss Meal Replacement Shake - Vanilla 740g",
    "WOW Price": 39.5,
    "WOW Size": "740g",
    "WOW ppu": "$5.34 / 100G"
  },
  {
    "Brand_Product_Size": "Mt Elephant Superfood Protein Ball Mix Chocolate Cherry 250g",
    "WOW Price": 10,
    "WOW Size": "250g",
    "WOW ppu": "$4.00 / 100G"
  },
  {
    "Brand_Product_Size": "Sandhurst Chillies Jalapeno Medium Hot 270g",
    "WOW Price": 3.65,
    "WOW Size": "270g",
    "WOW ppu": "$13.52 / 1KG"
  },
  {
    "Brand_Product_Size": "Australian Organic Food Co Chicken Spelt & Vegetable Soup Pouch 330g",
    "WOW Price": 4.5,
    "WOW Size": "330g",
    "WOW ppu": "$1.36 / 100G"
  },
  {
    "Brand_Product_Size": "Aeroplane Jelly Lite Port Wine 2x9g",
    "WOW Price": 1.8,
    "WOW Size": "2x9g",
    "WOW ppu": "$10.00 / 100G"
  },
  {
    "Brand_Product_Size": "Mildura Orange Fruit Drink 3L",
    "WOW Price": 4.95,
    "WOW Size": "3L",
    "WOW ppu": "$1.65 / 1L"
  },
  {
    "Brand_Product_Size": "John Frieda Violet Crush Intense Purple Shampoo 250mL",
    "WOW Price": 18,
    "WOW Size": "250mL",
    "WOW ppu": "$7.20 / 100ML"
  },
  {
    "Brand_Product_Size": "Maggie Beer Pasta Sauce Sugo Tomato With Basil 500mL",
    "WOW Price": 12,
    "WOW Size": "500mL",
    "WOW ppu": "$2.40 / 100G"
  },
  {
    "Brand_Product_Size": "Tasti Protein + Probiotics Mango & C Coconut 175g",
    "WOW Price": 5.8,
    "WOW Size": "175g",
    "WOW ppu": "$3.31 / 100G"
  },
  {
    "Brand_Product_Size": "Tasti Protein + Probiotics Mango & C Coconut 175g",
    "WOW Price": 5.8,
    "WOW Size": "175g",
    "WOW ppu": "$3.31 / 100G"
  },
  {
    "Brand_Product_Size": "Potato Sweet Gold each",
    "WOW Price": 2.21,
    "WOW Size": "each",
    "WOW ppu": "$2.21 / 1EA"
  },
  {
    "Brand_Product_Size": "Wiltshire Bend N Bake Loaf Pan each",
    "WOW Price": 8.4,
    "WOW Size": "each",
    "WOW ppu": ""
  },
  {
    "Brand_Product_Size": "Schweppes Lemon Lime & Bitters Flavour Zero Sugar 1.1L",
    "WOW Price": 1.25,
    "WOW Size": "1.1L",
    "WOW ppu": "$1.14 / 1L"
  },
  {
    "Brand_Product_Size": "Ritter Sport Sport Chocolate Milk Whole Hazlenut 100g",
    "WOW Price": 3.9,
    "WOW Size": "100g",
    "WOW ppu": "$3.90 / 100G"
  },
  {
    "Brand_Product_Size": "Dove Men Clinical Roll Deodorant Cream Clean Comfort 45mL",
    "WOW Price": 13,
    "WOW Size": "45mL",
    "WOW ppu": "$28.89 / 100ML"
  },
  {
    "Brand_Product_Size": "Verity Prunes Large 750g",
    "WOW Price": 6,
    "WOW Size": "750g",
    "WOW ppu": "$8.00 / 1KG"
  },
  {
    "Brand_Product_Size": "Continental Pasta & Sauce Creamy Bacon Carbonara 85g",
    "WOW Price": 1.6,
    "WOW Size": "85g",
    "WOW ppu": "$1.88 / 100G"
  },
  {
    "Brand_Product_Size": "Ayam Vietnamese Pho Paste 185g",
    "WOW Price": 3.5,
    "WOW Size": "185g",
    "WOW ppu": "$1.89 / 100G"
  },
  {
    "Brand_Product_Size": "Band-aid Blister Cushion Assorted 5 pack",
    "WOW Price": 12,
    "WOW Size": "5 pack",
    "WOW ppu": "$2.40 / 1EA"
  },
  {
    "Brand_Product_Size": "Woolworths Seasoning Moroccan 52g",
    "WOW Price": 2.6,
    "WOW Size": "52g",
    "WOW ppu": "$0.50 / 10G"
  },
  {
    "Brand_Product_Size": "Woolworths Canned Diced Beetroot 425g",
    "WOW Price": 1.25,
    "WOW Size": "425g",
    "WOW ppu": "$2.94 / 1KG"
  },
  {
    "Brand_Product_Size": "Woolworths Chipotle Seasoning 53g",
    "WOW Price": 3,
    "WOW Size": "53g",
    "WOW ppu": "$0.57 / 10G"
  },
  {
    "Brand_Product_Size": "Queen Yellow Food Colour 50mL",
    "WOW Price": 1.1,
    "WOW Size": "50mL",
    "WOW ppu": "$0.22 / 10ML"
  },
  {
    "Brand_Product_Size": "Mother Energy Drink 500mL x4 pack",
    "WOW Price": 6.85,
    "WOW Size": "500mL x4 pack",
    "WOW ppu": "$3.43 / 1L"
  },
  {
    "Brand_Product_Size": "Palmolive Antibacterial Foaming Hand Wash Soap Lime Refill 500mL",
    "WOW Price": 3.85,
    "WOW Size": "500mL",
    "WOW ppu": "$0.77 / 100ML"
  },
  {
    "Brand_Product_Size": "Palmolive Naturals Balanced & Mild Bar Soap Chamomile Extracts 90g x4 pack",
    "WOW Price": 2.85,
    "WOW Size": "90g x4 pack",
    "WOW ppu": "$0.79 / 100G"
  },
  {
    "Brand_Product_Size": "Cottee's Ice Magic Chocolate 220g",
    "WOW Price": 3.95,
    "WOW Size": "220g",
    "WOW ppu": "$1.80 / 100G"
  },
  {
    "Brand_Product_Size": "Vittoria Mt Grown Ground 500g",
    "WOW Price": 11.4,
    "WOW Size": "500g",
    "WOW ppu": "$2.28 / 100G"
  },
  {
    "Brand_Product_Size": "Vittoria Mt Grown Ground 500g",
    "WOW Price": 11.4,
    "WOW Size": "500g",
    "WOW ppu": "$2.28 / 100G"
  },
  {
    "Brand_Product_Size": "Batiste Tropical Dry Shampoo 350mL",
    "WOW Price": 14,
    "WOW Size": "350mL",
    "WOW ppu": ""
  },
  {
    "Brand_Product_Size": "Natures Goodness Adult Dog Food Turkey With Vegetables 2.15kg",
    "WOW Price": 5.6,
    "WOW Size": "2.15kg",
    "WOW ppu": "$0.26 / 100G"
  },
  {
    "Brand_Product_Size": "Essentials Candle Submarine Plain 6 pack",
    "WOW Price": 4,
    "WOW Size": "6 pack",
    "WOW ppu": "$0.67 / 1EA"
  },
  {
    "Brand_Product_Size": "Woolworths Chilli Red Cayenne 50g",
    "WOW Price": 3,
    "WOW Size": "50g",
    "WOW ppu": "$6.00 / 100G"
  },
  {
    "Brand_Product_Size": "Lipton Ice Tea Mango 1.5L",
    "WOW Price": 3.95,
    "WOW Size": "1.5L",
    "WOW ppu": "$2.63 / 1L"
  },
  {
    "Brand_Product_Size": "Whole Kids Organic Soft Cereal Biscuits - Oatmeal 120g",
    "WOW Price": 4.5,
    "WOW Size": "120g",
    "WOW ppu": "$3.75 / 100G"
  },
  {
    "Brand_Product_Size": "Vevelle Recycled Paper Towel 2 Ply 140 Sheets 2 pack",
    "WOW Price": 2.5,
    "WOW Size": "2 pack",
    "WOW ppu": "$1.79 / 100SS"
  },
  {
    "Brand_Product_Size": "Nivea Naturally Good Rose Water & Organic Oil Enriched Gel 300mL",
    "WOW Price": 5.6,
    "WOW Size": "300mL",
    "WOW ppu": "$1.87 / 100ML"
  },
  {
    "Brand_Product_Size": "Geelong Brush Brush Toilet Tidy Set each",
    "WOW Price": 4.5,
    "WOW Size": "each",
    "WOW ppu": ""
  },
  {
    "Brand_Product_Size": "Fussy Cat Grain Free Beef Kangaroo & Sweet Potato Dry Cat Food 2.5kg",
    "WOW Price": 19.99,
    "WOW Size": "2.5kg",
    "WOW ppu": "$0.80 / 100G"
  },
  {
    "Brand_Product_Size": "Arnott's Snack Right Wild Berry 250g",
    "WOW Price": 3,
    "WOW Size": "250g",
    "WOW ppu": "$1.20 / 100G"
  },
  {
    "Brand_Product_Size": "Clairol Nice N Easy 9.5a Natural Baby Blonde each",
    "WOW Price": 9,
    "WOW Size": "each",
    "WOW ppu": ""
  },
  {
    "Brand_Product_Size": "Balnea Geranium Sandalwood & Neroli Hand Wash 500mL",
    "WOW Price": 5,
    "WOW Size": "500mL",
    "WOW ppu": "$1.00 / 100ML"
  },
  {
    "Brand_Product_Size": "Maggie Beer Natural Chicken Stock 500mL",
    "WOW Price": 4,
    "WOW Size": "500mL",
    "WOW ppu": "$0.80 / 100ML"
  },
  {
    "Brand_Product_Size": "Woolworths Carrot Mini 500g",
    "WOW Price": 1.5,
    "WOW Size": "500g",
    "WOW ppu": "$3.00 / 1KG"
  },
  {
    "Brand_Product_Size": "Woolworths American Style Coleslaw Kit 450g",
    "WOW Price": 4,
    "WOW Size": "450g",
    "WOW ppu": "$8.89 / 1KG"
  },
  {
    "Brand_Product_Size": "Woolworths American Style Coleslaw Kit 450g",
    "WOW Price": 4,
    "WOW Size": "450g",
    "WOW ppu": "$8.89 / 1KG"
  },
  {
    "Brand_Product_Size": "Sour Patch Kids Mega Duo's Lollies 220g",
    "WOW Price": 4,
    "WOW Size": "220g",
    "WOW ppu": "$1.82 / 100G"
  },
  {
    "Brand_Product_Size": "Schwarzkopf Colour Specialist 8.1 Cool Light Blonde each",
    "WOW Price": 9.5,
    "WOW Size": "each",
    "WOW ppu": "$9.50 / 1EA"
  },
  {
    "Brand_Product_Size": "Schick Womens Xtreme 3 Hawaiian Tropic 8 pack",
    "WOW Price": 7.2,
    "WOW Size": "8 pack",
    "WOW ppu": "$0.90 / 1EA"
  },
  {
    "Brand_Product_Size": "Cool Gear Midway Bottle 828ml each",
    "WOW Price": 7,
    "WOW Size": "each",
    "WOW ppu": ""
  },
  {
    "Brand_Product_Size": "Nan Supreme 4 Toddler 12+ Months Milk Formula Powder 800g",
    "WOW Price": 22,
    "WOW Size": "800g",
    "WOW ppu": "$2.75 / 100G"
  },
  {
    "Brand_Product_Size": "Gippsland Twist Mango & Blood Orange Yoghurt 160g",
    "WOW Price": 2,
    "WOW Size": "160g",
    "WOW ppu": "$1.25 / 100G"
  },
  {
    "Brand_Product_Size": "Creative Gourmet Frozen Passion Fruit Pulp 400g",
    "WOW Price": 4.5,
    "WOW Size": "400g",
    "WOW ppu": "$11.25 / 1KG"
  },
  {
    "Brand_Product_Size": "Neutrogena Bright Boost Illuminating Serum 30mL",
    "WOW Price": 34,
    "WOW Size": "30mL",
    "WOW ppu": "$113.33 / 100ML"
  },
  {
    "Brand_Product_Size": "The Natural Confectionery Co. Snakes Lollies 260g",
    "WOW Price": 3,
    "WOW Size": "260g",
    "WOW ppu": "$1.15 / 100G"
  },
  {
    "Brand_Product_Size": "Felix Adult Sensations Jellies Meat Selection Wet Cat Food 85g x12 pack",
    "WOW Price": 11.5,
    "WOW Size": "85g x12 pack",
    "WOW ppu": "$1.13 / 100G"
  },
  {
    "Brand_Product_Size": "Jackson Outbound Travel Adaptor For Travel To Uk each",
    "WOW Price": 8.5,
    "WOW Size": "each",
    "WOW ppu": ""
  },
  {
    "Brand_Product_Size": "Old El Paso Mexican Crispy Chicken Spice Mix 35g",
    "WOW Price": 1.8,
    "WOW Size": "35g",
    "WOW ppu": "$5.14 / 100G"
  },
  {
    "Brand_Product_Size": "Go Natural Bar Fruit And Nut With Yoghurt 50g",
    "WOW Price": 1.5,
    "WOW Size": "50g",
    "WOW ppu": "$3.00 / 100G"
  },
  {
    "Brand_Product_Size": "Bekaa Shanklish Yoghurt Herb Cheese 700g",
    "WOW Price": 8.8,
    "WOW Size": "700g",
    "WOW ppu": "$1.26 / 100G"
  },
  {
    "Brand_Product_Size": "Sunrice Basmati Rice 1kg",
    "WOW Price": 4.6,
    "WOW Size": "1kg",
    "WOW ppu": "$0.46 / 100G"
  },
  {
    "Brand_Product_Size": "Dole Pineapple Chunks In Juice 822g",
    "WOW Price": 4.2,
    "WOW Size": "822g",
    "WOW ppu": "$5.11 / 1KG"
  },
  {
    "Brand_Product_Size": "White Wings Cupcake Mix Vanilla 410g",
    "WOW Price": 3,
    "WOW Size": "410g",
    "WOW ppu": "$0.73 / 100G"
  },
  {
    "Brand_Product_Size": "Woolworths Brushed Potatoes 4kg",
    "WOW Price": 7.5,
    "WOW Size": "4kg",
    "WOW ppu": "$1.88 / 1KG"
  },
  {
    "Brand_Product_Size": "Fray Bentos Steak And Kidney Pie Steak & Kidney Pie 425g",
    "WOW Price": 8.5,
    "WOW Size": "425g",
    "WOW ppu": "$20.00 / 1KG"
  },
  {
    "Brand_Product_Size": "Nad's Hair Removal Gel Natural Facial Wand 6g",
    "WOW Price": 15,
    "WOW Size": "6g",
    "WOW ppu": "$250.00 / 100G"
  },
  {
    "Brand_Product_Size": "Gaia Natural Baby Hair & Body Wash 500mL",
    "WOW Price": 17,
    "WOW Size": "500mL",
    "WOW ppu": "$3.40 / 100ML"
  },
  {
    "Brand_Product_Size": "Gaia Natural Baby Hair & Body Wash 500mL",
    "WOW Price": 17,
    "WOW Size": "500mL",
    "WOW ppu": "$3.40 / 100ML"
  },
  {
    "Brand_Product_Size": "Ecostore Dishwasher Tablets Fragrance Free 50 pack",
    "WOW Price": 19,
    "WOW Size": "50 pack",
    "WOW ppu": "$0.38 / 1EA"
  },
  {
    "Brand_Product_Size": "Woolworths Zucchini Slice Chilled Meal 700g",
    "WOW Price": 11.5,
    "WOW Size": "700g",
    "WOW ppu": "$1.64 / 100G"
  },
  {
    "Brand_Product_Size": "Quest Protein Cookie Chocolate Chip Flavour 59g",
    "WOW Price": 4,
    "WOW Size": "59g",
    "WOW ppu": "$6.78 / 100G"
  },
  {
    "Brand_Product_Size": "Woolworths Mushrooms Cups 200g punnet",
    "WOW Price": 3,
    "WOW Size": "200g punnet",
    "WOW ppu": "$15.00 / 1KG"
  },
  {
    "Brand_Product_Size": "Band-aid Tough Strips Extra Large Fabric Bandages 10 pack",
    "WOW Price": 3,
    "WOW Size": "10 pack",
    "WOW ppu": "$0.30 / 1EA"
  },
  {
    "Brand_Product_Size": "Bic Round Stic Classic Black 10 pack",
    "WOW Price": 4,
    "WOW Size": "10 pack",
    "WOW ppu": ""
  },
  {
    "Brand_Product_Size": "Magnum Almond Non-dairy Frozen Dessert 3 pack",
    "WOW Price": 7,
    "WOW Size": "3 pack",
    "WOW ppu": "$2.59 / 100ML"
  },
  {
    "Brand_Product_Size": "Energizer Max Plus Aa 20 pack",
    "WOW Price": 26,
    "WOW Size": "20 pack",
    "WOW ppu": "$1.30 / 1EA"
  },
  {
    "Brand_Product_Size": "Uncle Tobys Cereal Vita Weeties 700g",
    "WOW Price": 6,
    "WOW Size": "700g",
    "WOW ppu": "$0.86 / 100G"
  },
  {
    "Brand_Product_Size": "Dairyworks Extra Sharp Block 180g",
    "WOW Price": 4.5,
    "WOW Size": "180g",
    "WOW ppu": "$25.00 / 1KG"
  },
  {
    "Brand_Product_Size": "Masterfoods Sweet & Sour Sauce 270g",
    "WOW Price": 2.79,
    "WOW Size": "270g",
    "WOW ppu": "$1.03 / 100G"
  },
  {
    "Brand_Product_Size": "Select Mushrooms Cups Sliced 400g bag",
    "WOW Price": 5.5,
    "WOW Size": "400g bag",
    "WOW ppu": "$13.75 / 1KG"
  },
  {
    "Brand_Product_Size": "Select Mushrooms Cups Sliced 400g bag",
    "WOW Price": 5.5,
    "WOW Size": "400g bag",
    "WOW ppu": "$13.75 / 1KG"
  },
  {
    "Brand_Product_Size": "Clean Laundry Soaker & In Wash Boost 1kg",
    "WOW Price": 2.49,
    "WOW Size": "1kg",
    "WOW ppu": "$2.49 / 1KG"
  },
  {
    "Brand_Product_Size": "Pepsi Max Cans 24x375mL",
    "WOW Price": 18.55,
    "WOW Size": "24x375mL",
    "WOW ppu": "$2.06 / 1L"
  },
  {
    "Brand_Product_Size": "Evergreen Gyoza Wrappers 275g",
    "WOW Price": 3,
    "WOW Size": "275g",
    "WOW ppu": "$1.09 / 100G"
  },
  {
    "Brand_Product_Size": "Mccain Pizza Slice Cheese & Bacon 600g",
    "WOW Price": 7.5,
    "WOW Size": "600g",
    "WOW ppu": "$1.25 / 100G"
  },
  {
    "Brand_Product_Size": "Woolworths Vanilla Yoghurt Pouch 70g",
    "WOW Price": 0.75,
    "WOW Size": "70g",
    "WOW ppu": "$1.07 / 100G"
  },
  {
    "Brand_Product_Size": "Woolworths Vanilla Yoghurt Pouch 70g",
    "WOW Price": 0.75,
    "WOW Size": "70g",
    "WOW ppu": "$1.07 / 100G"
  },
  {
    "Brand_Product_Size": "Woolworths Vanilla Yoghurt Pouch 70g",
    "WOW Price": 0.75,
    "WOW Size": "70g",
    "WOW ppu": "$1.07 / 100G"
  },
  {
    "Brand_Product_Size": "Woolworths Chunky Steakhouse Chips 1kg",
    "WOW Price": 2,
    "WOW Size": "1kg",
    "WOW ppu": "$2.00 / 1KG"
  },
  {
    "Brand_Product_Size": "Reva Pegs Plastic 48 pack",
    "WOW Price": 4.55,
    "WOW Size": "48 pack",
    "WOW ppu": "$0.09 / 1EA"
  },
  {
    "Brand_Product_Size": "Moro Balsamic Vinegar Of Modena 500mL",
    "WOW Price": 4,
    "WOW Size": "500mL",
    "WOW ppu": "$0.80 / 100ML"
  },
  {
    "Brand_Product_Size": "Woolworths Beef Oyster Blade Steak 600g",
    "WOW Price": 13.5,
    "WOW Size": "600g",
    "WOW ppu": "$22.50 / 1KG"
  },
  {
    "Brand_Product_Size": "Cadbury Crunchie Tub 1.2L",
    "WOW Price": 9,
    "WOW Size": "1.2L",
    "WOW ppu": "$0.75 / 100ML"
  },
  {
    "Brand_Product_Size": "Korbond Macaron Coloured Balloons 20 pack",
    "WOW Price": 3,
    "WOW Size": "20 pack",
    "WOW ppu": "$0.15 / 1EA"
  },
  {
    "Brand_Product_Size": "Maybelline Shine Free Oil Control Loose Powder - Medium 19.8g",
    "WOW Price": 8.5,
    "WOW Size": "19.8g",
    "WOW ppu": "$4.29 / 10G"
  },
  {
    "Brand_Product_Size": "Underworks Kids Bamboo Blend Socks Size 5-8 3 pack",
    "WOW Price": 6,
    "WOW Size": "3 pack",
    "WOW ppu": ""
  },
  {
    "Brand_Product_Size": "Tefal Cook Right Non Stick 26cm Deep Fry Pan each",
    "WOW Price": 28,
    "WOW Size": "each",
    "WOW ppu": ""
  },
  {
    "Brand_Product_Size": "Mint Non-stick Coating Springform Cake 22.5cm each",
    "WOW Price": 6.4,
    "WOW Size": "each",
    "WOW ppu": ""
  },
  {
    "Brand_Product_Size": "Woolworths Select Red Grapes 400g",
    "WOW Price": 3.9,
    "WOW Size": "400g",
    "WOW ppu": "$9.75 / 1KG"
  },
  {
    "Brand_Product_Size": "Continental Pasta & Sauce Sour Cream & Chives 85g",
    "WOW Price": 1.6,
    "WOW Size": "85g",
    "WOW ppu": "$1.88 / 100G"
  },
  {
    "Brand_Product_Size": "Macro Organic Lasagne Sheets 250g",
    "WOW Price": 2,
    "WOW Size": "250g",
    "WOW ppu": "$0.80 / 100G"
  },
  {
    "Brand_Product_Size": "Maggi Fusian 2 Minute Instant Mi Goreng Noodle Hot & Spicy Cup 65g",
    "WOW Price": 1.8,
    "WOW Size": "65g",
    "WOW ppu": "$2.77 / 100G"
  },
  {
    "Brand_Product_Size": "Woolworths Rspca Approved Diced Breast 1kg",
    "WOW Price": 14,
    "WOW Size": "1kg",
    "WOW ppu": "$14.00 / 1KG"
  },
  {
    "Brand_Product_Size": "Schweppes Solo Lemon Bottle 1.25L",
    "WOW Price": 2.35,
    "WOW Size": "1.25L",
    "WOW ppu": "$1.88 / 1L"
  },
  {
    "Brand_Product_Size": "Poise Incontinence Pads Super Absorbency 14 pack",
    "WOW Price": 6,
    "WOW Size": "14 pack",
    "WOW ppu": "$0.43 / 1EA"
  },
  {
    "Brand_Product_Size": "Mcobeauty Everyday 6 Piece Essentials Brush Set each",
    "WOW Price": 16,
    "WOW Size": "each",
    "WOW ppu": "$16.00 / 1EA"
  },
  {
    "Brand_Product_Size": "Woolworths Tuna In Springwater 95g",
    "WOW Price": 0.9,
    "WOW Size": "95g",
    "WOW ppu": "$9.47 / 1KG"
  },
  {
    "Brand_Product_Size": "Chris' Dips Sundried Tomato 200g",
    "WOW Price": 3.5,
    "WOW Size": "200g",
    "WOW ppu": "$1.75 / 100G"
  },
  {
    "Brand_Product_Size": "Salamanca Seafood Company Basa Skin Off Fillet Value Pack 400g",
    "WOW Price": 8,
    "WOW Size": "400g",
    "WOW ppu": "$20.00 / 1KG"
  },
  {
    "Brand_Product_Size": "Parker Jotter Ball Point Pen Black each",
    "WOW Price": 18,
    "WOW Size": "each",
    "WOW ppu": ""
  },
  {
    "Brand_Product_Size": "Nivea Men Silver Protect Shower Gel & Body Wash 500mL",
    "WOW Price": 6,
    "WOW Size": "500mL",
    "WOW ppu": "$1.20 / 100ML"
  },
  {
    "Brand_Product_Size": "Espressotoria Coffee Capsules Caffe Aurora Espresso 12 pack",
    "WOW Price": 5.6,
    "WOW Size": "12 pack",
    "WOW ppu": "$0.47 / 1EA"
  },
  {
    "Brand_Product_Size": "Espressotoria Coffee Capsules Caffe Aurora Espresso 12 pack",
    "WOW Price": 5.6,
    "WOW Size": "12 pack",
    "WOW ppu": "$0.47 / 1EA"
  },
  {
    "Brand_Product_Size": "Pandaroo Vietnamese Style Rice Paper Roll Dipping Sauce 270mL",
    "WOW Price": 2.8,
    "WOW Size": "270mL",
    "WOW ppu": "$1.04 / 100ML"
  },
  {
    "Brand_Product_Size": "Golden Circle 50% Less Sugar Pear, Pine & Passionfruit Juice 2L",
    "WOW Price": 3.3,
    "WOW Size": "2L",
    "WOW ppu": "$1.65 / 1L"
  },
  {
    "Brand_Product_Size": "Bellamy's Organic Milk & Vanilla Baby Rice 125g",
    "WOW Price": 4,
    "WOW Size": "125g",
    "WOW ppu": "$3.20 / 100G"
  },
  {
    "Brand_Product_Size": "Bertocchi Bacon Hock Smoked Meaty 900g - 1.55kg",
    "WOW Price": 20.15,
    "WOW Size": "900g - 1.55kg",
    "WOW ppu": "$13.00 / 1KG"
  },
  {
    "Brand_Product_Size": "L'oreal Excellence Creme Hair Colour 8 Blonde each",
    "WOW Price": 16,
    "WOW Size": "each",
    "WOW ppu": ""
  },
  {
    "Brand_Product_Size": "Cadbury Dairy Milk Chocolate 50g bar",
    "WOW Price": 1.5,
    "WOW Size": "50g bar",
    "WOW ppu": "$3.00 / 100G"
  },
  {
    "Brand_Product_Size": "Smitten Cat Food Chicken Salmon & Tuna 1kg",
    "WOW Price": 2.8,
    "WOW Size": "1kg",
    "WOW ppu": "$0.28 / 100G"
  },
  {
    "Brand_Product_Size": "Baby Bellies Organic Lentil Wheels Beetroot & Strawberry 12g",
    "WOW Price": 1.7,
    "WOW Size": "12g",
    "WOW ppu": "$14.17 / 100G"
  },
  {
    "Brand_Product_Size": "Luv-a-duck Confit Duck Legs 500g",
    "WOW Price": 10,
    "WOW Size": "500g",
    "WOW ppu": "$20.00 / 1KG"
  },
  {
    "Brand_Product_Size": "Cars Derby Racers Series 3 pack",
    "WOW Price": 9.5,
    "WOW Size": "3 pack",
    "WOW ppu": ""
  },
  {
    "Brand_Product_Size": "Cars Derby Racers Series 3 pack",
    "WOW Price": 9.5,
    "WOW Size": "3 pack",
    "WOW ppu": ""
  },
  {
    "Brand_Product_Size": "Woolworths Lean Beef Mince 500g",
    "WOW Price": 8,
    "WOW Size": "500g",
    "WOW ppu": "$16.00 / 1KG"
  },
  {
    "Brand_Product_Size": "Heinz Smooth Food 6 Months Summer Fruits Gel 110g",
    "WOW Price": 1,
    "WOW Size": "110g",
    "WOW ppu": "$0.91 / 100G"
  },
  {
    "Brand_Product_Size": "Cobram Estate Extra Virgin Light Olive Oil 750mL",
    "WOW Price": 18,
    "WOW Size": "750mL",
    "WOW ppu": "$2.40 / 100ML"
  },
  {
    "Brand_Product_Size": "Golden Circle Apple Juice 3L",
    "WOW Price": 4,
    "WOW Size": "3L",
    "WOW ppu": "$1.33 / 1L"
  },
  {
    "Brand_Product_Size": "D'orsogna Flame Roasted Carolina Sweet Honey Mustard Ham 125g",
    "WOW Price": 3.5,
    "WOW Size": "125g",
    "WOW ppu": "$28.00 / 1KG"
  },
  {
    "Brand_Product_Size": "Birch & Waite Seafood Sauce Creamy Cocktail 250mL",
    "WOW Price": 4.2,
    "WOW Size": "250mL",
    "WOW ppu": "$1.68 / 100ML"
  },
  {
    "Brand_Product_Size": "Libra Invisible Super Pads With Wings 12 pack",
    "WOW Price": 3.7,
    "WOW Size": "12 pack",
    "WOW ppu": "$0.31 / 1EA"
  },
  {
    "Brand_Product_Size": "Toni & Guy 4mm Elastic Black 10pc",
    "WOW Price": 4.9,
    "WOW Size": "10pc",
    "WOW ppu": ""
  },
  {
    "Brand_Product_Size": "Inspire Waffle Blanket Cotton Single Assorted each",
    "WOW Price": 12.5,
    "WOW Size": "each",
    "WOW ppu": ""
  },
  {
    "Brand_Product_Size": "Golden Circle Apple Mango & Banana Juice 2L",
    "WOW Price": 2.7,
    "WOW Size": "2L",
    "WOW ppu": "$1.35 / 1L"
  },
  {
    "Brand_Product_Size": "Bounce Natural Energy Ball Coconut Macadamia Protein 40g",
    "WOW Price": 1.5,
    "WOW Size": "40g",
    "WOW ppu": "$3.75 / 100G"
  },
  {
    "Brand_Product_Size": "Woolworths Caesar Salad Kit 290g",
    "WOW Price": 5.5,
    "WOW Size": "290g",
    "WOW ppu": "$18.97 / 1KG"
  },
  {
    "Brand_Product_Size": "Woolworths Caesar Salad Kit 290g",
    "WOW Price": 5.5,
    "WOW Size": "290g",
    "WOW ppu": "$18.97 / 1KG"
  },
  {
    "Brand_Product_Size": "Woolworths Caesar Salad Kit 290g",
    "WOW Price": 5.5,
    "WOW Size": "290g",
    "WOW ppu": "$18.97 / 1KG"
  },
  {
    "Brand_Product_Size": "Sunrice Brown Rice Chips Sea Salt 150g",
    "WOW Price": 5,
    "WOW Size": "150g",
    "WOW ppu": "$3.33 / 100G"
  },
  {
    "Brand_Product_Size": "Rimmel Stay Matte Pressed Powder Sand each",
    "WOW Price": 6,
    "WOW Size": "each",
    "WOW ppu": "$4.29 / 10G"
  },
  {
    "Brand_Product_Size": "Parker's Baked Pretzels Multipack Salted 6 pack",
    "WOW Price": 3.1,
    "WOW Size": "6 pack",
    "WOW ppu": "$2.07 / 100G"
  },
  {
    "Brand_Product_Size": "Parker's Baked Pretzels Multipack Salted 6 pack",
    "WOW Price": 3.1,
    "WOW Size": "6 pack",
    "WOW ppu": "$2.07 / 100G"
  },
  {
    "Brand_Product_Size": "Pilot Frixion Ballpoint Pen Medium Blue each",
    "WOW Price": 3.25,
    "WOW Size": "each",
    "WOW ppu": ""
  },
  {
    "Brand_Product_Size": "Rafferty's Garden Food 6 Months Chocolate Custard 120g",
    "WOW Price": 1.65,
    "WOW Size": "120g",
    "WOW ppu": "$1.38 / 100G"
  },
  {
    "Brand_Product_Size": "Metamucil Daily Fibre Supplement Orange Granular 48 Doses 528g",
    "WOW Price": 16,
    "WOW Size": "528g",
    "WOW ppu": "$3.03 / 100G"
  },
  {
    "Brand_Product_Size": "Sara Lee Joy Coconut Chocolate Bavarian 450g",
    "WOW Price": 7,
    "WOW Size": "450g",
    "WOW ppu": "$1.56 / 100G"
  },
  {
    "Brand_Product_Size": "Nong Shim An Sung Tung Myun 5 pack",
    "WOW Price": 7,
    "WOW Size": "5 pack",
    "WOW ppu": "$1.17 / 100G"
  },
  {
    "Brand_Product_Size": "Vegeta Vegetable Gourmet Stock Powder 250g",
    "WOW Price": 1.85,
    "WOW Size": "250g",
    "WOW ppu": "$0.07 / 10G"
  },
  {
    "Brand_Product_Size": "Quilton Gold 4 Ply Tissues Aloe Vera 100 pack",
    "WOW Price": 1.6,
    "WOW Size": "100 pack",
    "WOW ppu": "$1.60 / 100SS"
  },
  {
    "Brand_Product_Size": "Quilton Gold 4 Ply Tissues Aloe Vera 100 pack",
    "WOW Price": 1.6,
    "WOW Size": "100 pack",
    "WOW ppu": "$1.60 / 100SS"
  },
  {
    "Brand_Product_Size": "Gm Housebrand Make Your Own Car Powered By Balloon Assorted each",
    "WOW Price": 5,
    "WOW Size": "each",
    "WOW ppu": ""
  },
  {
    "Brand_Product_Size": "Woolworths Artisan Style Rosemary & Sea Salt Crispbread 130g",
    "WOW Price": 3.5,
    "WOW Size": "130g",
    "WOW ppu": "$2.69 / 100G"
  },
  {
    "Brand_Product_Size": "Woolworths Multipurpose Sprayer 500mL",
    "WOW Price": 2,
    "WOW Size": "500mL",
    "WOW ppu": ""
  },
  {
    "Brand_Product_Size": "Woolworths Macadamias 300g",
    "WOW Price": 12,
    "WOW Size": "300g",
    "WOW ppu": "$40.00 / 1KG"
  },
  {
    "Brand_Product_Size": "Pico Coconut Milk Vegan Chocolate 80g",
    "WOW Price": 6,
    "WOW Size": "80g",
    "WOW ppu": "$7.50 / 100G"
  },
  {
    "Brand_Product_Size": "Essentials Facial Tissues 224 pack",
    "WOW Price": 1,
    "WOW Size": "224 pack",
    "WOW ppu": "$0.45 / 100SS"
  },
  {
    "Brand_Product_Size": "Essentials Facial Tissues 224 pack",
    "WOW Price": 1,
    "WOW Size": "224 pack",
    "WOW ppu": "$0.45 / 100SS"
  },
  {
    "Brand_Product_Size": "Hershey's Strawberry Syrup 623g",
    "WOW Price": 5,
    "WOW Size": "623g",
    "WOW ppu": "$0.80 / 100G"
  },
  {
    "Brand_Product_Size": "Lux Exfoliating Body Wash Magical Spell 400mL",
    "WOW Price": 4.5,
    "WOW Size": "400mL",
    "WOW ppu": "$1.13 / 100ML"
  },
  {
    "Brand_Product_Size": "Sistema Klip It Plus Rectangle 1l 3 pack",
    "WOW Price": 6.75,
    "WOW Size": "3 pack",
    "WOW ppu": "$6.75 / 1EA"
  },
  {
    "Brand_Product_Size": "Ocean Blue Smoked Salmon 300g",
    "WOW Price": 12.5,
    "WOW Size": "300g",
    "WOW ppu": "$41.67 / 1KG"
  },
  {
    "Brand_Product_Size": "Woolworths Apple Juice 2L",
    "WOW Price": 2,
    "WOW Size": "2L",
    "WOW ppu": "$1.00 / 1L"
  },
  {
    "Brand_Product_Size": "Redwin Body Moisturiser Vitamin E 300g",
    "WOW Price": 4.3,
    "WOW Size": "300g",
    "WOW ppu": "$1.43 / 100G"
  },
  {
    "Brand_Product_Size": "Kellogg's Pop Tarts Frosted Cookies & Crme 8 pack",
    "WOW Price": 4,
    "WOW Size": "8 pack",
    "WOW ppu": "$1.04 / 100G"
  },
  {
    "Brand_Product_Size": "Barkers Luscious Strawberry Sauce 365g",
    "WOW Price": 2.5,
    "WOW Size": "365g",
    "WOW ppu": "$0.75 / 100G"
  },
  {
    "Brand_Product_Size": "Mud High Definition Waterproof Mascara 11g",
    "WOW Price": 4.5,
    "WOW Size": "11g",
    "WOW ppu": "$4.09 / 10G"
  },
  {
    "Brand_Product_Size": "Connect Foods Kombucha Infusion Black Tea Bags Apple Cinnamon 15 pack",
    "WOW Price": 3,
    "WOW Size": "15 pack",
    "WOW ppu": "$0.20 / 1EA"
  },
  {
    "Brand_Product_Size": "Connect Foods Kombucha Infusion Black Tea Bags Apple Cinnamon 15 pack",
    "WOW Price": 3,
    "WOW Size": "15 pack",
    "WOW ppu": "$0.20 / 1EA"
  },
  {
    "Brand_Product_Size": "Armor All Summer Melons Air Freshener each",
    "WOW Price": 6,
    "WOW Size": "each",
    "WOW ppu": "$240.00 / 100ML"
  },
  {
    "Brand_Product_Size": "Jeeny's Paste Shrimp 80g",
    "WOW Price": 2.8,
    "WOW Size": "80g",
    "WOW ppu": "$3.50 / 100G"
  },
  {
    "Brand_Product_Size": "Ottogi Gochujang 170g",
    "WOW Price": 2.8,
    "WOW Size": "170g",
    "WOW ppu": "$1.65 / 100G"
  },
  {
    "Brand_Product_Size": "Picante Jalapeno & Sour Cream With Fresh Coriander 170g",
    "WOW Price": 4.5,
    "WOW Size": "170g",
    "WOW ppu": "$2.65 / 100G"
  },
  {
    "Brand_Product_Size": "Panadol Paracetamol Cold + Flu Plus Decongestant 20 pack",
    "WOW Price": 13,
    "WOW Size": "20 pack",
    "WOW ppu": "$0.65 / 1EA"
  },
  {
    "Brand_Product_Size": "Original Waffle Co Waffles English Style 130g",
    "WOW Price": 3.8,
    "WOW Size": "130g",
    "WOW ppu": "$2.92 / 100G"
  },
  {
    "Brand_Product_Size": "Woolworths Beef Casserole 800g",
    "WOW Price": 16,
    "WOW Size": "800g",
    "WOW ppu": "$2.00 / 100G"
  },
  {
    "Brand_Product_Size": "Woolworths Puree In Pouch Apple & Mango 90g",
    "WOW Price": 0.95,
    "WOW Size": "90g",
    "WOW ppu": "$10.56 / 1KG"
  },
  {
    "Brand_Product_Size": "Vileda Mop Super Microfibre Tx Handle each",
    "WOW Price": 20,
    "WOW Size": "each",
    "WOW ppu": ""
  },
  {
    "Brand_Product_Size": "Pauls Zymil Lactose Free Full Cream Milk 1L",
    "WOW Price": 3.1,
    "WOW Size": "1L",
    "WOW ppu": "$3.10 / 1L"
  },
  {
    "Brand_Product_Size": "Banana Red Tipped each",
    "WOW Price": 0.99,
    "WOW Size": "each",
    "WOW ppu": "$0.99 / 1EA"
  },
  {
    "Brand_Product_Size": "Jarrah Swiss Mochaccino Swiss Style Cocoa 98% Fat Free 250g",
    "WOW Price": 6,
    "WOW Size": "250g",
    "WOW ppu": "$2.40 / 100G"
  },
  {
    "Brand_Product_Size": "Jarrah Swiss Mochaccino Swiss Style Cocoa 98% Fat Free 250g",
    "WOW Price": 6,
    "WOW Size": "250g",
    "WOW ppu": "$2.40 / 100G"
  },
  {
    "Brand_Product_Size": "Love'em Lamb Jerky With Rosemary Dog Treats",
    "WOW Price": 5,
    "WOW Size": "",
    "WOW ppu": "$2.50 / 100G"
  },
  {
    "Brand_Product_Size": "Fresh Pet Food Co Kangaroo Meaty Bones 550g",
    "WOW Price": 7,
    "WOW Size": "550g",
    "WOW ppu": "$1.27 / 100G"
  },
  {
    "Brand_Product_Size": "Wai Wai Noodles Instant Tom Yum Shrimp 60g",
    "WOW Price": 0.65,
    "WOW Size": "60g",
    "WOW ppu": "$1.08 / 100G"
  },
  {
    "Brand_Product_Size": "Riviana Basmati Rice Extra Long Grain 2kg",
    "WOW Price": 8.5,
    "WOW Size": "2kg",
    "WOW ppu": "$0.43 / 100G"
  },
  {
    "Brand_Product_Size": "Maltesers Chocolate Ice Cream Multipack 360mL",
    "WOW Price": 8.5,
    "WOW Size": "360mL",
    "WOW ppu": "$2.36 / 100ML"
  },
  {
    "Brand_Product_Size": "Masterfoods Lemon Herb & Garlic Seasoning 46g",
    "WOW Price": 3.2,
    "WOW Size": "46g",
    "WOW ppu": "$0.70 / 10G"
  },
  {
    "Brand_Product_Size": "Hart & Soul All Natural Cauliflower Cashew Soup 400g",
    "WOW Price": 4,
    "WOW Size": "400g",
    "WOW ppu": "$1.00 / 100G"
  },
  {
    "Brand_Product_Size": "Cuddly Concentrate Fabric Softener Cherry Blossom 900mL",
    "WOW Price": 9,
    "WOW Size": "900mL",
    "WOW ppu": "$10.00 / 1L"
  },
  {
    "Brand_Product_Size": "Finish Quantum Ultimate Dishwasher Tablets Lemon Sparkle 50 pack",
    "WOW Price": 23,
    "WOW Size": "50 pack",
    "WOW ppu": "$0.46 / 1EA"
  },
  {
    "Brand_Product_Size": "Fifya Gluten Free Falafel 250g",
    "WOW Price": 4.5,
    "WOW Size": "250g",
    "WOW ppu": "$1.80 / 100G"
  },
  {
    "Brand_Product_Size": "Philips Led 1055lm Cool Bc 2 pack",
    "WOW Price": 6.5,
    "WOW Size": "2 pack",
    "WOW ppu": "$3.25 / 1EA"
  },
  {
    "Brand_Product_Size": "L'oreal Elvive Colour Protecting Shampoo 300mL",
    "WOW Price": 5.25,
    "WOW Size": "300mL",
    "WOW ppu": "$1.75 / 100ML"
  },
  {
    "Brand_Product_Size": "Damprid Moisture Absorber Refill 1.19kg",
    "WOW Price": 8.5,
    "WOW Size": "1.19kg",
    "WOW ppu": "$0.71 / 100G"
  },
  {
    "Brand_Product_Size": "Woolworths Muesli Bar Choc Chip 8 pack",
    "WOW Price": 1.9,
    "WOW Size": "8 pack",
    "WOW ppu": "$0.77 / 100G"
  },
  {
    "Brand_Product_Size": "Woolworths Muesli Bar Choc Chip 8 pack",
    "WOW Price": 1.9,
    "WOW Size": "8 pack",
    "WOW ppu": "$0.77 / 100G"
  },
  {
    "Brand_Product_Size": "Voeu Normal Combination Skin Moisturiser 150mL",
    "WOW Price": 4,
    "WOW Size": "150mL",
    "WOW ppu": "$2.67 / 100ML"
  },
  {
    "Brand_Product_Size": "Xstreem 9 Led Flashlight With Pouch each",
    "WOW Price": 13,
    "WOW Size": "each",
    "WOW ppu": ""
  },
  {
    "Brand_Product_Size": "Macro Chia Seed Black & White 150g",
    "WOW Price": 5,
    "WOW Size": "150g",
    "WOW ppu": "$3.33 / 100G"
  },
  {
    "Brand_Product_Size": "Podravka European Foods Chicken Noodle Soup 62g",
    "WOW Price": 2.4,
    "WOW Size": "62g",
    "WOW ppu": "$3.87 / 100G"
  },
  {
    "Brand_Product_Size": "Essentials Porcelain Salad Bowl each",
    "WOW Price": 10,
    "WOW Size": "each",
    "WOW ppu": ""
  },
  {
    "Brand_Product_Size": "Colgate Proclinical 500r Whitening Electric Toothbrush each",
    "WOW Price": 70,
    "WOW Size": "each",
    "WOW ppu": "$70.00 / 1EA"
  },
  {
    "Brand_Product_Size": "Mcobeauty Ultra Stay Liquid Matte Peachy Nude 4.8mL",
    "WOW Price": 8,
    "WOW Size": "4.8mL",
    "WOW ppu": "$16.67 / 10ML"
  },
  {
    "Brand_Product_Size": "Australian Organic Food Co 100% Australian Organic Tomato & Basil Soup Pouch 330g",
    "WOW Price": 4.5,
    "WOW Size": "330g",
    "WOW ppu": "$1.36 / 100G"
  },
  {
    "Brand_Product_Size": "Rimmel Maxi Blush Powder Shade 006 9g",
    "WOW Price": 8,
    "WOW Size": "9g",
    "WOW ppu": "$8.89 / 10G"
  },
  {
    "Brand_Product_Size": "Frankie & Friends Dog Shampoo 1L",
    "WOW Price": 5.9,
    "WOW Size": "1L",
    "WOW ppu": "$0.59 / 100ML"
  },
  {
    "Brand_Product_Size": "Woolworths Marshmallows 150g",
    "WOW Price": 2,
    "WOW Size": "150g",
    "WOW ppu": "$1.33 / 100G"
  },
  {
    "Brand_Product_Size": "Mil Lel Extra Sharp Parmesan & Pecorino 170g",
    "WOW Price": 5,
    "WOW Size": "170g",
    "WOW ppu": "$29.41 / 1KG"
  },
  {
    "Brand_Product_Size": "Mil Lel Extra Sharp Parmesan & Pecorino 170g",
    "WOW Price": 5,
    "WOW Size": "170g",
    "WOW ppu": "$29.41 / 1KG"
  },
  {
    "Brand_Product_Size": "Ansell Medium Disposable Gloves Lightly Powdered 24 pack",
    "WOW Price": 6,
    "WOW Size": "24 pack",
    "WOW ppu": "$0.25 / 1EA"
  },
  {
    "Brand_Product_Size": "Pasta Master Chicken & Bacon Bake 1.2kg",
    "WOW Price": 12,
    "WOW Size": "1.2kg",
    "WOW ppu": "$1.00 / 100G"
  },
  {
    "Brand_Product_Size": "Farmer Jo Gluten Free Paleo Muesli 300g",
    "WOW Price": 10,
    "WOW Size": "300g",
    "WOW ppu": "$3.33 / 100G"
  },
  {
    "Brand_Product_Size": "Jack Hammer Removable Strips 20 pack",
    "WOW Price": 19,
    "WOW Size": "20 pack",
    "WOW ppu": "$0.95 / 1EA"
  },
  {
    "Brand_Product_Size": "Sacla Tomato Pesto Free From 190g",
    "WOW Price": 4.9,
    "WOW Size": "190g",
    "WOW ppu": "$2.58 / 100G"
  },
  {
    "Brand_Product_Size": "Bonsoy Long Life Soy Milk 1L",
    "WOW Price": 3.9,
    "WOW Size": "1L",
    "WOW ppu": "$3.90 / 1L"
  },
  {
    "Brand_Product_Size": "Bonsoy Long Life Soy Milk 1L",
    "WOW Price": 3.9,
    "WOW Size": "1L",
    "WOW ppu": "$3.90 / 1L"
  },
  {
    "Brand_Product_Size": "Altimate Extra Thick Ice Cream Wafers 80g",
    "WOW Price": 2.6,
    "WOW Size": "80g",
    "WOW ppu": "$3.25 / 100G"
  },
  {
    "Brand_Product_Size": "Chobani Flip Cookies & Cream Crunch 140g",
    "WOW Price": 3,
    "WOW Size": "140g",
    "WOW ppu": "$2.14 / 100G"
  },
  {
    "Brand_Product_Size": "Chobani Flip Cookies & Cream Crunch 140g",
    "WOW Price": 3,
    "WOW Size": "140g",
    "WOW ppu": "$2.14 / 100G"
  },
  {
    "Brand_Product_Size": "Masterfoods Sausage Hot Pot Slow Cook Recipe Base 175g",
    "WOW Price": 2.2,
    "WOW Size": "175g",
    "WOW ppu": "$1.26 / 100G"
  },
  {
    "Brand_Product_Size": "Vicks Vapodrops Original Menthol Lozenges 42 pack",
    "WOW Price": 6.8,
    "WOW Size": "42 pack",
    "WOW ppu": "$16.19 / 100EA"
  },
  {
    "Brand_Product_Size": "Rimmel Match Perfection Foundation 400 Natural Beige 30mL",
    "WOW Price": 9.5,
    "WOW Size": "30mL",
    "WOW ppu": "$3.17 / 10ML"
  },
  {
    "Brand_Product_Size": "Kellogg's Pop Tarts Frosted Chocotastic 8 pack",
    "WOW Price": 4,
    "WOW Size": "8 pack",
    "WOW ppu": "$1.04 / 100G"
  },
  {
    "Brand_Product_Size": "Rice A Riso Flavoured Rice Chicken 180g",
    "WOW Price": 2.05,
    "WOW Size": "180g",
    "WOW ppu": "$1.14 / 100G"
  },
  {
    "Brand_Product_Size": "Well Naturally No Sugar Added White Chocolate Sweet Raspberry 70g",
    "WOW Price": 3.5,
    "WOW Size": "70g",
    "WOW ppu": ""
  },
  {
    "Brand_Product_Size": "Five:am Organic Squeezy Strawberry Yoghurt 120g pouch",
    "WOW Price": 2,
    "WOW Size": "120g pouch",
    "WOW ppu": "$1.67 / 100G"
  },
  {
    "Brand_Product_Size": "Five:am Organic Squeezy Strawberry Yoghurt 120g pouch",
    "WOW Price": 2,
    "WOW Size": "120g pouch",
    "WOW ppu": "$1.67 / 100G"
  },
  {
    "Brand_Product_Size": "Wrigley's Extra Peppermint Chewing Gum Sugar Free 27g",
    "WOW Price": 1.8,
    "WOW Size": "27g",
    "WOW ppu": "$6.67 / 100G"
  },
  {
    "Brand_Product_Size": "Gatorade No Sugar Orange 600mL",
    "WOW Price": 2.15,
    "WOW Size": "600mL",
    "WOW ppu": "$3.58 / 1L"
  },
  {
    "Brand_Product_Size": "Beetroot Loose each",
    "WOW Price": 1.5,
    "WOW Size": "each",
    "WOW ppu": "$1.50 / 1EA"
  },
  {
    "Brand_Product_Size": "Ruffie Rustic Foods Zucchini Frittata 2 pack",
    "WOW Price": 12,
    "WOW Size": "2 pack",
    "WOW ppu": "$3.00 / 100G"
  },
  {
    "Brand_Product_Size": "Woolworths Bananas 170g",
    "WOW Price": 1,
    "WOW Size": "170g",
    "WOW ppu": "$0.59 / 100G"
  },
  {
    "Brand_Product_Size": "Macro Grass Fed Beef & Veggie Cottage Pie 400g",
    "WOW Price": 8,
    "WOW Size": "400g",
    "WOW ppu": "$2.00 / 100G"
  },
  {
    "Brand_Product_Size": "Lipton Cold Infuse Mango + Rooibos 15 pack",
    "WOW Price": 4.85,
    "WOW Size": "15 pack",
    "WOW ppu": "$0.32 / 1EA"
  },
  {
    "Brand_Product_Size": "Maggie Beer Natural Beef Stock 500mL",
    "WOW Price": 4,
    "WOW Size": "500mL",
    "WOW ppu": "$0.80 / 100ML"
  },
  {
    "Brand_Product_Size": "Laxettes Senna Laxative Tablets 50 pack",
    "WOW Price": 5.3,
    "WOW Size": "50 pack",
    "WOW ppu": "$0.11 / 1EA"
  },
  {
    "Brand_Product_Size": "Yumi's Veggie Bites Roasted Veggies & Peas 225g",
    "WOW Price": 5.5,
    "WOW Size": "225g",
    "WOW ppu": "$24.44 / 1KG"
  },
  {
    "Brand_Product_Size": "Oscar Orsen Teasing & Backcombing Comb each",
    "WOW Price": 7,
    "WOW Size": "each",
    "WOW ppu": "$7.00 / 1EA"
  },
  {
    "Brand_Product_Size": "Vetta Microwave Ready Pasta Classic Penne 150g",
    "WOW Price": 2,
    "WOW Size": "150g",
    "WOW ppu": "$1.33 / 100G"
  },
  {
    "Brand_Product_Size": "Pauls Kids Yoghurt Pouch Vanilla Yellow 70g",
    "WOW Price": 1.4,
    "WOW Size": "70g",
    "WOW ppu": "$2.00 / 100G"
  },
  {
    "Brand_Product_Size": "Illy Classico Espresso Capsules 10 pack",
    "WOW Price": 7.5,
    "WOW Size": "10 pack",
    "WOW ppu": "$0.75 / 1EA"
  },
  {
    "Brand_Product_Size": "Illy Classico Espresso Capsules 10 pack",
    "WOW Price": 7.5,
    "WOW Size": "10 pack",
    "WOW ppu": "$0.75 / 1EA"
  },
  {
    "Brand_Product_Size": "Essentials Toilet Cleaner Potpourri 700mL",
    "WOW Price": 2,
    "WOW Size": "700mL",
    "WOW ppu": "$0.29 / 100ML"
  },
  {
    "Brand_Product_Size": "Woolworths Original Wafer Crackers 100g",
    "WOW Price": 2,
    "WOW Size": "100g",
    "WOW ppu": "$2.00 / 100G"
  },
  {
    "Brand_Product_Size": "Pana Organic Mylk Chocolate Pieces 135g",
    "WOW Price": 9.9,
    "WOW Size": "135g",
    "WOW ppu": "$7.33 / 100G"
  },
  {
    "Brand_Product_Size": "Red Bull Energy Drink 6x250mL",
    "WOW Price": 11.25,
    "WOW Size": "6x250mL",
    "WOW ppu": "$7.50 / 1L"
  },
  {
    "Brand_Product_Size": "Glade Sense & Spray Hawaiian Breeze Refill 12g",
    "WOW Price": 5.9,
    "WOW Size": "12g",
    "WOW ppu": "$4.84 / 10G"
  },
  {
    "Brand_Product_Size": "Protea Foods South African Biltong Stokkies Traditional 200g",
    "WOW Price": 22,
    "WOW Size": "200g",
    "WOW ppu": "$11.00 / 100G"
  },
  {
    "Brand_Product_Size": "Fresh Leek Organic each",
    "WOW Price": 3.9,
    "WOW Size": "each",
    "WOW ppu": ""
  },
  {
    "Brand_Product_Size": "Balnea Bath Sponge each",
    "WOW Price": 2.5,
    "WOW Size": "each",
    "WOW ppu": "$2.50 / 1EA"
  },
  {
    "Brand_Product_Size": "Perfection Romatherapy Baby Roma Tomato 250g punnet",
    "WOW Price": 4,
    "WOW Size": "250g punnet",
    "WOW ppu": "$16.00 / 1KG"
  },
  {
    "Brand_Product_Size": "Perfection Romatherapy Baby Roma Tomato 250g punnet",
    "WOW Price": 4,
    "WOW Size": "250g punnet",
    "WOW ppu": "$16.00 / 1KG"
  },
  {
    "Brand_Product_Size": "Pioneer Poultry Chicken Breast Fillet Smoked 290g - 450g",
    "WOW Price": 11.7,
    "WOW Size": "290g - 450g",
    "WOW ppu": "$26.00 / 1KG"
  },
  {
    "Brand_Product_Size": "Fresh Beurre Bosc Pear 750g punnet",
    "WOW Price": 2.5,
    "WOW Size": "750g punnet",
    "WOW ppu": "$3.33 / 1KG"
  },
  {
    "Brand_Product_Size": "Fresh Beurre Bosc Pear 750g punnet",
    "WOW Price": 2.5,
    "WOW Size": "750g punnet",
    "WOW ppu": "$3.33 / 1KG"
  },
  {
    "Brand_Product_Size": "Palmer's Coconut Oil Hand Cream 60g",
    "WOW Price": 3.5,
    "WOW Size": "60g",
    "WOW ppu": "$5.83 / 100G"
  },
  {
    "Brand_Product_Size": "Duck Extra Power Toilet Shield Ocean Burst 500mL",
    "WOW Price": 5,
    "WOW Size": "500mL",
    "WOW ppu": "$1.00 / 100ML"
  },
  {
    "Brand_Product_Size": "Woolworths Little Gem Lettuce Green 2 pack",
    "WOW Price": 4,
    "WOW Size": "2 pack",
    "WOW ppu": ""
  },
  {
    "Brand_Product_Size": "Lakanto Monkfruit Sweetener Classic 200g",
    "WOW Price": 8.9,
    "WOW Size": "200g",
    "WOW ppu": "$4.45 / 100G"
  },
  {
    "Brand_Product_Size": "Glen 20 Disinfectant Spray Berry Breeze 300g",
    "WOW Price": 4,
    "WOW Size": "300g",
    "WOW ppu": "$1.33 / 100G"
  },
  {
    "Brand_Product_Size": "Lebanese Cucumbers each",
    "WOW Price": 1.24,
    "WOW Size": "each",
    "WOW ppu": "$1.24 / 1EA"
  },
  {
    "Brand_Product_Size": "Continental Pasta & Sauce Alfredo Garlic & Herb 85g",
    "WOW Price": 1.6,
    "WOW Size": "85g",
    "WOW ppu": "$1.88 / 100G"
  },
  {
    "Brand_Product_Size": "Murray River Organics Dried Apricots 200g",
    "WOW Price": 7,
    "WOW Size": "200g",
    "WOW ppu": "$35.00 / 1KG"
  },
  {
    "Brand_Product_Size": "Weet-bix Protein 500g",
    "WOW Price": 6,
    "WOW Size": "500g",
    "WOW ppu": "$1.20 / 100G"
  },
  {
    "Brand_Product_Size": "Yankee Candle Home Inspiration Pink Island Sunset Reed Diffuser 88mL",
    "WOW Price": 20,
    "WOW Size": "88mL",
    "WOW ppu": ""
  },
  {
    "Brand_Product_Size": "Duck Deep Action Gel Limited Edition 750mL",
    "WOW Price": 5,
    "WOW Size": "750mL",
    "WOW ppu": "$0.67 / 100ML"
  },
  {
    "Brand_Product_Size": "Woolworths Slow Cooked Beef Dinner 350g",
    "WOW Price": 8.5,
    "WOW Size": "350g",
    "WOW ppu": "$2.43 / 100G"
  },
  {
    "Brand_Product_Size": "Woolworths Select Gloves Disposable 24 pack",
    "WOW Price": 3,
    "WOW Size": "24 pack",
    "WOW ppu": "$0.13 / 1EA"
  },
  {
    "Brand_Product_Size": "Pilpel Dip Hummous 350g",
    "WOW Price": 6.5,
    "WOW Size": "350g",
    "WOW ppu": "$1.86 / 100G"
  },
  {
    "Brand_Product_Size": "Pilpel Dip Hummous 350g",
    "WOW Price": 6.5,
    "WOW Size": "350g",
    "WOW ppu": "$1.86 / 100G"
  },
  {
    "Brand_Product_Size": "Woolworths Chicken Tikka Masala 400g",
    "WOW Price": 8,
    "WOW Size": "400g",
    "WOW ppu": "$2.00 / 100G"
  },
  {
    "Brand_Product_Size": "Ritz Crackers Cracked Pepper 300g",
    "WOW Price": 2.5,
    "WOW Size": "300g",
    "WOW ppu": "$0.83 / 100G"
  },
  {
    "Brand_Product_Size": "Coca-cola Vanilla Soft Drink Bottle 600mL",
    "WOW Price": 3.65,
    "WOW Size": "600mL",
    "WOW ppu": "$6.08 / 1L"
  },
  {
    "Brand_Product_Size": "Shockwaves Gel Extreme Hold 250mL",
    "WOW Price": 5,
    "WOW Size": "250mL",
    "WOW ppu": "$2.00 / 100ML"
  },
  {
    "Brand_Product_Size": "Woolworths Original Gluten Free Popcorn 10 pack",
    "WOW Price": 2.75,
    "WOW Size": "10 pack",
    "WOW ppu": "$1.38 / 100G"
  },
  {
    "Brand_Product_Size": "Woolworths Original Gluten Free Popcorn 10 pack",
    "WOW Price": 2.75,
    "WOW Size": "10 pack",
    "WOW ppu": "$1.38 / 100G"
  },
  {
    "Brand_Product_Size": "Woolworths Baby Beans 500g",
    "WOW Price": 2.35,
    "WOW Size": "500g",
    "WOW ppu": "$4.70 / 1KG"
  },
  {
    "Brand_Product_Size": "Armada Plastic Side Plate 20 pack",
    "WOW Price": 2.5,
    "WOW Size": "20 pack",
    "WOW ppu": "$0.13 / 1EA"
  },
  {
    "Brand_Product_Size": "Woolworths Thyme Leaves 12g",
    "WOW Price": 1.65,
    "WOW Size": "12g",
    "WOW ppu": "$1.38 / 10G"
  },
  {
    "Brand_Product_Size": "Streets Magnum Luxe Raspberry Pannacotta 4 pack",
    "WOW Price": 10.5,
    "WOW Size": "4 pack",
    "WOW ppu": "$2.92 / 100ML"
  },
  {
    "Brand_Product_Size": "Vileda Mop Extra Long Cotton each",
    "WOW Price": 12,
    "WOW Size": "each",
    "WOW ppu": ""
  },
  {
    "Brand_Product_Size": "Continental Cup A Soup Mild Chicken Curry With Lots Of Noodles 2 pack",
    "WOW Price": 1.05,
    "WOW Size": "2 pack",
    "WOW ppu": "$1.81 / 100G"
  },
  {
    "Brand_Product_Size": "Dynamo Professional Odour Elminating Laundry Liquid 1.8L",
    "WOW Price": 20,
    "WOW Size": "1.8L",
    "WOW ppu": "$11.11 / 1L"
  },
  {
    "Brand_Product_Size": "Ritz Crackers Original 300g",
    "WOW Price": 2.5,
    "WOW Size": "300g",
    "WOW ppu": "$0.83 / 100G"
  },
  {
    "Brand_Product_Size": "Mayfair Hungarian Salami Mild 100g",
    "WOW Price": 2.15,
    "WOW Size": "100g",
    "WOW ppu": "$21.50 / 1KG"
  },
  {
    "Brand_Product_Size": "Fresh Rockmelon Whole each",
    "WOW Price": 5.9,
    "WOW Size": "each",
    "WOW ppu": "$5.90 / 1EA"
  },
  {
    "Brand_Product_Size": "Fresh Rockmelon Whole each",
    "WOW Price": 5.9,
    "WOW Size": "each",
    "WOW ppu": "$5.90 / 1EA"
  },
  {
    "Brand_Product_Size": "Fresh Josephine Pear 750g punnet",
    "WOW Price": 3.5,
    "WOW Size": "750g punnet",
    "WOW ppu": "$4.67 / 1KG"
  },
  {
    "Brand_Product_Size": "Fresh Josephine Pear 750g punnet",
    "WOW Price": 3.5,
    "WOW Size": "750g punnet",
    "WOW ppu": "$4.67 / 1KG"
  },
  {
    "Brand_Product_Size": "Mint Cutting Boards Colour Coded 4 pack",
    "WOW Price": 16,
    "WOW Size": "4 pack",
    "WOW ppu": ""
  },
  {
    "Brand_Product_Size": "Nivea Men Clear Anti-blackhead Face Wash Cleansing Scrub 100mL",
    "WOW Price": 5.4,
    "WOW Size": "100mL",
    "WOW ppu": "$5.40 / 100ML"
  },
  {
    "Brand_Product_Size": "Dettol Antibacterial Liquid Hand Wash Pump Refresh 250mL",
    "WOW Price": 2,
    "WOW Size": "250mL",
    "WOW ppu": "$0.80 / 100ML"
  },
  {
    "Brand_Product_Size": "Oxfam Fair Ethiopia Blend Ground Coffee 250g",
    "WOW Price": 9,
    "WOW Size": "250g",
    "WOW ppu": "$3.60 / 100G"
  },
  {
    "Brand_Product_Size": "Oxfam Fair Ethiopia Blend Ground Coffee 250g",
    "WOW Price": 9,
    "WOW Size": "250g",
    "WOW ppu": "$3.60 / 100G"
  },
  {
    "Brand_Product_Size": "Carbonell Original Olive Oil 3L",
    "WOW Price": 16,
    "WOW Size": "3L",
    "WOW ppu": "$0.53 / 100ML"
  },
  {
    "Brand_Product_Size": "Fever Tree Light Tonic Water 500mL",
    "WOW Price": 4,
    "WOW Size": "500mL",
    "WOW ppu": "$8.00 / 1L"
  },
  {
    "Brand_Product_Size": "Polident 3 Minute Denture Cleanser 66 pack",
    "WOW Price": 10,
    "WOW Size": "66 pack",
    "WOW ppu": ""
  },
  {
    "Brand_Product_Size": "Essentials Paper Towel Embossed White 1 Ply 200 Sheets 2 pack",
    "WOW Price": 1.7,
    "WOW Size": "2 pack",
    "WOW ppu": "$0.85 / 100SS"
  },
  {
    "Brand_Product_Size": "Pantene Conditioner Daily Moisture 90mL",
    "WOW Price": 3,
    "WOW Size": "90mL",
    "WOW ppu": "$3.33 / 100ML"
  },
  {
    "Brand_Product_Size": "Frankie & Friends Wild Bird Food 10kg",
    "WOW Price": 17.5,
    "WOW Size": "10kg",
    "WOW ppu": "$0.18 / 100G"
  },
  {
    "Brand_Product_Size": "Go Natural Hiprotein Mixed Berry Bar 60g",
    "WOW Price": 3,
    "WOW Size": "60g",
    "WOW ppu": "$5.00 / 100G"
  },
  {
    "Brand_Product_Size": "Oral-b 3d White Electric Toothbrush Replacement Head 2 refiLLs",
    "WOW Price": 16.75,
    "WOW Size": "2 refiLLs",
    "WOW ppu": "$8.38 / 1EA"
  },
  {
    "Brand_Product_Size": "Powerade Active Water Apple & Peach 600mL",
    "WOW Price": 2.2,
    "WOW Size": "600mL",
    "WOW ppu": "$3.67 / 1L"
  },
  {
    "Brand_Product_Size": "Carman's Limited Edition Cookies & Cream Bars 5 pack",
    "WOW Price": 6.3,
    "WOW Size": "5 pack",
    "WOW ppu": "$3.15 / 100G"
  },
  {
    "Brand_Product_Size": "Spam Ham Spiced Lite Less Fat 200g",
    "WOW Price": 3.6,
    "WOW Size": "200g",
    "WOW ppu": "$18.00 / 1KG"
  },
  {
    "Brand_Product_Size": "Allen's Freckles Family Bag Lollies 340g",
    "WOW Price": 5,
    "WOW Size": "340g",
    "WOW ppu": "$1.47 / 100G"
  },
  {
    "Brand_Product_Size": "The Natural Chip Co. The Natural Mix Multipack 10 pack",
    "WOW Price": 5.2,
    "WOW Size": "10 pack",
    "WOW ppu": "$2.87 / 100G"
  },
  {
    "Brand_Product_Size": "Essentials Glass Water Bottle each",
    "WOW Price": 3,
    "WOW Size": "each",
    "WOW ppu": ""
  },
  {
    "Brand_Product_Size": "Kez's Chewy Flourless Brownies 210g",
    "WOW Price": 4.2,
    "WOW Size": "210g",
    "WOW ppu": "$2.00 / 100G"
  },
  {
    "Brand_Product_Size": "Lipton Quality Black Leaf Tea Intense 100 pack",
    "WOW Price": 6.1,
    "WOW Size": "100 pack",
    "WOW ppu": "$0.06 / 1EA"
  },
  {
    "Brand_Product_Size": "Lipton Quality Black Leaf Tea Intense 100 pack",
    "WOW Price": 6.1,
    "WOW Size": "100 pack",
    "WOW ppu": "$0.06 / 1EA"
  },
  {
    "Brand_Product_Size": "Abe's Bagel Bakery Blueberry Bagels 4 pack",
    "WOW Price": 5,
    "WOW Size": "4 pack",
    "WOW ppu": "$1.25 / 1EA"
  },
  {
    "Brand_Product_Size": "Heinz Creamy Mash With Salmon 120g",
    "WOW Price": 2,
    "WOW Size": "120g",
    "WOW ppu": "$1.67 / 100G"
  },
  {
    "Brand_Product_Size": "St Tropez Self Tan Express Mousse 100mL",
    "WOW Price": 35,
    "WOW Size": "100mL",
    "WOW ppu": "$35.00 / 100ML"
  },
  {
    "Brand_Product_Size": "Palmolive Gentle Care Hypoallergenic Dishwashing Liquid 750mL",
    "WOW Price": 4.5,
    "WOW Size": "750mL",
    "WOW ppu": "$0.60 / 100ML"
  },
  {
    "Brand_Product_Size": "Seasol Seaweed Concentrate Garden Health Treatment 600mL",
    "WOW Price": 8.2,
    "WOW Size": "600mL",
    "WOW ppu": "$1.37 / 100ML"
  },
  {
    "Brand_Product_Size": "Macro Buckwheat Spiral Pasta 300g",
    "WOW Price": 2.6,
    "WOW Size": "300g",
    "WOW ppu": "$0.87 / 100G"
  },
  {
    "Brand_Product_Size": "Platinum Powder Brush each",
    "WOW Price": 12,
    "WOW Size": "each",
    "WOW ppu": "$12.00 / 1EA"
  },
  {
    "Brand_Product_Size": "Aussie Sprouts Pea Shoots 100g pack",
    "WOW Price": 3.2,
    "WOW Size": "100g pack",
    "WOW ppu": "$32.00 / 1KG"
  },
  {
    "Brand_Product_Size": "Woolworths Homestyle Beef Mince Pies In A Rich Gravy 700g",
    "WOW Price": 13.5,
    "WOW Size": "700g",
    "WOW ppu": "$1.93 / 100G"
  },
  {
    "Brand_Product_Size": "Woolworths Homestyle Beef Mince Pies In A Rich Gravy 700g",
    "WOW Price": 13.5,
    "WOW Size": "700g",
    "WOW ppu": "$1.93 / 100G"
  },
  {
    "Brand_Product_Size": "Macro Organic Broccolini Organic each",
    "WOW Price": 4.9,
    "WOW Size": "each",
    "WOW ppu": ""
  },
  {
    "Brand_Product_Size": "Yeo's Drink Lychee 300mL",
    "WOW Price": 0.8,
    "WOW Size": "300mL",
    "WOW ppu": "$0.27 / 100ML"
  },
  {
    "Brand_Product_Size": "Masterfoods Dried Mixed Herbs 40g",
    "WOW Price": 3.5,
    "WOW Size": "40g",
    "WOW ppu": "$0.88 / 10G"
  },
  {
    "Brand_Product_Size": "The Spice Tailor Thai Red Curry Kit 275g",
    "WOW Price": 6,
    "WOW Size": "275g",
    "WOW ppu": "$2.18 / 100G"
  },
  {
    "Brand_Product_Size": "Decor Match-ups Oblong Container 2l each",
    "WOW Price": 8,
    "WOW Size": "each",
    "WOW ppu": ""
  },
  {
    "Brand_Product_Size": "Tontine Sweet Dreams Antibacterial Pillow 2 pack",
    "WOW Price": 12,
    "WOW Size": "2 pack",
    "WOW ppu": ""
  },
  {
    "Brand_Product_Size": "Woolworths Chicken Pad Thai With Rice Noodles 350g",
    "WOW Price": 4,
    "WOW Size": "350g",
    "WOW ppu": "$1.14 / 100G"
  },
  {
    "Brand_Product_Size": "Sunsol Pro-biotic Almond & Manuka Honey Toasted Muesli 400g",
    "WOW Price": 5,
    "WOW Size": "400g",
    "WOW ppu": "$1.25 / 100G"
  },
  {
    "Brand_Product_Size": "Monini Grapeseed Oil 750mL",
    "WOW Price": 9,
    "WOW Size": "750mL",
    "WOW ppu": "$1.20 / 100ML"
  },
  {
    "Brand_Product_Size": "Quest Bar Cookies & Cream 60g",
    "WOW Price": 4,
    "WOW Size": "60g",
    "WOW ppu": "$6.67 / 100G"
  },
  {
    "Brand_Product_Size": "Reef Tanning Oil Coconut Spf 30+ 125mL",
    "WOW Price": 11.5,
    "WOW Size": "125mL",
    "WOW ppu": "$9.20 / 100ML"
  },
  {
    "Brand_Product_Size": "Bonds Bloody Comfy Period Full Brief Heavy Days Size 16 each",
    "WOW Price": 18.75,
    "WOW Size": "each",
    "WOW ppu": "$18.75 / 1EA"
  },
  {
    "Brand_Product_Size": "Eagle Coin Fried Dace Black Bean 184g",
    "WOW Price": 3.5,
    "WOW Size": "184g",
    "WOW ppu": "$1.90 / 100G"
  },
  {
    "Brand_Product_Size": "Belvoir Fruit Farms Ginger Cordial 500mL",
    "WOW Price": 6,
    "WOW Size": "500mL",
    "WOW ppu": "$12.00 / 1L"
  },
  {
    "Brand_Product_Size": "Tiao Hu Soy Sauce 500mL",
    "WOW Price": 2,
    "WOW Size": "500mL",
    "WOW ppu": "$0.40 / 100ML"
  },
  {
    "Brand_Product_Size": "Dollar Sweets Magic Star Tops 115g",
    "WOW Price": 3.5,
    "WOW Size": "115g",
    "WOW ppu": "$3.04 / 100G"
  },
  {
    "Brand_Product_Size": "Don Thin Frankfurts From The Deli per kg",
    "WOW Price": 7,
    "WOW Size": "per kg",
    "WOW ppu": "$7.00 / 1KG"
  },
  {
    "Brand_Product_Size": "Woolworths Pork Meat Pie Small 160g",
    "WOW Price": 3.98,
    "WOW Size": "160g",
    "WOW ppu": "$2.49 / 100G"
  },
  {
    "Brand_Product_Size": "Woolworths Cook Chicken Kebabs Hoisin 375g",
    "WOW Price": 6,
    "WOW Size": "375g",
    "WOW ppu": "$16.00 / 1KG"
  },
  {
    "Brand_Product_Size": "Brioche Gourmet Brioche Sliders 10 pack",
    "WOW Price": 5,
    "WOW Size": "10 pack",
    "WOW ppu": "$2.50 / 100G"
  },
  {
    "Brand_Product_Size": "Woolworths Mini Dessert Selection 20 pack",
    "WOW Price": 19,
    "WOW Size": "20 pack",
    "WOW ppu": "$0.95 / 1EA"
  },
  {
    "Brand_Product_Size": "Simple Kind To Skin Sheet Mask Radiance Boosting 21mL",
    "WOW Price": 4,
    "WOW Size": "21mL",
    "WOW ppu": "$16.00 / 100ML"
  },
  {
    "Brand_Product_Size": "Difflam Plus Sore Throat Lozenges + Anaesthetic Blackcurrant 16 pack",
    "WOW Price": 8,
    "WOW Size": "16 pack",
    "WOW ppu": "$0.50 / 1EA"
  },
  {
    "Brand_Product_Size": "Baxter's Dog Roll Beef And Vegetable 3kg",
    "WOW Price": 5.5,
    "WOW Size": "3kg",
    "WOW ppu": "$0.18 / 100G"
  },
  {
    "Brand_Product_Size": "Masterfoods Smoked & Charred Texan Style Rub 50g",
    "WOW Price": 3.75,
    "WOW Size": "50g",
    "WOW ppu": "$0.75 / 10G"
  },
  {
    "Brand_Product_Size": "Essentials Plastic Dessert Spoons 20 pack",
    "WOW Price": 1,
    "WOW Size": "20 pack",
    "WOW ppu": "$1.00 / 1EA"
  },
  {
    "Brand_Product_Size": "Woolworths Essentials Correction Tape 2 pack",
    "WOW Price": 3,
    "WOW Size": "2 pack",
    "WOW ppu": ""
  },
  {
    "Brand_Product_Size": "Oak Flavoured Milk Strawberry 500mL",
    "WOW Price": 2.5,
    "WOW Size": "500mL",
    "WOW ppu": "$5.00 / 1L"
  },
  {
    "Brand_Product_Size": "Mcobeauty Brow Fill & Set Light/medium each",
    "WOW Price": 8,
    "WOW Size": "each",
    "WOW ppu": "$13.33 / 10ML"
  },
  {
    "Brand_Product_Size": "Toni & Guy Styling Brush each",
    "WOW Price": 13.3,
    "WOW Size": "each",
    "WOW ppu": ""
  },
  {
    "Brand_Product_Size": "Evamay Pads With Wings Night 12 pack",
    "WOW Price": 1.8,
    "WOW Size": "12 pack",
    "WOW ppu": "$0.15 / 1EA"
  },
  {
    "Brand_Product_Size": "Fancy Feast Adult Gravy Lovers Ocean Whitefish & Tuna Wet Cat Food 85g",
    "WOW Price": 1.45,
    "WOW Size": "85g",
    "WOW ppu": "$1.71 / 100G"
  },
  {
    "Brand_Product_Size": "Rimmel Scandaleyes Eye Definer Brown each",
    "WOW Price": 7,
    "WOW Size": "each",
    "WOW ppu": ""
  },
  {
    "Brand_Product_Size": "Essentials Hand Towel 450gsm Cw1 each",
    "WOW Price": 2,
    "WOW Size": "each",
    "WOW ppu": ""
  },
  {
    "Brand_Product_Size": "Woolworths Passionfruit Bottle 1.25L",
    "WOW Price": 1,
    "WOW Size": "1.25L",
    "WOW ppu": "$0.80 / 1L"
  },
  {
    "Brand_Product_Size": "Woolworths Gluten Free Popcorn Sweet & Salty 120g",
    "WOW Price": 2.1,
    "WOW Size": "120g",
    "WOW ppu": "$1.75 / 100G"
  },
  {
    "Brand_Product_Size": "S-26 Alula Gold Newborn 0 -6 Months 900g",
    "WOW Price": 23,
    "WOW Size": "900g",
    "WOW ppu": "$2.56 / 100G"
  },
  {
    "Brand_Product_Size": "Woolworths Meat Pies 6 pack",
    "WOW Price": 4,
    "WOW Size": "6 pack",
    "WOW ppu": "$0.44 / 100G"
  },
  {
    "Brand_Product_Size": "Woolworths Beef In Black Bean Sauce With Rice 350g",
    "WOW Price": 7.5,
    "WOW Size": "350g",
    "WOW ppu": "$2.14 / 100G"
  },
  {
    "Brand_Product_Size": "Aussie Frozen Fruit 100% Australian Mixed Berries 400g",
    "WOW Price": 6,
    "WOW Size": "400g",
    "WOW ppu": "$15.00 / 1KG"
  },
  {
    "Brand_Product_Size": "Papermate Correction Tape Grip each",
    "WOW Price": 5.5,
    "WOW Size": "each",
    "WOW ppu": ""
  },
  {
    "Brand_Product_Size": "Biore Cleanser Deep Pore Charcoal 200mL",
    "WOW Price": 6.6,
    "WOW Size": "200mL",
    "WOW ppu": "$3.30 / 100ML"
  },
  {
    "Brand_Product_Size": "Republica Organic Coffee Ground Timor Espresso 200g",
    "WOW Price": 9,
    "WOW Size": "200g",
    "WOW ppu": "$4.50 / 100G"
  },
  {
    "Brand_Product_Size": "Republica Organic Coffee Ground Timor Espresso 200g",
    "WOW Price": 9,
    "WOW Size": "200g",
    "WOW ppu": "$4.50 / 100G"
  },
  {
    "Brand_Product_Size": "Siggi's 4% Milkfat Yoghurt Mango 500g",
    "WOW Price": 4,
    "WOW Size": "500g",
    "WOW ppu": "$0.80 / 100G"
  },
  {
    "Brand_Product_Size": "Paperclick 2b Pencils 12 pack",
    "WOW Price": 4,
    "WOW Size": "12 pack",
    "WOW ppu": ""
  },
  {
    "Brand_Product_Size": "Chux Non Scratch Sustainable Sponge Scourer 2 pack",
    "WOW Price": 4,
    "WOW Size": "2 pack",
    "WOW ppu": "$2.00 / 1EA"
  },
  {
    "Brand_Product_Size": "Allen's Sourz Snakes Alive 170g",
    "WOW Price": 3,
    "WOW Size": "170g",
    "WOW ppu": "$1.76 / 100G"
  },
  {
    "Brand_Product_Size": "Wokka Udon Noodles 440g",
    "WOW Price": 2.7,
    "WOW Size": "440g",
    "WOW ppu": "$0.61 / 100G"
  },
  {
    "Brand_Product_Size": "Jack N' Jill Kids Bio Toothbrush each",
    "WOW Price": 5,
    "WOW Size": "each",
    "WOW ppu": "$5.00 / 1EA"
  },
  {
    "Brand_Product_Size": "Macro Organic 6 Months+ Beef With Vegetables & Rice 120g",
    "WOW Price": 1.4,
    "WOW Size": "120g",
    "WOW ppu": "$1.17 / 100G"
  },
  {
    "Brand_Product_Size": "Maybelline Color Sensational Matte Lipstick - Lust For Blush 665 4.2g",
    "WOW Price": 10,
    "WOW Size": "4.2g",
    "WOW ppu": "$23.81 / 10G"
  },
  {
    "Brand_Product_Size": "Streets Blue Ribbon Classic Chocolate Ice Cream 2L",
    "WOW Price": 4.9,
    "WOW Size": "2L",
    "WOW ppu": "$0.25 / 100ML"
  },
  {
    "Brand_Product_Size": "Nfco Bio Toothbrush Assorted 2 pack",
    "WOW Price": 10,
    "WOW Size": "2 pack",
    "WOW ppu": "$5.00 / 1EA"
  },
  {
    "Brand_Product_Size": "Clairol Nice N Easy 3.5 Natural Darkest Brown each",
    "WOW Price": 9,
    "WOW Size": "each",
    "WOW ppu": ""
  },
  {
    "Brand_Product_Size": "Woolworths Minced Garlic 500g",
    "WOW Price": 2.5,
    "WOW Size": "500g",
    "WOW ppu": "$0.05 / 10G"
  },
  {
    "Brand_Product_Size": "Nuk Happy Nights Soother 18-36m 2 pack",
    "WOW Price": 12,
    "WOW Size": "2 pack",
    "WOW ppu": "$12.00 / 1EA"
  },
  {
    "Brand_Product_Size": "Vittoria Espresso Ground Coffee 200g",
    "WOW Price": 4.8,
    "WOW Size": "200g",
    "WOW ppu": "$2.40 / 100G"
  },
  {
    "Brand_Product_Size": "Vittoria Espresso Ground Coffee 200g",
    "WOW Price": 4.8,
    "WOW Size": "200g",
    "WOW ppu": "$2.40 / 100G"
  },
  {
    "Brand_Product_Size": "Korbond Stars Confetti Balloons Assorted 5 pack",
    "WOW Price": 3,
    "WOW Size": "5 pack",
    "WOW ppu": "$0.60 / 1EA"
  },
  {
    "Brand_Product_Size": "Tontine Sweet Dreams Soft Touch Pillow 2 pack",
    "WOW Price": 20,
    "WOW Size": "2 pack",
    "WOW ppu": ""
  },
  {
    "Brand_Product_Size": "Ceres Organics Clouds Salt & Vinegar 50g",
    "WOW Price": 3.5,
    "WOW Size": "50g",
    "WOW ppu": "$7.00 / 100G"
  },
  {
    "Brand_Product_Size": "Glow Lab Coconut & Sandalwood Body Wash 400mL",
    "WOW Price": 9,
    "WOW Size": "400mL",
    "WOW ppu": "$2.25 / 100ML"
  },
  {
    "Brand_Product_Size": "Double D Fruit Jellies Sugar Free 90g bag",
    "WOW Price": 2,
    "WOW Size": "90g bag",
    "WOW ppu": "$2.22 / 100G"
  },
  {
    "Brand_Product_Size": "Kettle Sweet Potato Chips Sea Salt 135g",
    "WOW Price": 3.15,
    "WOW Size": "135g",
    "WOW ppu": "$2.33 / 100G"
  },
  {
    "Brand_Product_Size": "Swisse Kids Multi Pastille Gummies 60 pack",
    "WOW Price": 19,
    "WOW Size": "60 pack",
    "WOW ppu": "$31.67 / 100EA"
  },
  {
    "Brand_Product_Size": "Maybelline Dream Radiant Liquid Foundation Pure Beige 30mL",
    "WOW Price": 12.5,
    "WOW Size": "30mL",
    "WOW ppu": "$4.17 / 10ML"
  },
  {
    "Brand_Product_Size": "Nivea Men Deep Amazonia Aerosol Antiperspirant Deodorant 250mL",
    "WOW Price": 6.5,
    "WOW Size": "250mL",
    "WOW ppu": "$2.60 / 100ML"
  },
  {
    "Brand_Product_Size": "Herbal Essences Coconut Milk Hydrating Hair Mask 50mL",
    "WOW Price": 2.5,
    "WOW Size": "50mL",
    "WOW ppu": "$5.00 / 100ML"
  },
  {
    "Brand_Product_Size": "Ceres Organics Rice Cakes Quinoa 110g",
    "WOW Price": 3.1,
    "WOW Size": "110g",
    "WOW ppu": "$2.82 / 100G"
  },
  {
    "Brand_Product_Size": "Caredent Cosmic Flashing Toothbrush For Kids each",
    "WOW Price": 5,
    "WOW Size": "each",
    "WOW ppu": "$5.00 / 1EA"
  },
  {
    "Brand_Product_Size": "Cussons Prize Medal Oatmeal Soap Bar 5x90g",
    "WOW Price": 3.4,
    "WOW Size": "5x90g",
    "WOW ppu": "$0.76 / 100G"
  },
  {
    "Brand_Product_Size": "Coopers Home Brew Real Ale 1.7kg",
    "WOW Price": 13.85,
    "WOW Size": "1.7kg",
    "WOW ppu": "$8.15 / 1KG"
  },
  {
    "Brand_Product_Size": "My Dog Fillets In Gravy With Tender Chicken Wet Dog Food Tray 100g",
    "WOW Price": 1,
    "WOW Size": "100g",
    "WOW ppu": "$1.00 / 100G"
  },
  {
    "Brand_Product_Size": "Vitapet Jerhigh Treat Fish Tenders 80g",
    "WOW Price": 7.4,
    "WOW Size": "80g",
    "WOW ppu": "$9.25 / 100G"
  },
  {
    "Brand_Product_Size": "Naturally Good Cookies Munchy Muesli Vanilla 160g",
    "WOW Price": 4.95,
    "WOW Size": "160g",
    "WOW ppu": "$3.09 / 100G"
  },
  {
    "Brand_Product_Size": "Wizz Fizz Sherbet Cones 5 pack",
    "WOW Price": 2,
    "WOW Size": "5 pack",
    "WOW ppu": "$2.86 / 100G"
  },
  {
    "Brand_Product_Size": "Curash Water Wipes 3x80 pack",
    "WOW Price": 10,
    "WOW Size": "3x80 pack",
    "WOW ppu": "$4.17 / 100EA"
  },
  {
    "Brand_Product_Size": "De Costi Seafood Salad 375g",
    "WOW Price": 8,
    "WOW Size": "375g",
    "WOW ppu": "$21.33 / 1KG"
  },
  {
    "Brand_Product_Size": "La Molisana Pastificio Extra Di Lusso Egg Fettuccine 250g",
    "WOW Price": 3,
    "WOW Size": "250g",
    "WOW ppu": "$1.20 / 100G"
  },
  {
    "Brand_Product_Size": "Chobani No Fat Blueberry Yoghurt 170g",
    "WOW Price": 1.8,
    "WOW Size": "170g",
    "WOW ppu": "$1.06 / 100G"
  },
  {
    "Brand_Product_Size": "Chobani No Fat Blueberry Yoghurt 170g",
    "WOW Price": 1.8,
    "WOW Size": "170g",
    "WOW ppu": "$1.06 / 100G"
  },
  {
    "Brand_Product_Size": "Magnum Classic Non-dairy Frozen Dessert 3 pack",
    "WOW Price": 7,
    "WOW Size": "3 pack",
    "WOW ppu": "$2.59 / 100ML"
  },
  {
    "Brand_Product_Size": "Philips Pilot Globe 15w Ses Base 2 pack",
    "WOW Price": 4.5,
    "WOW Size": "2 pack",
    "WOW ppu": "$2.25 / 1EA"
  },
  {
    "Brand_Product_Size": "Bulla Murray Street Vanilla Bean & Chocolate Almond Sticks 4 pack",
    "WOW Price": 5,
    "WOW Size": "4 pack",
    "WOW ppu": "$1.25 / 100ML"
  },
  {
    "Brand_Product_Size": "Yeo's Drink Chrysanthemum 6 pack",
    "WOW Price": 3.7,
    "WOW Size": "6 pack",
    "WOW ppu": "$2.47 / 1L"
  },
  {
    "Brand_Product_Size": "Rexona Women Antiperspirant Aerosol Deodorant Classic 250mL",
    "WOW Price": 5,
    "WOW Size": "250mL",
    "WOW ppu": "$2.00 / 100ML"
  },
  {
    "Brand_Product_Size": "Chux Original Superwipes 10 pack",
    "WOW Price": 4,
    "WOW Size": "10 pack",
    "WOW ppu": "$0.40 / 1EA"
  },
  {
    "Brand_Product_Size": "South Cape Cheese Gouda 200g",
    "WOW Price": 6.4,
    "WOW Size": "200g",
    "WOW ppu": "$32.00 / 1KG"
  },
  {
    "Brand_Product_Size": "South Cape Cheese Gouda 200g",
    "WOW Price": 6.4,
    "WOW Size": "200g",
    "WOW ppu": "$32.00 / 1KG"
  },
  {
    "Brand_Product_Size": "Armada Pattern Paper Cups 10 pack",
    "WOW Price": 2.5,
    "WOW Size": "10 pack",
    "WOW ppu": ""
  },
  {
    "Brand_Product_Size": "Ingham's Chicken Portion Pieces Gourmet Roasting 1.5kg - 2kg",
    "WOW Price": 17,
    "WOW Size": "1.5kg - 2kg",
    "WOW ppu": "$8.50 / 1KG"
  },
  {
    "Brand_Product_Size": "Hellmann's Real Mayonnaise 800g",
    "WOW Price": 9,
    "WOW Size": "800g",
    "WOW ppu": "$1.13 / 100G"
  },
  {
    "Brand_Product_Size": "Decor Tellfresh Cupcake Storer Oblong each",
    "WOW Price": 10,
    "WOW Size": "each",
    "WOW ppu": ""
  },
  {
    "Brand_Product_Size": "Weis Dairy Free Dark Chocolate & Coconut 4 pack",
    "WOW Price": 5.5,
    "WOW Size": "4 pack",
    "WOW ppu": "$1.96 / 100ML"
  },
  {
    "Brand_Product_Size": "Ocean Spray Low Sugar Cranberry Classic Juice Drink 1.5L",
    "WOW Price": 5.85,
    "WOW Size": "1.5L",
    "WOW ppu": "$3.90 / 1L"
  },
  {
    "Brand_Product_Size": "Cadbury Favourites 570g",
    "WOW Price": 20,
    "WOW Size": "570g",
    "WOW ppu": "$3.51 / 100G"
  },
  {
    "Brand_Product_Size": "Heinz Steam Fresh Broccoli Carrot & Cauli 450g",
    "WOW Price": 3.3,
    "WOW Size": "450g",
    "WOW ppu": "$7.33 / 1KG"
  },
  {
    "Brand_Product_Size": "Tetley Extra Strong Tea Bags 100 pack",
    "WOW Price": 3,
    "WOW Size": "100 pack",
    "WOW ppu": "$0.03 / 1EA"
  },
  {
    "Brand_Product_Size": "Tetley Extra Strong Tea Bags 100 pack",
    "WOW Price": 3,
    "WOW Size": "100 pack",
    "WOW ppu": "$0.03 / 1EA"
  },
  {
    "Brand_Product_Size": "A2 No Fat Milk 1L",
    "WOW Price": 3.2,
    "WOW Size": "1L",
    "WOW ppu": "$3.20 / 1L"
  },
  {
    "Brand_Product_Size": "Garnier Micellar Cleansing Water All Skin Types 400mL",
    "WOW Price": 8.1,
    "WOW Size": "400mL",
    "WOW ppu": "$2.03 / 100ML"
  },
  {
    "Brand_Product_Size": "Continental Rice Indian 180g",
    "WOW Price": 3,
    "WOW Size": "180g",
    "WOW ppu": "$1.67 / 100G"
  },
  {
    "Brand_Product_Size": "Earth Beefless Curry Puffs 250g",
    "WOW Price": 7,
    "WOW Size": "250g",
    "WOW ppu": "$2.80 / 100G"
  },
  {
    "Brand_Product_Size": "Canon Printer Ink Cli651x Black each",
    "WOW Price": 25.2,
    "WOW Size": "each",
    "WOW ppu": ""
  },
  {
    "Brand_Product_Size": "Messina Choc Hazelnut Gelato Bar 4 pack",
    "WOW Price": 5,
    "WOW Size": "4 pack",
    "WOW ppu": "$1.25 / 100ML"
  },
  {
    "Brand_Product_Size": "Macro Dry Roasted Cashews Nuts 250g",
    "WOW Price": 8,
    "WOW Size": "250g",
    "WOW ppu": "$32.00 / 1KG"
  },
  {
    "Brand_Product_Size": "Mint Stainless Steel Teaspoon 4 pack",
    "WOW Price": 6,
    "WOW Size": "4 pack",
    "WOW ppu": ""
  },
  {
    "Brand_Product_Size": "Annalisa Organically Farmed Diced Tomatoes 400g",
    "WOW Price": 1.6,
    "WOW Size": "400g",
    "WOW ppu": "$4.00 / 1KG"
  },
  {
    "Brand_Product_Size": "Evergreen Fresh Egg Noddle 500g",
    "WOW Price": 3,
    "WOW Size": "500g",
    "WOW ppu": "$6.00 / 1KG"
  },
  {
    "Brand_Product_Size": "Valvoline Oil 2 Stroke Motor 1L",
    "WOW Price": 12,
    "WOW Size": "1L",
    "WOW ppu": "$1.20 / 100ML"
  },
  {
    "Brand_Product_Size": "Marion's Kitchen Thai Green Curry Cooking Kit 419g",
    "WOW Price": 7.45,
    "WOW Size": "419g",
    "WOW ppu": "$1.78 / 100G"
  },
  {
    "Brand_Product_Size": "L'oreal Excellence Creme Hair Colour 5.5 Mahogany Brown each",
    "WOW Price": 16,
    "WOW Size": "each",
    "WOW ppu": ""
  },
  {
    "Brand_Product_Size": "3m Command Picture Hanging Strips Medium Value Pack 8 pairs",
    "WOW Price": 13,
    "WOW Size": "8 pairs",
    "WOW ppu": "$1.63 / 1EA"
  },
  {
    "Brand_Product_Size": "Mentos Fruit Chews Rainbow 37.5g roLL",
    "WOW Price": 1,
    "WOW Size": "37.5g roLL",
    "WOW ppu": "$2.67 / 100G"
  },
  {
    "Brand_Product_Size": "Air Wick Botanica Reed Diffuser Vanilla & Himalayan Magnolia 80mL",
    "WOW Price": 16.5,
    "WOW Size": "80mL",
    "WOW ppu": "$2.06 / 10ML"
  },
  {
    "Brand_Product_Size": "Chang's Noodles Long Life 250g",
    "WOW Price": 1.5,
    "WOW Size": "250g",
    "WOW ppu": "$0.60 / 100G"
  },
  {
    "Brand_Product_Size": "Woolworths Creamy Vanilla Slice 2 pack",
    "WOW Price": 5,
    "WOW Size": "2 pack",
    "WOW ppu": "$1.85 / 100G"
  },
  {
    "Brand_Product_Size": "Woolworths Roasting Dish each",
    "WOW Price": 2.5,
    "WOW Size": "each",
    "WOW ppu": ""
  },
  {
    "Brand_Product_Size": "Moki Life Microusb To Usb Syncharge Cable 90cm each",
    "WOW Price": 9,
    "WOW Size": "each",
    "WOW ppu": ""
  },
  {
    "Brand_Product_Size": "Energizer Smart Battery Charger each",
    "WOW Price": 40,
    "WOW Size": "each",
    "WOW ppu": ""
  },
  {
    "Brand_Product_Size": "Tradie Mens Brief Xl 4 pack",
    "WOW Price": 16,
    "WOW Size": "4 pack",
    "WOW ppu": ""
  },
  {
    "Brand_Product_Size": "Angas Park Prunes Pitted 1kg",
    "WOW Price": 12.5,
    "WOW Size": "1kg",
    "WOW ppu": "$12.50 / 1KG"
  },
  {
    "Brand_Product_Size": "Peters Frosty Fruits Watermelon 8 pack",
    "WOW Price": 7,
    "WOW Size": "8 pack",
    "WOW ppu": "$1.35 / 100ML"
  },
  {
    "Brand_Product_Size": "Nivea Black & White Clear Roll On Antiperspirant Deodorant 50mL",
    "WOW Price": 3.5,
    "WOW Size": "50mL",
    "WOW ppu": "$7.00 / 100ML"
  },
  {
    "Brand_Product_Size": "Nifti Hardworking Multi-purpose Household Cleaner Spray 500mL",
    "WOW Price": 4.4,
    "WOW Size": "500mL",
    "WOW ppu": "$0.88 / 100ML"
  },
  {
    "Brand_Product_Size": "The Culture Co. Kefir Yogurt Mango 150g",
    "WOW Price": 2.3,
    "WOW Size": "150g",
    "WOW ppu": "$1.53 / 100G"
  },
  {
    "Brand_Product_Size": "Sunsweet Prunes Pitted 200g",
    "WOW Price": 3.8,
    "WOW Size": "200g",
    "WOW ppu": "$19.00 / 1KG"
  },
  {
    "Brand_Product_Size": "No Nasties Coconut Icy Stix 15 pack",
    "WOW Price": 6.5,
    "WOW Size": "15 pack",
    "WOW ppu": "$0.72 / 100ML"
  },
  {
    "Brand_Product_Size": "Fever Tree Premium Indian Tonic Water 4x200mL",
    "WOW Price": 6,
    "WOW Size": "4x200mL",
    "WOW ppu": "$7.50 / 1L"
  },
  {
    "Brand_Product_Size": "Arnott's Mini Chocolate Chip Cookies 7 pack 175g",
    "WOW Price": 3,
    "WOW Size": "7 pack 175g",
    "WOW ppu": "$1.71 / 100G"
  },
  {
    "Brand_Product_Size": "Arnott's Mini Chocolate Chip Cookies 7 pack 175g",
    "WOW Price": 3,
    "WOW Size": "7 pack 175g",
    "WOW ppu": "$1.71 / 100G"
  },
  {
    "Brand_Product_Size": "Mcvitie's Digestives Biscuit Milk Chocolate 300g",
    "WOW Price": 1.97,
    "WOW Size": "300g",
    "WOW ppu": "$0.66 / 100G"
  },
  {
    "Brand_Product_Size": "Mccain Sliced Beans Sliced 500g",
    "WOW Price": 2.5,
    "WOW Size": "500g",
    "WOW ppu": "$5.00 / 1KG"
  },
  {
    "Brand_Product_Size": "Woolworths Baby Buk Choy Asian Greens each",
    "WOW Price": 2.5,
    "WOW Size": "each",
    "WOW ppu": "$2.50 / 1EA"
  },
  {
    "Brand_Product_Size": "Hakubaku Japanese Ramen Noodle 270g",
    "WOW Price": 3.7,
    "WOW Size": "270g",
    "WOW ppu": "$1.37 / 100G"
  },
  {
    "Brand_Product_Size": "Donna Hay Banana Bread Mix 540g",
    "WOW Price": 7,
    "WOW Size": "540g",
    "WOW ppu": "$1.30 / 100G"
  },
  {
    "Brand_Product_Size": "Ogx Extra Strength Damage Remedy Coconut Miracle Oil Hair Mask 168g",
    "WOW Price": 21,
    "WOW Size": "168g",
    "WOW ppu": "$12.50 / 100ML"
  },
  {
    "Brand_Product_Size": "Red Rock Deli Potato Chips Sweet Chilli & Sour Cream 165g",
    "WOW Price": 4.65,
    "WOW Size": "165g",
    "WOW ppu": "$2.82 / 100G"
  },
  {
    "Brand_Product_Size": "Frisp Strawberry Crisps 15g",
    "WOW Price": 2.5,
    "WOW Size": "15g",
    "WOW ppu": "$166.67 / 1KG"
  },
  {
    "Brand_Product_Size": "Yogo Chocolate With Mini M&m's Dessert 150g",
    "WOW Price": 2.5,
    "WOW Size": "150g",
    "WOW ppu": "$1.67 / 100G"
  },
  {
    "Brand_Product_Size": "Little Quacker 1-3 Years Rice Biscuit Strawberry 40g",
    "WOW Price": 3,
    "WOW Size": "40g",
    "WOW ppu": "$7.50 / 100G"
  },
  {
    "Brand_Product_Size": "Energizer Aaa Rechargable Batteries Global 2 pack",
    "WOW Price": 14,
    "WOW Size": "2 pack",
    "WOW ppu": "$7.00 / 1EA"
  },
  {
    "Brand_Product_Size": "Fibre One Triple Choc Cake Bars 4 pack",
    "WOW Price": 5.5,
    "WOW Size": "4 pack",
    "WOW ppu": "$5.50 / 100G"
  },
  {
    "Brand_Product_Size": "U By Kotex Overnight Briefs Boyleg Small - Medium 4 pack",
    "WOW Price": 4.8,
    "WOW Size": "4 pack",
    "WOW ppu": "$1.20 / 1EA"
  },
  {
    "Brand_Product_Size": "Philips Led 806lm Warm Bc 2 pack",
    "WOW Price": 6.5,
    "WOW Size": "2 pack",
    "WOW ppu": "$3.25 / 1EA"
  },
  {
    "Brand_Product_Size": "Dilmah Tea Bags 300 pack",
    "WOW Price": 13.5,
    "WOW Size": "300 pack",
    "WOW ppu": "$0.05 / 1EA"
  },
  {
    "Brand_Product_Size": "Dilmah Tea Bags 300 pack",
    "WOW Price": 13.5,
    "WOW Size": "300 pack",
    "WOW ppu": "$0.05 / 1EA"
  },
  {
    "Brand_Product_Size": "Vittoria Chocochino Dark Drinking Chocolate 375g",
    "WOW Price": 4,
    "WOW Size": "375g",
    "WOW ppu": "$1.07 / 100G"
  },
  {
    "Brand_Product_Size": "Crisco Canola Oil 2L",
    "WOW Price": 6,
    "WOW Size": "2L",
    "WOW ppu": "$0.30 / 100ML"
  },
  {
    "Brand_Product_Size": "Vaalia Kids Yoghurt Pouch Tropical 140g",
    "WOW Price": 1.7,
    "WOW Size": "140g",
    "WOW ppu": "$1.21 / 100G"
  },
  {
    "Brand_Product_Size": "Vaalia Kids Yoghurt Pouch Tropical 140g",
    "WOW Price": 1.7,
    "WOW Size": "140g",
    "WOW ppu": "$1.21 / 100G"
  },
  {
    "Brand_Product_Size": "Vaalia Kids Yoghurt Pouch Tropical 140g",
    "WOW Price": 1.7,
    "WOW Size": "140g",
    "WOW ppu": "$1.21 / 100G"
  },
  {
    "Brand_Product_Size": "Palmolive Naturals Liquid Hand Wash Soap Aloe Vera & Chamomile 250mL",
    "WOW Price": 2.79,
    "WOW Size": "250mL",
    "WOW ppu": "$1.12 / 100ML"
  },
  {
    "Brand_Product_Size": "Multix Drawtight Roll Garbage Bags 56L 20 pack",
    "WOW Price": 4,
    "WOW Size": "56L 20 pack",
    "WOW ppu": "$0.20 / 1EA"
  },
  {
    "Brand_Product_Size": "Woolworths Beef Herb & Garlic Sausage 600g",
    "WOW Price": 6,
    "WOW Size": "600g",
    "WOW ppu": "$10.00 / 1KG"
  },
  {
    "Brand_Product_Size": "Nivea Deep Face & Beard Wash + Black Carbon 100mL",
    "WOW Price": 5.4,
    "WOW Size": "100mL",
    "WOW ppu": "$5.40 / 100ML"
  },
  {
    "Brand_Product_Size": "Saxa Pepper Grinder Four Seasons 35g",
    "WOW Price": 5,
    "WOW Size": "35g",
    "WOW ppu": "$1.43 / 10G"
  },
  {
    "Brand_Product_Size": "Maybelline Fit Me Matte & Poreless Foundation- Pure Beige 235 30mL",
    "WOW Price": 11,
    "WOW Size": "30mL",
    "WOW ppu": "$3.67 / 10ML"
  },
  {
    "Brand_Product_Size": "Woolworths Fresh Parsley bunch",
    "WOW Price": 3,
    "WOW Size": "bunch",
    "WOW ppu": "$3.00 / 1EA"
  },
  {
    "Brand_Product_Size": "Woolworths Fresh Parsley bunch",
    "WOW Price": 3,
    "WOW Size": "bunch",
    "WOW ppu": "$3.00 / 1EA"
  },
  {
    "Brand_Product_Size": "Mint Cocktail Skewer 50 pack",
    "WOW Price": 3,
    "WOW Size": "50 pack",
    "WOW ppu": ""
  },
  {
    "Brand_Product_Size": "Mortein Powergard Multi Insect Spray Refill 154g",
    "WOW Price": 16,
    "WOW Size": "154g",
    "WOW ppu": "$10.39 / 100G"
  },
  {
    "Brand_Product_Size": "San Marino Artisan Selection Platter 110g",
    "WOW Price": 7.5,
    "WOW Size": "110g",
    "WOW ppu": "$68.18 / 1KG"
  },
  {
    "Brand_Product_Size": "Schick Intuition Island Berry Blades 6 pack",
    "WOW Price": 20,
    "WOW Size": "6 pack",
    "WOW ppu": "$3.33 / 1EA"
  },
  {
    "Brand_Product_Size": "Mission Corn & Wheat Tortillas 384g",
    "WOW Price": 3.8,
    "WOW Size": "384g",
    "WOW ppu": "$0.99 / 100G"
  },
  {
    "Brand_Product_Size": "Jackson 6 Way Home & Office Powerboard each",
    "WOW Price": 15.4,
    "WOW Size": "each",
    "WOW ppu": ""
  },
  {
    "Brand_Product_Size": "Beechworth Pure Honey 1.5kg",
    "WOW Price": 22,
    "WOW Size": "1.5kg",
    "WOW ppu": "$1.47 / 100G"
  },
  {
    "Brand_Product_Size": "Woolworths Roast Meat Flavoured Instant Gravy 120g",
    "WOW Price": 1.65,
    "WOW Size": "120g",
    "WOW ppu": "$0.14 / 10G"
  },
  {
    "Brand_Product_Size": "Mr Chen's Prawn Pad Thai 350g",
    "WOW Price": 5.5,
    "WOW Size": "350g",
    "WOW ppu": "$1.57 / 100G"
  },
  {
    "Brand_Product_Size": "The Why Meat Co Gluten Free Plant Based Sausage Rolls 40g x8 pack",
    "WOW Price": 7.5,
    "WOW Size": "40g x8 pack",
    "WOW ppu": "$2.34 / 100G"
  },
  {
    "Brand_Product_Size": "Nature's Gift Meatballs Kangaroo Potato & Peas Chilled Dog Food 700g",
    "WOW Price": 4,
    "WOW Size": "700g",
    "WOW ppu": "$0.57 / 100G"
  },
  {
    "Brand_Product_Size": "Mil Lel Shredded Parmesan 170g",
    "WOW Price": 5,
    "WOW Size": "170g",
    "WOW ppu": "$29.41 / 1KG"
  },
  {
    "Brand_Product_Size": "Mil Lel Shredded Parmesan 170g",
    "WOW Price": 5,
    "WOW Size": "170g",
    "WOW ppu": "$29.41 / 1KG"
  },
  {
    "Brand_Product_Size": "Help@hand For Pain Relief Paracetamol 500mg Rapid Release Tablets 20 pack",
    "WOW Price": 3,
    "WOW Size": "20 pack",
    "WOW ppu": "$0.15 / 1EA"
  },
  {
    "Brand_Product_Size": "Saxa Pepper Grinder Black Peppercorn 45g",
    "WOW Price": 5,
    "WOW Size": "45g",
    "WOW ppu": "$1.11 / 10G"
  },
  {
    "Brand_Product_Size": "Jack Hammer Gaffa Tape 48mm X 20m each",
    "WOW Price": 6,
    "WOW Size": "each",
    "WOW ppu": "$6.00 / 1EA"
  },
  {
    "Brand_Product_Size": "Mint Tongs 23cm 2 pack",
    "WOW Price": 2.1,
    "WOW Size": "2 pack",
    "WOW ppu": ""
  },
  {
    "Brand_Product_Size": "Ceres Organics Seaweed Multipack 8 pack",
    "WOW Price": 4.5,
    "WOW Size": "8 pack",
    "WOW ppu": "$28.13 / 100G"
  },
  {
    "Brand_Product_Size": "Armada Kitchen Tidy Bags With Handles Large Roll 30 pack",
    "WOW Price": 2.4,
    "WOW Size": "30 pack",
    "WOW ppu": "$0.08 / 1EA"
  },
  {
    "Brand_Product_Size": "Sea Friend Roasted Seaweed 8 pack",
    "WOW Price": 4,
    "WOW Size": "8 pack",
    "WOW ppu": "$10.00 / 100G"
  },
  {
    "Brand_Product_Size": "Braun 4-in-1 Styling Kit Sk3000 Hair & Beard Trimmer each",
    "WOW Price": 50,
    "WOW Size": "each",
    "WOW ppu": "$50.00 / 1EA"
  },
  {
    "Brand_Product_Size": "Clio Invisible Band Knee High Black One Size each",
    "WOW Price": 5,
    "WOW Size": "each",
    "WOW ppu": ""
  },
  {
    "Brand_Product_Size": "Balnea Premium Body Wash Lily, Bergamot & Mandarin 500mL",
    "WOW Price": 6,
    "WOW Size": "500mL",
    "WOW ppu": "$1.20 / 100ML"
  },
  {
    "Brand_Product_Size": "Capilano Honey Pail 1kg",
    "WOW Price": 15,
    "WOW Size": "1kg",
    "WOW ppu": "$1.50 / 100G"
  },
  {
    "Brand_Product_Size": "Korbond Happy Birthday Balloon 15g",
    "WOW Price": 2,
    "WOW Size": "15g",
    "WOW ppu": "$2.00 / 1EA"
  },
  {
    "Brand_Product_Size": "Nestle Coffee Mate Coffee Flavouring Whitener 400g",
    "WOW Price": 4,
    "WOW Size": "400g",
    "WOW ppu": "$1.00 / 100G"
  },
  {
    "Brand_Product_Size": "Nestle Coffee Mate Coffee Flavouring Whitener 400g",
    "WOW Price": 4,
    "WOW Size": "400g",
    "WOW ppu": "$1.00 / 100G"
  },
  {
    "Brand_Product_Size": "Macro Grass Fed Beef & Veggie Bolognese 400g",
    "WOW Price": 8,
    "WOW Size": "400g",
    "WOW ppu": "$2.00 / 100G"
  },
  {
    "Brand_Product_Size": "Woolworths Plantitude Frozen Dessert Cookies & Cream 1L",
    "WOW Price": 8,
    "WOW Size": "1L",
    "WOW ppu": "$0.80 / 100ML"
  },
  {
    "Brand_Product_Size": "Rokeby Farms Probiotic Filmjolk Yoghurt Natural 750g",
    "WOW Price": 3.5,
    "WOW Size": "750g",
    "WOW ppu": "$0.47 / 100G"
  },
  {
    "Brand_Product_Size": "Yoplait Mango Yoghurt 1kg",
    "WOW Price": 4,
    "WOW Size": "1kg",
    "WOW ppu": "$0.40 / 100G"
  },
  {
    "Brand_Product_Size": "Bonds Ladies Boyleg Black Size 12 3 pack",
    "WOW Price": 15,
    "WOW Size": "3 pack",
    "WOW ppu": "$5.00 / 1EA"
  },
  {
    "Brand_Product_Size": "Radiant Advanced+ Hygienic Wash 6-in-1 Laundry Liquid 1.8L",
    "WOW Price": 9.75,
    "WOW Size": "1.8L",
    "WOW ppu": "$5.42 / 1L"
  },
  {
    "Brand_Product_Size": "Dare No Added Sugar Double Espresso 750mL",
    "WOW Price": 3.2,
    "WOW Size": "750mL",
    "WOW ppu": "$4.27 / 1L"
  },
  {
    "Brand_Product_Size": "Nestle Coffee Mate Coffee Flavouring Hazelnut 10 pack",
    "WOW Price": 4,
    "WOW Size": "10 pack",
    "WOW ppu": "$2.67 / 100ML"
  },
  {
    "Brand_Product_Size": "Nestle Coffee Mate Coffee Flavouring Hazelnut 10 pack",
    "WOW Price": 4,
    "WOW Size": "10 pack",
    "WOW ppu": "$2.67 / 100ML"
  },
  {
    "Brand_Product_Size": "Yumi's Avocado With Sea Salt Dip 65g x3 pack",
    "WOW Price": 4,
    "WOW Size": "65g x3 pack",
    "WOW ppu": "$2.05 / 100G"
  },
  {
    "Brand_Product_Size": "Gourmet Chef Thai Green Curry Sauce 450g",
    "WOW Price": 5,
    "WOW Size": "450g",
    "WOW ppu": "$11.11 / 1KG"
  },
  {
    "Brand_Product_Size": "Only Organic Ancient Grains Risotto 170g",
    "WOW Price": 2,
    "WOW Size": "170g",
    "WOW ppu": "$1.18 / 100G"
  },
  {
    "Brand_Product_Size": "Oscar Orsen Medium Bun Donut each",
    "WOW Price": 4.5,
    "WOW Size": "each",
    "WOW ppu": ""
  },
  {
    "Brand_Product_Size": "Swisse Ultiboost Magensium Calcium & D3 Tablets 120 pack",
    "WOW Price": 25,
    "WOW Size": "120 pack",
    "WOW ppu": "$20.83 / 100EA"
  },
  {
    "Brand_Product_Size": "Jols Sugar Free Pastilles Three Fruits 23g",
    "WOW Price": 2,
    "WOW Size": "23g",
    "WOW ppu": "$8.70 / 100G"
  },
  {
    "Brand_Product_Size": "Pampas Puff Pastry Sheets 3 Sheets 500g",
    "WOW Price": 5.35,
    "WOW Size": "500g",
    "WOW ppu": "$0.97 / 100G"
  },
  {
    "Brand_Product_Size": "Dine Creamy Treats Prawn & Tuna 4 pack",
    "WOW Price": 2.1,
    "WOW Size": "4 pack",
    "WOW ppu": "$4.38 / 100G"
  },
  {
    "Brand_Product_Size": "Disney Frozen Mini Snacks Sultanas 12 pack",
    "WOW Price": 2.95,
    "WOW Size": "12 pack",
    "WOW ppu": "$17.56 / 1KG"
  },
  {
    "Brand_Product_Size": "Hikari Japanese Miso Soup Instant Wakame 216g",
    "WOW Price": 3.85,
    "WOW Size": "216g",
    "WOW ppu": "$1.78 / 100G"
  },
  {
    "Brand_Product_Size": "Loving Earth Hazelnut Chocolate Chocolate 80g",
    "WOW Price": 6.9,
    "WOW Size": "80g",
    "WOW ppu": "$8.63 / 100G"
  },
  {
    "Brand_Product_Size": "Ocean Chef Squid Salt & Pepper 360g",
    "WOW Price": 6,
    "WOW Size": "360g",
    "WOW ppu": "$16.67 / 1KG"
  },
  {
    "Brand_Product_Size": "Ocean Chef Squid Salt & Pepper 360g",
    "WOW Price": 6,
    "WOW Size": "360g",
    "WOW ppu": "$16.67 / 1KG"
  },
  {
    "Brand_Product_Size": "Nature's Gift Casserole Beef, Vegetables & Barley 700g",
    "WOW Price": 2,
    "WOW Size": "700g",
    "WOW ppu": "$0.29 / 100G"
  },
  {
    "Brand_Product_Size": "Underworks Mens All Day Cushion Foot Socks Black Size 11 - 13 2 pack",
    "WOW Price": 15,
    "WOW Size": "2 pack",
    "WOW ppu": "$7.50 / 1EA"
  },
  {
    "Brand_Product_Size": "Inside Out Milkish Oat Uht Milk 1L",
    "WOW Price": 5,
    "WOW Size": "1L",
    "WOW ppu": "$5.00 / 1L"
  },
  {
    "Brand_Product_Size": "Inside Out Milkish Oat Uht Milk 1L",
    "WOW Price": 5,
    "WOW Size": "1L",
    "WOW ppu": "$5.00 / 1L"
  },
  {
    "Brand_Product_Size": "Argan Oil Vented Round Brush each",
    "WOW Price": 14,
    "WOW Size": "each",
    "WOW ppu": ""
  },
  {
    "Brand_Product_Size": "Siggi's 4% Milkfat Yoghurt Vanilla 500g",
    "WOW Price": 4,
    "WOW Size": "500g",
    "WOW ppu": "$0.80 / 100G"
  },
  {
    "Brand_Product_Size": "Woolworths Free From Gluten Cereal Cornflakes 375g",
    "WOW Price": 3,
    "WOW Size": "375g",
    "WOW ppu": "$0.80 / 100G"
  },
  {
    "Brand_Product_Size": "Gillette Fusion Proglide Power Shaving Razor & Battery each",
    "WOW Price": 20,
    "WOW Size": "each",
    "WOW ppu": ""
  },
  {
    "Brand_Product_Size": "Dove Beauty Bar Sensitive 6x100g",
    "WOW Price": 8,
    "WOW Size": "6x100g",
    "WOW ppu": "$1.33 / 100G"
  },
  {
    "Brand_Product_Size": "Korbond Horizontal Lint Roller each",
    "WOW Price": 7,
    "WOW Size": "each",
    "WOW ppu": ""
  },
  {
    "Brand_Product_Size": "Sunrice Rice Cakes Thin Sundried Tomato & Basil 195g",
    "WOW Price": 2.7,
    "WOW Size": "195g",
    "WOW ppu": "$1.38 / 100G"
  },
  {
    "Brand_Product_Size": "Sunrice Rice Cakes Thin Sundried Tomato & Basil 195g",
    "WOW Price": 2.7,
    "WOW Size": "195g",
    "WOW ppu": "$1.38 / 100G"
  },
  {
    "Brand_Product_Size": "Macro Chicken Breast Fillets Free Range 570g - 1.1kg",
    "WOW Price": 15.4,
    "WOW Size": "570g - 1.1kg",
    "WOW ppu": "$14.00 / 1KG"
  },
  {
    "Brand_Product_Size": "Nestle Sustagen Dutch Chocolate Ready To Drink 3x250mL",
    "WOW Price": 5.9,
    "WOW Size": "3x250mL",
    "WOW ppu": "$7.87 / 1L"
  },
  {
    "Brand_Product_Size": "Nestle Sustagen Dutch Chocolate Ready To Drink 3x250mL",
    "WOW Price": 5.9,
    "WOW Size": "3x250mL",
    "WOW ppu": "$7.87 / 1L"
  },
  {
    "Brand_Product_Size": "San Remo Gluten Free Spirals 350g",
    "WOW Price": 4.2,
    "WOW Size": "350g",
    "WOW ppu": "$1.20 / 100G"
  },
  {
    "Brand_Product_Size": "Sistema Storage With Lid 60l each",
    "WOW Price": 25,
    "WOW Size": "each",
    "WOW ppu": ""
  },
  {
    "Brand_Product_Size": "Garnier Fructis Hair Food Hydrating Aloe Vera 390mL",
    "WOW Price": 7.2,
    "WOW Size": "390mL",
    "WOW ppu": "$1.85 / 100ML"
  },
  {
    "Brand_Product_Size": "Easy-off Bam Soap Scum & Shine Trigger 500mL",
    "WOW Price": 5,
    "WOW Size": "500mL",
    "WOW ppu": "$1.00 / 100ML"
  },
  {
    "Brand_Product_Size": "Pedigree Dentastix Medium Dental Dog Treat 28 pack",
    "WOW Price": 8.75,
    "WOW Size": "28 pack",
    "WOW ppu": "$0.31 / 1EA"
  },
  {
    "Brand_Product_Size": "Harpic Blue Toilet Cleaner Block In Cistern 2 pack",
    "WOW Price": 3.7,
    "WOW Size": "2 pack",
    "WOW ppu": "$3.25 / 100G"
  },
  {
    "Brand_Product_Size": "Woolworths Unsalted Cashews 200g",
    "WOW Price": 5.5,
    "WOW Size": "200g",
    "WOW ppu": "$27.50 / 1KG"
  },
  {
    "Brand_Product_Size": "Korbond Whiz Pop Bang Straight Gold Sparkler 20cm 16 pack",
    "WOW Price": 3,
    "WOW Size": "16 pack",
    "WOW ppu": "$0.19 / 1EA"
  },
  {
    "Brand_Product_Size": "Berri Pop Tops Orange Juice 250mL",
    "WOW Price": 1.3,
    "WOW Size": "250mL",
    "WOW ppu": "$5.20 / 1L"
  },
  {
    "Brand_Product_Size": "Berri Pop Tops Orange Juice 250mL",
    "WOW Price": 1.3,
    "WOW Size": "250mL",
    "WOW ppu": "$5.20 / 1L"
  },
  {
    "Brand_Product_Size": "Yates Pyrethrum Insect Control Spray Bottle & Refill 2x750mL",
    "WOW Price": 15,
    "WOW Size": "2x750mL",
    "WOW ppu": "$1.00 / 100ML"
  },
  {
    "Brand_Product_Size": "Armor All Car Care Protectant 500mL",
    "WOW Price": 17,
    "WOW Size": "500mL",
    "WOW ppu": "$3.40 / 100ML"
  },
  {
    "Brand_Product_Size": "Danone Yopro Banana Yoghurt 160g",
    "WOW Price": 2.4,
    "WOW Size": "160g",
    "WOW ppu": "$1.50 / 100G"
  },
  {
    "Brand_Product_Size": "South Cape Smoked Applebox Club Cheddar Vintage Cheese 140g",
    "WOW Price": 5,
    "WOW Size": "140g",
    "WOW ppu": "$35.71 / 1KG"
  },
  {
    "Brand_Product_Size": "South Cape Smoked Applebox Club Cheddar Vintage Cheese 140g",
    "WOW Price": 5,
    "WOW Size": "140g",
    "WOW ppu": "$35.71 / 1KG"
  },
  {
    "Brand_Product_Size": "Clairol Nice N Easy 9a Natural Light Ash Blonde each",
    "WOW Price": 9,
    "WOW Size": "each",
    "WOW ppu": ""
  },
  {
    "Brand_Product_Size": "Sheer Relief Pantyhose Control Support M/ Beige Tall each",
    "WOW Price": 9,
    "WOW Size": "each",
    "WOW ppu": ""
  },
  {
    "Brand_Product_Size": "Essentials Utensil Plastic Peeler 4 pack",
    "WOW Price": 2,
    "WOW Size": "4 pack",
    "WOW ppu": ""
  },
  {
    "Brand_Product_Size": "Inspire Bobble Bath Mat 48x78cm each",
    "WOW Price": 16,
    "WOW Size": "each",
    "WOW ppu": ""
  },
  {
    "Brand_Product_Size": "Canon Printer Ink Pgi-650xl Black each",
    "WOW Price": 29.2,
    "WOW Size": "each",
    "WOW ppu": ""
  },
  {
    "Brand_Product_Size": "Dove Men Antiperspirant Aerosol Deodorant Invisible Dry 50mL",
    "WOW Price": 3.9,
    "WOW Size": "50mL",
    "WOW ppu": "$7.80 / 100ML"
  },
  {
    "Brand_Product_Size": "International Roast Instant Coffee 500g",
    "WOW Price": 11,
    "WOW Size": "500g",
    "WOW ppu": "$2.20 / 100G"
  },
  {
    "Brand_Product_Size": "International Roast Instant Coffee 500g",
    "WOW Price": 11,
    "WOW Size": "500g",
    "WOW ppu": "$2.20 / 100G"
  },
  {
    "Brand_Product_Size": "L'oreal Excellence Creme Hair Colour 6.3 Light Golden Brown each",
    "WOW Price": 16,
    "WOW Size": "each",
    "WOW ppu": ""
  },
  {
    "Brand_Product_Size": "Four'n Twenty Sausage Roll Jumbo 6 pack",
    "WOW Price": 7,
    "WOW Size": "6 pack",
    "WOW ppu": "$1.00 / 100G"
  },
  {
    "Brand_Product_Size": "Perfect Italiano Pizza Plus Cheese 450g",
    "WOW Price": 7.65,
    "WOW Size": "450g",
    "WOW ppu": "$17.00 / 1KG"
  },
  {
    "Brand_Product_Size": "Coon Cheese Slices Extra Tasty 250g",
    "WOW Price": 6,
    "WOW Size": "250g",
    "WOW ppu": "$24.00 / 1KG"
  },
  {
    "Brand_Product_Size": "Sistema Stainless Steel Bottle Double Walled 500mL",
    "WOW Price": 20,
    "WOW Size": "500mL",
    "WOW ppu": ""
  },
  {
    "Brand_Product_Size": "Multix Compostable Small 22 pack",
    "WOW Price": 4,
    "WOW Size": "22 pack",
    "WOW ppu": "$0.18 / 1EA"
  },
  {
    "Brand_Product_Size": "Wokka Noodles Singapore Style Shelf Fresh 440g",
    "WOW Price": 2.7,
    "WOW Size": "440g",
    "WOW ppu": "$0.61 / 100G"
  },
  {
    "Brand_Product_Size": "Arnott's Favourites Bbq Shapes Scotch Finger & Tiny Teddy Choc 15 pack",
    "WOW Price": 5,
    "WOW Size": "15 pack",
    "WOW ppu": "$1.33 / 100G"
  },
  {
    "Brand_Product_Size": "Arnott's Favourites Bbq Shapes Scotch Finger & Tiny Teddy Choc 15 pack",
    "WOW Price": 5,
    "WOW Size": "15 pack",
    "WOW ppu": "$1.33 / 100G"
  },
  {
    "Brand_Product_Size": "Rafferty's Garden Food 4 Months+ Apple, Banana & Peach 120g",
    "WOW Price": 1.65,
    "WOW Size": "120g",
    "WOW ppu": "$1.38 / 100G"
  },
  {
    "Brand_Product_Size": "Nissin Noodles Instant Tonkotsu 100g",
    "WOW Price": 1.2,
    "WOW Size": "100g",
    "WOW ppu": "$1.20 / 100G"
  },
  {
    "Brand_Product_Size": "Waterfords Lite & Fruity Blackcurrant 1L",
    "WOW Price": 1.95,
    "WOW Size": "1L",
    "WOW ppu": "$1.95 / 1L"
  },
  {
    "Brand_Product_Size": "Clif Bar Energy Bar Chocolate Chip 68g",
    "WOW Price": 3,
    "WOW Size": "68g",
    "WOW ppu": "$4.41 / 100G"
  },
  {
    "Brand_Product_Size": "Vileda Mop Super Soft Yellow Refill each",
    "WOW Price": 10,
    "WOW Size": "each",
    "WOW ppu": ""
  },
  {
    "Brand_Product_Size": "Woolworths Snow Peas Fresh 250g bag",
    "WOW Price": 5.9,
    "WOW Size": "250g bag",
    "WOW ppu": "$23.60 / 1KG"
  },
  {
    "Brand_Product_Size": "Palmolive Kids 3 In 1 Bodywash Shampoo & Conditioner Happy Apple 350mL",
    "WOW Price": 3,
    "WOW Size": "350mL",
    "WOW ppu": "$0.86 / 100ML"
  },
  {
    "Brand_Product_Size": "Woolworths Double Choc Chip Muffin 4 pack",
    "WOW Price": 3.5,
    "WOW Size": "4 pack",
    "WOW ppu": "$0.83 / 100G"
  },
  {
    "Brand_Product_Size": "Woolworths Double Choc Chip Muffin 4 pack",
    "WOW Price": 3.5,
    "WOW Size": "4 pack",
    "WOW ppu": "$0.83 / 100G"
  },
  {
    "Brand_Product_Size": "Woolworths Double Choc Chip Muffin 4 pack",
    "WOW Price": 3.5,
    "WOW Size": "4 pack",
    "WOW ppu": "$0.83 / 100G"
  },
  {
    "Brand_Product_Size": "Gullon Cookies Sugar Free Choc Chip 125g",
    "WOW Price": 3,
    "WOW Size": "125g",
    "WOW ppu": "$2.40 / 100G"
  },
  {
    "Brand_Product_Size": "Camelbak The Eddy Kids Drink Bottle 400mL each",
    "WOW Price": 23,
    "WOW Size": "400mL each",
    "WOW ppu": ""
  },
  {
    "Brand_Product_Size": "Camelbak The Eddy Kids Drink Bottle 400mL each",
    "WOW Price": 23,
    "WOW Size": "400mL each",
    "WOW ppu": ""
  },
  {
    "Brand_Product_Size": "President Butter Salted 200g",
    "WOW Price": 4,
    "WOW Size": "200g",
    "WOW ppu": "$2.00 / 100G"
  },
  {
    "Brand_Product_Size": "Tassal Salmon Lemon Pepper 95g",
    "WOW Price": 2,
    "WOW Size": "95g",
    "WOW ppu": "$21.05 / 1KG"
  },
  {
    "Brand_Product_Size": "Mint Soft Grip Meat Tenderiser each",
    "WOW Price": 8,
    "WOW Size": "each",
    "WOW ppu": ""
  },
  {
    "Brand_Product_Size": "Woolworths Kiwifruit Green Kids 5 pack",
    "WOW Price": 2.5,
    "WOW Size": "5 pack",
    "WOW ppu": "$0.50 / 1EA"
  },
  {
    "Brand_Product_Size": "Woolworths Kiwifruit Green Kids 5 pack",
    "WOW Price": 2.5,
    "WOW Size": "5 pack",
    "WOW ppu": "$0.50 / 1EA"
  },
  {
    "Brand_Product_Size": "Queen Natural Vanilla Extract 150mL",
    "WOW Price": 10,
    "WOW Size": "150mL",
    "WOW ppu": "$6.67 / 100ML"
  },
  {
    "Brand_Product_Size": "Sunrice Microwave Brown Rice & Quinoa 450g",
    "WOW Price": 3.5,
    "WOW Size": "450g",
    "WOW ppu": "$0.78 / 100G"
  },
  {
    "Brand_Product_Size": "Sandhurst Kalamata Olives Pitted 300g",
    "WOW Price": 3.9,
    "WOW Size": "300g",
    "WOW ppu": "$13.00 / 1KG"
  },
  {
    "Brand_Product_Size": "Nudie Watermelon, Lychee, Pear & Lime 2L",
    "WOW Price": 6.5,
    "WOW Size": "2L",
    "WOW ppu": "$3.25 / 1L"
  },
  {
    "Brand_Product_Size": "Three Threes Mightymite Spread 290g",
    "WOW Price": 3.5,
    "WOW Size": "290g",
    "WOW ppu": "$1.21 / 100G"
  },
  {
    "Brand_Product_Size": "Crave Wet Dog Food Turkey & Lamb 100g",
    "WOW Price": 1.9,
    "WOW Size": "100g",
    "WOW ppu": "$1.90 / 100G"
  },
  {
    "Brand_Product_Size": "Dove Dermacare Scalp Anti-dundruff Shampoo Dry Scalp Relief 300mL",
    "WOW Price": 5.5,
    "WOW Size": "300mL",
    "WOW ppu": "$1.83 / 100ML"
  },
  {
    "Brand_Product_Size": "Woolworths Walnuts 150g 150g",
    "WOW Price": 6,
    "WOW Size": "150g",
    "WOW ppu": "$40.00 / 1KG"
  },
  {
    "Brand_Product_Size": "Essentials Paper Plates Uncoated 80 pack",
    "WOW Price": 5,
    "WOW Size": "80 pack",
    "WOW ppu": "$0.06 / 1EA"
  },
  {
    "Brand_Product_Size": "Woolworths Roasted & Salted Macadamias 120g",
    "WOW Price": 6,
    "WOW Size": "120g",
    "WOW ppu": "$50.00 / 1KG"
  },
  {
    "Brand_Product_Size": "Colgate Cavity Protection Toothpaste Blue Minty Gel 160g",
    "WOW Price": 2.99,
    "WOW Size": "160g",
    "WOW ppu": "$1.87 / 100G"
  },
  {
    "Brand_Product_Size": "Mint Utility + Chef + Bread Knife Set 3 pack",
    "WOW Price": 11.2,
    "WOW Size": "3 pack",
    "WOW ppu": ""
  },
  {
    "Brand_Product_Size": "Earth Choice Top & Front Loader Liquid 2L",
    "WOW Price": 9,
    "WOW Size": "2L",
    "WOW ppu": "$4.50 / 1L"
  },
  {
    "Brand_Product_Size": "Tommee Tippee Decorated Cherry Latex Soothers 0 To 6 Months 2 pack",
    "WOW Price": 5,
    "WOW Size": "2 pack",
    "WOW ppu": "$5.00 / 1EA"
  },
  {
    "Brand_Product_Size": "Birds Eye Salmon Provencale Lemon Pepper 260g",
    "WOW Price": 12.5,
    "WOW Size": "260g",
    "WOW ppu": "$48.08 / 1KG"
  },
  {
    "Brand_Product_Size": "Select Spray Mop each",
    "WOW Price": 18.5,
    "WOW Size": "each",
    "WOW ppu": "$18.50 / 1EA"
  },
  {
    "Brand_Product_Size": "Bega Simply Nuts Smooth 325g",
    "WOW Price": 5,
    "WOW Size": "325g",
    "WOW ppu": "$1.54 / 100G"
  },
  {
    "Brand_Product_Size": "Maggie Beer Quince Paste 100g",
    "WOW Price": 6,
    "WOW Size": "100g",
    "WOW ppu": "$60.00 / 1KG"
  },
  {
    "Brand_Product_Size": "Jacob's Creek Prosecco Spritz 750mL",
    "WOW Price": 17,
    "WOW Size": "750mL",
    "WOW ppu": ""
  },
  {
    "Brand_Product_Size": "Nature's Way Restore Probiotic Daily Health & Prebiotic 90 pack",
    "WOW Price": 23.75,
    "WOW Size": "90 pack",
    "WOW ppu": "$26.39 / 100EA"
  },
  {
    "Brand_Product_Size": "Marbig Clear Plastic Ruler 30cm each",
    "WOW Price": 2,
    "WOW Size": "each",
    "WOW ppu": ""
  },
  {
    "Brand_Product_Size": "Chobani Flip Limited Batch Greek Yoghurt 140g",
    "WOW Price": 3,
    "WOW Size": "140g",
    "WOW ppu": "$2.14 / 100G"
  },
  {
    "Brand_Product_Size": "Ingham's Frozen Chicken Breast Tenders Salt & Vinegar 400g",
    "WOW Price": 4.5,
    "WOW Size": "400g",
    "WOW ppu": "$11.25 / 1KG"
  },
  {
    "Brand_Product_Size": "Woolworths Free From Gluten Apple & Cinnamon Muesli 350g",
    "WOW Price": 5.5,
    "WOW Size": "350g",
    "WOW ppu": "$1.57 / 100G"
  },
  {
    "Brand_Product_Size": "Wiltshire Avocado Saver each",
    "WOW Price": 5,
    "WOW Size": "each",
    "WOW ppu": ""
  },
  {
    "Brand_Product_Size": "Sam's Pantry Indulgent Honeycomb Nut Butter Bar 5 pack",
    "WOW Price": 3.5,
    "WOW Size": "5 pack",
    "WOW ppu": "$2.06 / 100G"
  },
  {
    "Brand_Product_Size": "Sam's Pantry Indulgent Honeycomb Nut Butter Bar 5 pack",
    "WOW Price": 3.5,
    "WOW Size": "5 pack",
    "WOW ppu": "$2.06 / 100G"
  },
  {
    "Brand_Product_Size": "Bonds Baby Vest Size 000 To 2 3 pack",
    "WOW Price": 9.6,
    "WOW Size": "3 pack",
    "WOW ppu": ""
  },
  {
    "Brand_Product_Size": "Herron Gold Paracetamol Tabsules 20 pack",
    "WOW Price": 3.6,
    "WOW Size": "20 pack",
    "WOW ppu": "$0.18 / 1EA"
  },
  {
    "Brand_Product_Size": "Nicorette Invisipatch 25mg 7 pack",
    "WOW Price": 30,
    "WOW Size": "7 pack",
    "WOW ppu": "$4.29 / 1EA"
  },
  {
    "Brand_Product_Size": "Jordans Crispy Oat Clusters Wild About Berries 500g",
    "WOW Price": 7,
    "WOW Size": "500g",
    "WOW ppu": "$1.40 / 100G"
  },
  {
    "Brand_Product_Size": "Sunrice Brown Rice Chips Wild Rice 150g",
    "WOW Price": 5,
    "WOW Size": "150g",
    "WOW ppu": "$3.33 / 100G"
  },
  {
    "Brand_Product_Size": "Claratyne Hayfever Allergy Relief Antihistamine Tablets 5 pack",
    "WOW Price": 7,
    "WOW Size": "5 pack",
    "WOW ppu": "$1.40 / 1EA"
  },
  {
    "Brand_Product_Size": "I&j Fish Fillets Original Crumb 550g",
    "WOW Price": 7.5,
    "WOW Size": "550g",
    "WOW ppu": "$13.64 / 1KG"
  },
  {
    "Brand_Product_Size": "Harvest Rice Bran Oil 1L",
    "WOW Price": 5,
    "WOW Size": "1L",
    "WOW ppu": "$0.50 / 100ML"
  },
  {
    "Brand_Product_Size": "Sistema Lunch Stack To Go Rectangle 1.8l each",
    "WOW Price": 10,
    "WOW Size": "each",
    "WOW ppu": ""
  },
  {
    "Brand_Product_Size": "Woolworths Mild American Mustard 250g",
    "WOW Price": 2,
    "WOW Size": "250g",
    "WOW ppu": "$0.80 / 100G"
  },
  {
    "Brand_Product_Size": "Queen Celebrating 120 Years Pure Vanilla Extract 100mL",
    "WOW Price": 15,
    "WOW Size": "100mL",
    "WOW ppu": "$15.00 / 100ML"
  },
  {
    "Brand_Product_Size": "Korbond Party Candles Polka Dot 12 pack",
    "WOW Price": 2,
    "WOW Size": "12 pack",
    "WOW ppu": "$0.17 / 1EA"
  },
  {
    "Brand_Product_Size": "Maggi Mince Chow Mein Recipe Base 32g",
    "WOW Price": 1.75,
    "WOW Size": "32g",
    "WOW ppu": "$5.47 / 100G"
  },
  {
    "Brand_Product_Size": "Cover Girl Easy Breezy Brow Pencil 515 Honey Brown each",
    "WOW Price": 7,
    "WOW Size": "each",
    "WOW ppu": "$70.00 / 10G"
  },
  {
    "Brand_Product_Size": "Biopak Biocane Dinner Plates 10 pack",
    "WOW Price": 2.5,
    "WOW Size": "10 pack",
    "WOW ppu": "$0.25 / 1EA"
  },
  {
    "Brand_Product_Size": "Sukin Botanical Body Wash Ylang Ylang & Cedar 500mL",
    "WOW Price": 8,
    "WOW Size": "500mL",
    "WOW ppu": "$1.60 / 100ML"
  },
  {
    "Brand_Product_Size": "Ovaltine Chocolate Lasting Energy 415g",
    "WOW Price": 5,
    "WOW Size": "415g",
    "WOW ppu": "$1.20 / 100G"
  },
  {
    "Brand_Product_Size": "Glade Sense & Spray Clean Linen Refill 12g",
    "WOW Price": 5.9,
    "WOW Size": "12g",
    "WOW ppu": "$4.84 / 10G"
  },
  {
    "Brand_Product_Size": "Swisse Ultiboost Liver Detox Tabs 60 pack",
    "WOW Price": 21,
    "WOW Size": "60 pack",
    "WOW ppu": "$35.00 / 100EA"
  },
  {
    "Brand_Product_Size": "Moccona Freeze Dried Instant Coffee Classic Medium Roast 100g",
    "WOW Price": 6,
    "WOW Size": "100g",
    "WOW ppu": "$6.00 / 100G"
  },
  {
    "Brand_Product_Size": "Moccona Freeze Dried Instant Coffee Classic Medium Roast 100g",
    "WOW Price": 6,
    "WOW Size": "100g",
    "WOW ppu": "$6.00 / 100G"
  },
  {
    "Brand_Product_Size": "Greenseas Tuna Sweet Chilli 95g",
    "WOW Price": 1.7,
    "WOW Size": "95g",
    "WOW ppu": "$17.89 / 1KG"
  },
  {
    "Brand_Product_Size": "Kerrygold Butter Pat Salted 250g",
    "WOW Price": 6,
    "WOW Size": "250g",
    "WOW ppu": "$2.40 / 100G"
  },
  {
    "Brand_Product_Size": "Mud Pressed Powder 001 Ivory 5g",
    "WOW Price": 4.5,
    "WOW Size": "5g",
    "WOW ppu": "$9.00 / 10G"
  },
  {
    "Brand_Product_Size": "Old El Paso Mild Taco Sauce 200g",
    "WOW Price": 3.2,
    "WOW Size": "200g",
    "WOW ppu": "$1.60 / 100G"
  },
  {
    "Brand_Product_Size": "Lean Cuisine Spaghetti Bolognese 280g",
    "WOW Price": 4.5,
    "WOW Size": "280g",
    "WOW ppu": "$1.61 / 100G"
  },
  {
    "Brand_Product_Size": "Maybelline Fit Me Natural Coverage Concealer - Sand 6.8mL",
    "WOW Price": 8,
    "WOW Size": "6.8mL",
    "WOW ppu": "$11.76 / 10ML"
  },
  {
    "Brand_Product_Size": "Staedtler Noris Club Geometry Set 8 pack",
    "WOW Price": 10,
    "WOW Size": "8 pack",
    "WOW ppu": ""
  },
  {
    "Brand_Product_Size": "Mitchum Clinical Gel Men Cool Fresh 57g",
    "WOW Price": 10,
    "WOW Size": "57g",
    "WOW ppu": "$17.54 / 100G"
  },
  {
    "Brand_Product_Size": "Woolworths Lemon Juice 250mL",
    "WOW Price": 1,
    "WOW Size": "250mL",
    "WOW ppu": "$0.40 / 100ML"
  },
  {
    "Brand_Product_Size": "Fluffy Divine Blends Ultra Fabric Softener Lotus & Sea Minerals 900mL",
    "WOW Price": 7,
    "WOW Size": "900mL",
    "WOW ppu": "$7.78 / 1L"
  },
  {
    "Brand_Product_Size": "Woolworths Stonebaked Turkish Pide Loaf 400g",
    "WOW Price": 2.5,
    "WOW Size": "400g",
    "WOW ppu": "$0.63 / 100G"
  },
  {
    "Brand_Product_Size": "Revlon Colorstay Lipliner Mauve Lipliner Mauve 0.28g",
    "WOW Price": 11.5,
    "WOW Size": "0.28g",
    "WOW ppu": ""
  },
  {
    "Brand_Product_Size": "Thomas Dux Spanish Manchego Cheese 150g",
    "WOW Price": 5,
    "WOW Size": "150g",
    "WOW ppu": "$33.33 / 1KG"
  },
  {
    "Brand_Product_Size": "Thomas Dux Spanish Manchego Cheese 150g",
    "WOW Price": 5,
    "WOW Size": "150g",
    "WOW ppu": "$33.33 / 1KG"
  },
  {
    "Brand_Product_Size": "Multix Easy Tear Off Freezer Bags Large 40 pack",
    "WOW Price": 2.4,
    "WOW Size": "40 pack",
    "WOW ppu": "$0.06 / 1EA"
  },
  {
    "Brand_Product_Size": "Crave Wet Dog Food Beef Pate 100g",
    "WOW Price": 1.9,
    "WOW Size": "100g",
    "WOW ppu": "$1.90 / 100G"
  },
  {
    "Brand_Product_Size": "Coca-cola No Sugar Soft Drink Multipack Cans 375mL x24 pack",
    "WOW Price": 31.8,
    "WOW Size": "375mL x24 pack",
    "WOW ppu": "$3.53 / 1L"
  },
  {
    "Brand_Product_Size": "Yarra Valley Persian Fetta Classic 350g",
    "WOW Price": 10.4,
    "WOW Size": "350g",
    "WOW ppu": "$29.71 / 1KG"
  },
  {
    "Brand_Product_Size": "Yarra Valley Persian Fetta Classic 350g",
    "WOW Price": 10.4,
    "WOW Size": "350g",
    "WOW ppu": "$29.71 / 1KG"
  },
  {
    "Brand_Product_Size": "Codral Relief Mucus Cough & Cold Liquid 200mL",
    "WOW Price": 11.5,
    "WOW Size": "200mL",
    "WOW ppu": "$5.75 / 100ML"
  },
  {
    "Brand_Product_Size": "Lee Kum Kee Sauce Hoi Sin 240g",
    "WOW Price": 3.6,
    "WOW Size": "240g",
    "WOW ppu": "$1.50 / 100G"
  },
  {
    "Brand_Product_Size": "Woolworths Prunes Pitted 500g",
    "WOW Price": 4.9,
    "WOW Size": "500g",
    "WOW ppu": "$9.80 / 1KG"
  },
  {
    "Brand_Product_Size": "Sharwood's Simmer Sauce Tikka Masala 420g",
    "WOW Price": 2,
    "WOW Size": "420g",
    "WOW ppu": "$0.48 / 100G"
  },
  {
    "Brand_Product_Size": "Macro Organic Flour White Spelt 750g",
    "WOW Price": 4.5,
    "WOW Size": "750g",
    "WOW ppu": "$6.00 / 1KG"
  },
  {
    "Brand_Product_Size": "Nescafe Gold Decaffeinated Instant Coffee 100g",
    "WOW Price": 11,
    "WOW Size": "100g",
    "WOW ppu": "$11.00 / 100G"
  },
  {
    "Brand_Product_Size": "Nescafe Gold Decaffeinated Instant Coffee 100g",
    "WOW Price": 11,
    "WOW Size": "100g",
    "WOW ppu": "$11.00 / 100G"
  },
  {
    "Brand_Product_Size": "Earth Choice Floor Surface Cleaner 1L",
    "WOW Price": 3,
    "WOW Size": "1L",
    "WOW ppu": "$0.30 / 100ML"
  },
  {
    "Brand_Product_Size": "Tabasco Chilli Sauce Red Pepper 150mL",
    "WOW Price": 7.5,
    "WOW Size": "150mL",
    "WOW ppu": "$5.00 / 100ML"
  },
  {
    "Brand_Product_Size": "Macro Organic Brazil Nuts 250g",
    "WOW Price": 9.5,
    "WOW Size": "250g",
    "WOW ppu": "$38.00 / 1KG"
  },
  {
    "Brand_Product_Size": "John Frieda Sheer Hightlight Activating Moisturising Shampoo 250mL",
    "WOW Price": 16,
    "WOW Size": "250mL",
    "WOW ppu": "$6.40 / 100ML"
  },
  {
    "Brand_Product_Size": "Pantene Pro-v One Step Nourishing Hair Mask 50mL",
    "WOW Price": 2.5,
    "WOW Size": "50mL",
    "WOW ppu": "$5.00 / 100ML"
  },
  {
    "Brand_Product_Size": "Gippsland Twist Toffee Honeycomb Yoghurt 160g",
    "WOW Price": 2,
    "WOW Size": "160g",
    "WOW ppu": "$1.25 / 100G"
  },
  {
    "Brand_Product_Size": "Three Aussie Farmers Slow Cooked Pulled Bbq Pork 250g",
    "WOW Price": 8.5,
    "WOW Size": "250g",
    "WOW ppu": "$3.40 / 100G"
  },
  {
    "Brand_Product_Size": "Dollar Sweets Vanilla Extract 200mL",
    "WOW Price": 10,
    "WOW Size": "200mL",
    "WOW ppu": "$5.00 / 100ML"
  },
  {
    "Brand_Product_Size": "Moccona Ristretto Strong Coffee Capsules 20 pack",
    "WOW Price": 9,
    "WOW Size": "20 pack",
    "WOW ppu": "$0.45 / 1EA"
  },
  {
    "Brand_Product_Size": "Moccona Ristretto Strong Coffee Capsules 20 pack",
    "WOW Price": 9,
    "WOW Size": "20 pack",
    "WOW ppu": "$0.45 / 1EA"
  },
  {
    "Brand_Product_Size": "Inkjoy 300 Ballpoint Pen Black 4 pack",
    "WOW Price": 3.15,
    "WOW Size": "4 pack",
    "WOW ppu": ""
  },
  {
    "Brand_Product_Size": "Pauls Kids Yoghurt Pouch Strawberry Pink 70g",
    "WOW Price": 1.4,
    "WOW Size": "70g",
    "WOW ppu": "$2.00 / 100G"
  },
  {
    "Brand_Product_Size": "Queen Essences Almond Flavour Natural 50mL",
    "WOW Price": 1.1,
    "WOW Size": "50mL",
    "WOW ppu": "$0.22 / 10ML"
  },
  {
    "Brand_Product_Size": "Woolworths Grass Fed Scotch Fillet Steak 270g",
    "WOW Price": 14.5,
    "WOW Size": "270g",
    "WOW ppu": "$53.70 / 1KG"
  },
  {
    "Brand_Product_Size": "Olivado Avocado Cooking Oil 250mL",
    "WOW Price": 9,
    "WOW Size": "250mL",
    "WOW ppu": "$3.60 / 100ML"
  },
  {
    "Brand_Product_Size": "Nature's Gift Meal Time Loaf Chicken Rice& Vegetables Wet Dog Food 700g",
    "WOW Price": 2,
    "WOW Size": "700g",
    "WOW ppu": "$0.29 / 100G"
  },
  {
    "Brand_Product_Size": "Woolworths Vanilla Creme Wafers 125g",
    "WOW Price": 0.57,
    "WOW Size": "125g",
    "WOW ppu": "$0.46 / 100G"
  },
  {
    "Brand_Product_Size": "Green's Cake Mix Traditional Chocolate 440g",
    "WOW Price": 2.75,
    "WOW Size": "440g",
    "WOW ppu": "$0.63 / 100G"
  },
  {
    "Brand_Product_Size": "Libra Extra Goodnights Long & Wide Pads 6 pack",
    "WOW Price": 2.9,
    "WOW Size": "6 pack",
    "WOW ppu": "$0.48 / 1EA"
  },
  {
    "Brand_Product_Size": "Slendier Noodles Style 400g",
    "WOW Price": 3.9,
    "WOW Size": "400g",
    "WOW ppu": "$0.98 / 100G"
  },
  {
    "Brand_Product_Size": "Birds Eye Deli Seasoned Chips Sea Salt & Rosemary 600g",
    "WOW Price": 4,
    "WOW Size": "600g",
    "WOW ppu": "$6.67 / 1KG"
  },
  {
    "Brand_Product_Size": "The Happy Snack Company Roasted Chick Peas Lightly Salted 6x25g",
    "WOW Price": 5.3,
    "WOW Size": "6x25g",
    "WOW ppu": "$3.53 / 100G"
  },
  {
    "Brand_Product_Size": "The Happy Snack Company Roasted Chick Peas Lightly Salted 6x25g",
    "WOW Price": 5.3,
    "WOW Size": "6x25g",
    "WOW ppu": "$3.53 / 100G"
  },
  {
    "Brand_Product_Size": "Dollar Sweets Piping Bag Kit each",
    "WOW Price": 3.5,
    "WOW Size": "each",
    "WOW ppu": "$3.50 / 1EA"
  },
  {
    "Brand_Product_Size": "Papa Giuseppi's Panini Tomato & Cheese 250g 2 pack",
    "WOW Price": 2.5,
    "WOW Size": "250g 2 pack",
    "WOW ppu": "$1.00 / 100G"
  },
  {
    "Brand_Product_Size": "Huon Premium Ocean Trout Portions Skin On 280g",
    "WOW Price": 11,
    "WOW Size": "280g",
    "WOW ppu": "$39.29 / 1KG"
  },
  {
    "Brand_Product_Size": "Bonds Comfy Tops Fleecy Tights Black Tl-xt each",
    "WOW Price": 22,
    "WOW Size": "each",
    "WOW ppu": ""
  },
  {
    "Brand_Product_Size": "Nature's Own Complete Sleep Advanced Tablets 30 pack",
    "WOW Price": 20.5,
    "WOW Size": "30 pack",
    "WOW ppu": "$0.68 / 1EA"
  },
  {
    "Brand_Product_Size": "Brownes Wiggles Vanilla Bean Lactose Free 90g",
    "WOW Price": 1,
    "WOW Size": "90g",
    "WOW ppu": "$1.11 / 100G"
  },
  {
    "Brand_Product_Size": "Grillworx 3 In 1 Long Cleaning Brush each",
    "WOW Price": 4.8,
    "WOW Size": "each",
    "WOW ppu": "$4.80 / 1EA"
  },
  {
    "Brand_Product_Size": "Rafferty's Garden Food 4 Months+ Sweet Potato, Carrot & Apple 120g",
    "WOW Price": 1.65,
    "WOW Size": "120g",
    "WOW ppu": "$1.38 / 100G"
  },
  {
    "Brand_Product_Size": "Picasso Kitchen Pizza Base 260g",
    "WOW Price": 2,
    "WOW Size": "260g",
    "WOW ppu": "$0.77 / 100G"
  },
  {
    "Brand_Product_Size": "Woolworths Pork Loin Chop Medium 290g - 650g",
    "WOW Price": 11.05,
    "WOW Size": "290g - 650g",
    "WOW ppu": "$17.00 / 1KG"
  },
  {
    "Brand_Product_Size": "Hydralyte Powder Sachets Orange 10 sachets",
    "WOW Price": 14,
    "WOW Size": "10 sachets",
    "WOW ppu": "$1.40 / 1EA"
  },
  {
    "Brand_Product_Size": "Taylor's Simmer Sauce Kashmiri Butter Chicken 485g",
    "WOW Price": 3.8,
    "WOW Size": "485g",
    "WOW ppu": "$0.78 / 100G"
  },
  {
    "Brand_Product_Size": "Woolworths Panko Bread Crumbs 220g",
    "WOW Price": 1.75,
    "WOW Size": "220g",
    "WOW ppu": "$0.08 / 10G"
  },
  {
    "Brand_Product_Size": "Simply Wize Gnocchi Pumpkin 500g",
    "WOW Price": 5.5,
    "WOW Size": "500g",
    "WOW ppu": "$1.10 / 100G"
  },
  {
    "Brand_Product_Size": "Woolworths Market Value Bbq Pack 8 Sausages & 4 Burgers 1kg",
    "WOW Price": 10,
    "WOW Size": "1kg",
    "WOW ppu": "$10.00 / 1KG"
  },
  {
    "Brand_Product_Size": "Sanitarium So Good Choc Bliss Frozen Dessert 1L",
    "WOW Price": 6.6,
    "WOW Size": "1L",
    "WOW ppu": "$0.66 / 100ML"
  },
  {
    "Brand_Product_Size": "Essentials Plastic Tumblers Extra Large 20 pack",
    "WOW Price": 2.5,
    "WOW Size": "20 pack",
    "WOW ppu": "$0.13 / 1EA"
  },
  {
    "Brand_Product_Size": "Garlo's Chicken Breast Pie 200g",
    "WOW Price": 4.5,
    "WOW Size": "200g",
    "WOW ppu": "$2.25 / 100G"
  },
  {
    "Brand_Product_Size": "Toni & Guy Shampoo For Damaged Hair 250mL",
    "WOW Price": 16,
    "WOW Size": "250mL",
    "WOW ppu": "$6.40 / 100ML"
  },
  {
    "Brand_Product_Size": "Woolworths Free From Banana Bread 400g",
    "WOW Price": 3.4,
    "WOW Size": "400g",
    "WOW ppu": "$0.85 / 100G"
  },
  {
    "Brand_Product_Size": "Hawaiian Tropic Silk Hydration Face Spf50+ 100mL",
    "WOW Price": 16,
    "WOW Size": "100mL",
    "WOW ppu": "$16.00 / 100ML"
  },
  {
    "Brand_Product_Size": "Old Spice Deodorant Roll On Swagger 73g",
    "WOW Price": 5.5,
    "WOW Size": "73g",
    "WOW ppu": "$7.53 / 100G"
  },
  {
    "Brand_Product_Size": "Mother Earth Oaty Slices Peach & White Chocolate 6 pack",
    "WOW Price": 3,
    "WOW Size": "6 pack",
    "WOW ppu": "$1.25 / 100G"
  },
  {
    "Brand_Product_Size": "Toscano Pizza Bruschettina 270g",
    "WOW Price": 5.75,
    "WOW Size": "270g",
    "WOW ppu": "$2.13 / 100G"
  },
  {
    "Brand_Product_Size": "L'or Espresso Indonesia Intensity 9 Coffee Capsules 10 pack",
    "WOW Price": 6,
    "WOW Size": "10 pack",
    "WOW ppu": "$0.60 / 1EA"
  },
  {
    "Brand_Product_Size": "L'or Espresso Indonesia Intensity 9 Coffee Capsules 10 pack",
    "WOW Price": 6,
    "WOW Size": "10 pack",
    "WOW ppu": "$0.60 / 1EA"
  },
  {
    "Brand_Product_Size": "Steggles Wings Buffalo 600g",
    "WOW Price": 8,
    "WOW Size": "600g",
    "WOW ppu": "$13.33 / 1KG"
  },
  {
    "Brand_Product_Size": "Felix Adult Sensations Jellies Fish Selection Wet Cat Food 85g x27 pack",
    "WOW Price": 22,
    "WOW Size": "85g x27 pack",
    "WOW ppu": "$0.96 / 100G"
  },
  {
    "Brand_Product_Size": "Woolworths Candle Berries Fragrance each",
    "WOW Price": 2.9,
    "WOW Size": "each",
    "WOW ppu": "$2.90 / 1EA"
  },
  {
    "Brand_Product_Size": "Wokka Rice Noodles 440g",
    "WOW Price": 2.7,
    "WOW Size": "440g",
    "WOW ppu": "$0.61 / 100G"
  },
  {
    "Brand_Product_Size": "Woolworths Cook Stir Fry Kit Honey Soy Chicken With Veges 400g",
    "WOW Price": 8,
    "WOW Size": "400g",
    "WOW ppu": "$20.00 / 1KG"
  },
  {
    "Brand_Product_Size": "Masterfoods Chicken Alfredo Recipe Base 170g",
    "WOW Price": 2.2,
    "WOW Size": "170g",
    "WOW ppu": "$1.29 / 100G"
  },
  {
    "Brand_Product_Size": "Lucky Dog Adult Minced Beef, Vege & Marrowbone Dry Dog Food 8kg",
    "WOW Price": 17,
    "WOW Size": "8kg",
    "WOW ppu": "$0.21 / 100G"
  },
  {
    "Brand_Product_Size": "Head & Shoulders Itchy Scalp Care Shampoo 660mL",
    "WOW Price": 11.9,
    "WOW Size": "660mL",
    "WOW ppu": "$1.80 / 100ML"
  },
  {
    "Brand_Product_Size": "Toni & Guy Embellished Gold Hair Slides Assorted 4 pack",
    "WOW Price": 5.6,
    "WOW Size": "4 pack",
    "WOW ppu": ""
  },
  {
    "Brand_Product_Size": "Just Juice Orange Juice 6x200mL",
    "WOW Price": 3.5,
    "WOW Size": "6x200mL",
    "WOW ppu": "$2.92 / 1L"
  },
  {
    "Brand_Product_Size": "Just Juice Orange Juice 6x200mL",
    "WOW Price": 3.5,
    "WOW Size": "6x200mL",
    "WOW ppu": "$2.92 / 1L"
  },
  {
    "Brand_Product_Size": "Hong Gong Chili Oil 150mL",
    "WOW Price": 3,
    "WOW Size": "150mL",
    "WOW ppu": "$2.00 / 100ML"
  },
  {
    "Brand_Product_Size": "Cobs Corn Puffs Cheesy Cheddar Gluten Free 120g",
    "WOW Price": 3.5,
    "WOW Size": "120g",
    "WOW ppu": "$2.92 / 100G"
  },
  {
    "Brand_Product_Size": "Woolworths Cook Potato Baby Herb & Butter 400g",
    "WOW Price": 4,
    "WOW Size": "400g",
    "WOW ppu": "$10.00 / 1KG"
  },
  {
    "Brand_Product_Size": "Birds Eye Onion Rings 500g",
    "WOW Price": 4.3,
    "WOW Size": "500g",
    "WOW ppu": "$8.60 / 1KG"
  },
  {
    "Brand_Product_Size": "Mint Wok 30cm each",
    "WOW Price": 24,
    "WOW Size": "each",
    "WOW ppu": ""
  },
  {
    "Brand_Product_Size": "Energizer Ha 312 Turn & Lock 8ea",
    "WOW Price": 10,
    "WOW Size": "8ea",
    "WOW ppu": "$1.25 / 1EA"
  },
  {
    "Brand_Product_Size": "Pauls Zymil Full Cream Long Life Milk 1L",
    "WOW Price": 2.25,
    "WOW Size": "1L",
    "WOW ppu": "$2.25 / 1L"
  },
  {
    "Brand_Product_Size": "Pauls Zymil Full Cream Long Life Milk 1L",
    "WOW Price": 2.25,
    "WOW Size": "1L",
    "WOW ppu": "$2.25 / 1L"
  },
  {
    "Brand_Product_Size": "The Free Ranger Free Range Chicken Drumsticks 850g - 1.1kg",
    "WOW Price": 6.6,
    "WOW Size": "850g - 1.1kg",
    "WOW ppu": "$6.00 / 1KG"
  },
  {
    "Brand_Product_Size": "Red Rock Deli Roasted Peanuts Sweet Honey & Sea Salt 130g",
    "WOW Price": 2.8,
    "WOW Size": "130g",
    "WOW ppu": "$21.54 / 1KG"
  },
  {
    "Brand_Product_Size": "Macro Hemp Blue Corn Chips Lightly Salted 125g",
    "WOW Price": 4,
    "WOW Size": "125g",
    "WOW ppu": "$3.20 / 100G"
  },
  {
    "Brand_Product_Size": "Decor Go Snack Tub Large Round 300mL",
    "WOW Price": 2,
    "WOW Size": "300mL",
    "WOW ppu": ""
  },
  {
    "Brand_Product_Size": "Sensodyne Toothpaste Daily Care + Whitening 2 pack",
    "WOW Price": 15,
    "WOW Size": "2 pack",
    "WOW ppu": "$6.82 / 100G"
  },
  {
    "Brand_Product_Size": "Hong Kong Dim Sim Kitchen Sui Mai 200g",
    "WOW Price": 2.5,
    "WOW Size": "200g",
    "WOW ppu": "$1.25 / 100G"
  },
  {
    "Brand_Product_Size": "3m Command Picture Hanging Strips Medium White 4 pairs",
    "WOW Price": 7,
    "WOW Size": "4 pairs",
    "WOW ppu": "$1.75 / 1EA"
  },
  {
    "Brand_Product_Size": "Essentials Measuring Set each",
    "WOW Price": 0.5,
    "WOW Size": "each",
    "WOW ppu": ""
  },
  {
    "Brand_Product_Size": "Toni & Guy Cushion Brush For All Lengths each",
    "WOW Price": 11.9,
    "WOW Size": "each",
    "WOW ppu": ""
  },
  {
    "Brand_Product_Size": "Maybelline Superstay Active Wear 30hr Foundation Warm Sun 30mL",
    "WOW Price": 13.5,
    "WOW Size": "30mL",
    "WOW ppu": "$4.50 / 10ML"
  },
  {
    "Brand_Product_Size": "Devondale 100% Pure Full Cream Long Life Milk 1L",
    "WOW Price": 1.45,
    "WOW Size": "1L",
    "WOW ppu": "$1.45 / 1L"
  },
  {
    "Brand_Product_Size": "Devondale 100% Pure Full Cream Long Life Milk 1L",
    "WOW Price": 1.45,
    "WOW Size": "1L",
    "WOW ppu": "$1.45 / 1L"
  },
  {
    "Brand_Product_Size": "Don Kabana Minis & Cheddar Cheese 57g",
    "WOW Price": 3,
    "WOW Size": "57g",
    "WOW ppu": "$52.63 / 1KG"
  },
  {
    "Brand_Product_Size": "Macro Free Range Chicken V Wings",
    "WOW Price": 9.03,
    "WOW Size": "",
    "WOW ppu": "$9.50 / 1KG"
  },
  {
    "Brand_Product_Size": "Disney Frozen Hair Brush Crown Assorted each",
    "WOW Price": 7,
    "WOW Size": "each",
    "WOW ppu": ""
  },
  {
    "Brand_Product_Size": "Vitapet Jerhigh Treat Variety Pack 400g",
    "WOW Price": 16.5,
    "WOW Size": "400g",
    "WOW ppu": "$4.13 / 100G"
  },
  {
    "Brand_Product_Size": "Essentials Plastic Tumblers 200ml 100 pack",
    "WOW Price": 5,
    "WOW Size": "100 pack",
    "WOW ppu": "$0.05 / 1EA"
  },
  {
    "Brand_Product_Size": "Rafferty's Garden My First Apple 4+months 120g",
    "WOW Price": 1.65,
    "WOW Size": "120g",
    "WOW ppu": "$1.38 / 100G"
  },
  {
    "Brand_Product_Size": "Nature Valley Crunchy Variety 6 pack",
    "WOW Price": 5.5,
    "WOW Size": "6 pack",
    "WOW ppu": "$2.18 / 100G"
  },
  {
    "Brand_Product_Size": "Sour Patch Kids Watermelon Lollies 220g",
    "WOW Price": 4,
    "WOW Size": "220g",
    "WOW ppu": "$1.82 / 100G"
  },
  {
    "Brand_Product_Size": "Jack Hammer Screw Driver Set 4 Piece each",
    "WOW Price": 8,
    "WOW Size": "each",
    "WOW ppu": ""
  },
  {
    "Brand_Product_Size": "Purina One Adult Salmon & Tuna Dry Cat Food 1.5kg",
    "WOW Price": 15,
    "WOW Size": "1.5kg",
    "WOW ppu": "$1.00 / 100G"
  },
  {
    "Brand_Product_Size": "Green Gardener Spray Trigger Gun each",
    "WOW Price": 10,
    "WOW Size": "each",
    "WOW ppu": ""
  },
  {
    "Brand_Product_Size": "Fab Gold Obsession Front & Top Loader Laundry Powder 3.8kg",
    "WOW Price": 12.99,
    "WOW Size": "3.8kg",
    "WOW ppu": "$3.42 / 1KG"
  },
  {
    "Brand_Product_Size": "Woolworths Baby Red Washed Potato 1kg bag",
    "WOW Price": 3.5,
    "WOW Size": "1kg bag",
    "WOW ppu": ""
  },
  {
    "Brand_Product_Size": "Kirks Old Stoney Ginger Beer Cans 375mL x10 pack",
    "WOW Price": 6.2,
    "WOW Size": "375mL x10 pack",
    "WOW ppu": "$1.65 / 1L"
  },
  {
    "Brand_Product_Size": "Waxworks Citronella Candle Glass Patio Jar 10cm",
    "WOW Price": 7,
    "WOW Size": "10cm",
    "WOW ppu": ""
  },
  {
    "Brand_Product_Size": "Cadbury Dairy Milk Caramello Tub 1.2L",
    "WOW Price": 9,
    "WOW Size": "1.2L",
    "WOW ppu": "$0.75 / 100ML"
  },
  {
    "Brand_Product_Size": "Oscar Orsen Nail Buffer each",
    "WOW Price": 3,
    "WOW Size": "each",
    "WOW ppu": ""
  },
  {
    "Brand_Product_Size": "Macro Organic Cannellini Beans 425g",
    "WOW Price": 1.3,
    "WOW Size": "425g",
    "WOW ppu": "$0.31 / 100G"
  },
  {
    "Brand_Product_Size": "Woolworths Cajun Seasoning 35g",
    "WOW Price": 2,
    "WOW Size": "35g",
    "WOW ppu": "$0.57 / 10G"
  },
  {
    "Brand_Product_Size": "White Wings Self Raising Flour 2kg",
    "WOW Price": 5,
    "WOW Size": "2kg",
    "WOW ppu": "$2.50 / 1KG"
  },
  {
    "Brand_Product_Size": "Nature's Way Kids Smart Vita-gummies Sugar Free Multi Trio 75 pack",
    "WOW Price": 10,
    "WOW Size": "75 pack",
    "WOW ppu": "$13.33 / 100EA"
  },
  {
    "Brand_Product_Size": "Noshu 97% Sugar Free Double Choc Snackles Bars 110g",
    "WOW Price": 6,
    "WOW Size": "110g",
    "WOW ppu": "$5.45 / 100G"
  },
  {
    "Brand_Product_Size": "Noshu 97% Sugar Free Double Choc Snackles Bars 110g",
    "WOW Price": 6,
    "WOW Size": "110g",
    "WOW ppu": "$5.45 / 100G"
  },
  {
    "Brand_Product_Size": "Blackmores Super Coq10 300mg Capsules 30 pack",
    "WOW Price": 26.8,
    "WOW Size": "30 pack",
    "WOW ppu": "$0.89 / 1EA"
  },
  {
    "Brand_Product_Size": "Garlo's Beef Sausage Roll 200g",
    "WOW Price": 4,
    "WOW Size": "200g",
    "WOW ppu": "$2.00 / 100G"
  },
  {
    "Brand_Product_Size": "Sunkist Zero Sugar 2L",
    "WOW Price": 2.15,
    "WOW Size": "2L",
    "WOW ppu": "$1.08 / 1L"
  },
  {
    "Brand_Product_Size": "Plantry Plant Based Food Spaghetti Bolognese 350g",
    "WOW Price": 8,
    "WOW Size": "350g",
    "WOW ppu": "$2.29 / 100G"
  },
  {
    "Brand_Product_Size": "Tommee Tippee 0-6m Silicon Soother 2 pack",
    "WOW Price": 8.4,
    "WOW Size": "2 pack",
    "WOW ppu": "$8.40 / 1EA"
  },
  {
    "Brand_Product_Size": "Steggles Chicken Breast Tenders Crumbed 1kg",
    "WOW Price": 11,
    "WOW Size": "1kg",
    "WOW ppu": "$11.00 / 1KG"
  },
  {
    "Brand_Product_Size": "Woolworths Free From Gluten Fruit Bread 500g",
    "WOW Price": 4.5,
    "WOW Size": "500g",
    "WOW ppu": "$0.90 / 100G"
  },
  {
    "Brand_Product_Size": "Energizer Phone Case Samsung Galaxy S10 each",
    "WOW Price": 20,
    "WOW Size": "each",
    "WOW ppu": ""
  },
  {
    "Brand_Product_Size": "Mother's Day Colouring In Mug each",
    "WOW Price": 3,
    "WOW Size": "each",
    "WOW ppu": ""
  },
  {
    "Brand_Product_Size": "Gelativo Gelato Coffee 1L tub",
    "WOW Price": 6,
    "WOW Size": "1L tub",
    "WOW ppu": "$0.60 / 100ML"
  },
  {
    "Brand_Product_Size": "Uncle Tobys Roll-ups Rainbow Fruit Salad 6 pack",
    "WOW Price": 4,
    "WOW Size": "6 pack",
    "WOW ppu": "$4.26 / 100G"
  },
  {
    "Brand_Product_Size": "Uncle Tobys Roll-ups Rainbow Fruit Salad 6 pack",
    "WOW Price": 4,
    "WOW Size": "6 pack",
    "WOW ppu": "$4.26 / 100G"
  },
  {
    "Brand_Product_Size": "Peckish Treats Natural Greens For All Small Animals 200g",
    "WOW Price": 4.5,
    "WOW Size": "200g",
    "WOW ppu": "$2.25 / 100G"
  },
  {
    "Brand_Product_Size": "Bonds Kids Socks Logo Sport 1/4 Size 13-3 3 pack",
    "WOW Price": 9.1,
    "WOW Size": "3 pack",
    "WOW ppu": "$3.03 / 1EA"
  },
  {
    "Brand_Product_Size": "Essentials Breakfast Marmalade 500g",
    "WOW Price": 1.4,
    "WOW Size": "500g",
    "WOW ppu": "$0.28 / 100G"
  },
  {
    "Brand_Product_Size": "Paw Patrol Ultimate Rescue Mini Vehicle With Figure Assorted each",
    "WOW Price": 15,
    "WOW Size": "each",
    "WOW ppu": ""
  },
  {
    "Brand_Product_Size": "Paw Patrol Ultimate Rescue Mini Vehicle With Figure Assorted each",
    "WOW Price": 15,
    "WOW Size": "each",
    "WOW ppu": ""
  },
  {
    "Brand_Product_Size": "Cornwell's Apple Cider Vinegar Cider 2L",
    "WOW Price": 5.5,
    "WOW Size": "2L",
    "WOW ppu": "$0.28 / 100ML"
  },
  {
    "Brand_Product_Size": "Steggles Wings Oven Roasted 600g",
    "WOW Price": 8,
    "WOW Size": "600g",
    "WOW ppu": "$13.33 / 1KG"
  },
  {
    "Brand_Product_Size": "Buzz Disposable Fly Trap each",
    "WOW Price": 9,
    "WOW Size": "each",
    "WOW ppu": "$9.00 / 1EA"
  },
  {
    "Brand_Product_Size": "Armada Scented Candle 30 pack",
    "WOW Price": 6,
    "WOW Size": "30 pack",
    "WOW ppu": "$0.20 / 1EA"
  },
  {
    "Brand_Product_Size": "Jarlsberg Original Cheese Slices Sliced Cheese 150g",
    "WOW Price": 6.85,
    "WOW Size": "150g",
    "WOW ppu": "$45.67 / 1KG"
  },
  {
    "Brand_Product_Size": "Manicare Eyelash Curler each",
    "WOW Price": 8.5,
    "WOW Size": "each",
    "WOW ppu": ""
  },
  {
    "Brand_Product_Size": "Rimmel Wonderfully Real Mascara Black 11mL",
    "WOW Price": 9.5,
    "WOW Size": "11mL",
    "WOW ppu": "$8.64 / 10ML"
  },
  {
    "Brand_Product_Size": "Essentials Motor Oil 15w40 4L",
    "WOW Price": 17,
    "WOW Size": "4L",
    "WOW ppu": "$0.43 / 100ML"
  },
  {
    "Brand_Product_Size": "Continental Cup A Soup Creamy Garden Vegetable 2 Pack 2 pack",
    "WOW Price": 1.05,
    "WOW Size": "2 pack",
    "WOW ppu": "$1.50 / 100G"
  },
  {
    "Brand_Product_Size": "Woolworths Celery Heart each",
    "WOW Price": 4,
    "WOW Size": "each",
    "WOW ppu": "$4.00 / 1EA"
  },
  {
    "Brand_Product_Size": "Easy-off Bam Bathroom Cleaner With Bleach 500mL",
    "WOW Price": 5,
    "WOW Size": "500mL",
    "WOW ppu": "$1.00 / 100ML"
  },
  {
    "Brand_Product_Size": "Macro Organic Tropical Kombucha 330mL",
    "WOW Price": 2,
    "WOW Size": "330mL",
    "WOW ppu": "$6.06 / 1L"
  },
  {
    "Brand_Product_Size": "Grinders Coffee Capsules Smooth Espresso Caffitaly System 10 pack",
    "WOW Price": 4,
    "WOW Size": "10 pack",
    "WOW ppu": "$0.40 / 1EA"
  },
  {
    "Brand_Product_Size": "Grinders Coffee Capsules Smooth Espresso Caffitaly System 10 pack",
    "WOW Price": 4,
    "WOW Size": "10 pack",
    "WOW ppu": "$0.40 / 1EA"
  },
  {
    "Brand_Product_Size": "Woolworths Extra Virgin Olive Oil Spray 150g",
    "WOW Price": 2.2,
    "WOW Size": "150g",
    "WOW ppu": "$1.47 / 100G"
  },
  {
    "Brand_Product_Size": "Macro Pitted Dates 500g",
    "WOW Price": 3.4,
    "WOW Size": "500g",
    "WOW ppu": "$6.80 / 1KG"
  },
  {
    "Brand_Product_Size": "Inspire Plastic Colander/strainer 20cm each",
    "WOW Price": 6,
    "WOW Size": "each",
    "WOW ppu": ""
  },
  {
    "Brand_Product_Size": "Green's Temptations Neapolitan Cake Mix 550g",
    "WOW Price": 4,
    "WOW Size": "550g",
    "WOW ppu": "$0.73 / 100G"
  },
  {
    "Brand_Product_Size": "The Detangler Kids Hair Brush each",
    "WOW Price": 9.99,
    "WOW Size": "each",
    "WOW ppu": ""
  },
  {
    "Brand_Product_Size": "Noshu 96% Sugar Free Unicorn Sprinkles Snackles Bars 110g",
    "WOW Price": 6,
    "WOW Size": "110g",
    "WOW ppu": "$5.45 / 100G"
  },
  {
    "Brand_Product_Size": "Noshu 96% Sugar Free Unicorn Sprinkles Snackles Bars 110g",
    "WOW Price": 6,
    "WOW Size": "110g",
    "WOW ppu": "$5.45 / 100G"
  },
  {
    "Brand_Product_Size": "Miguel Maestre Free Range Coppa 80g",
    "WOW Price": 9,
    "WOW Size": "80g",
    "WOW ppu": "$11.25 / 100G"
  },
  {
    "Brand_Product_Size": "Haribo Balla Stixx 140g",
    "WOW Price": 2.4,
    "WOW Size": "140g",
    "WOW ppu": "$1.71 / 100G"
  },
  {
    "Brand_Product_Size": "Raffaello 3 pack",
    "WOW Price": 1.5,
    "WOW Size": "3 pack",
    "WOW ppu": "$5.00 / 100G"
  },
  {
    "Brand_Product_Size": "Macro Organic Sultanas 500g",
    "WOW Price": 5.4,
    "WOW Size": "500g",
    "WOW ppu": "$10.80 / 1KG"
  },
  {
    "Brand_Product_Size": "Woolworths Thin Rice Cakes Sour Cream & Chives 125g",
    "WOW Price": 1.65,
    "WOW Size": "125g",
    "WOW ppu": "$1.32 / 100G"
  },
  {
    "Brand_Product_Size": "Woolworths Thin Rice Cakes Sour Cream & Chives 125g",
    "WOW Price": 1.65,
    "WOW Size": "125g",
    "WOW ppu": "$1.32 / 100G"
  },
  {
    "Brand_Product_Size": "Armor All Car Care Large Sponge each",
    "WOW Price": 3.1,
    "WOW Size": "each",
    "WOW ppu": "$3.10 / 1EA"
  },
  {
    "Brand_Product_Size": "Handy Andy Cleaner And Disinfectant Green 750mL",
    "WOW Price": 3.7,
    "WOW Size": "750mL",
    "WOW ppu": "$0.49 / 100ML"
  },
  {
    "Brand_Product_Size": "Movicol Lemon Lime Sachets 30 pack",
    "WOW Price": 15,
    "WOW Size": "30 pack",
    "WOW ppu": "$0.50 / 1EA"
  },
  {
    "Brand_Product_Size": "Sunrice White Rice Premium Long Grain 2kg",
    "WOW Price": 3.9,
    "WOW Size": "2kg",
    "WOW ppu": "$0.20 / 100G"
  },
  {
    "Brand_Product_Size": "Winners Sports Nutrition Energy Gel Lemon & Lime 160g",
    "WOW Price": 8.5,
    "WOW Size": "160g",
    "WOW ppu": "$5.31 / 100G"
  },
  {
    "Brand_Product_Size": "Woolworths Rspca Chicken Giblets 500g",
    "WOW Price": 3,
    "WOW Size": "500g",
    "WOW ppu": "$6.00 / 1KG"
  },
  {
    "Brand_Product_Size": "Woolworths Spaghetti Bolognese Bolognese 1.1kg",
    "WOW Price": 10,
    "WOW Size": "1.1kg",
    "WOW ppu": "$0.91 / 100G"
  },
  {
    "Brand_Product_Size": "Woolworths Spaghetti Bolognese Bolognese 1.1kg",
    "WOW Price": 10,
    "WOW Size": "1.1kg",
    "WOW ppu": "$0.91 / 100G"
  },
  {
    "Brand_Product_Size": "Lotus Biscoff Spread Crunchy 380g",
    "WOW Price": 5.5,
    "WOW Size": "380g",
    "WOW ppu": "$1.45 / 100G"
  },
  {
    "Brand_Product_Size": "Darikay Hearty Chicken Soup 550g",
    "WOW Price": 6.5,
    "WOW Size": "550g",
    "WOW ppu": "$1.18 / 100G"
  },
  {
    "Brand_Product_Size": "4 Legs Beef With Vegetables Dog Meatballs 870g",
    "WOW Price": 6,
    "WOW Size": "870g",
    "WOW ppu": "$0.69 / 100G"
  },
  {
    "Brand_Product_Size": "Woolworths Free From Gluten Dairy Free Chocolate Cheesecake 220g",
    "WOW Price": 6,
    "WOW Size": "220g",
    "WOW ppu": "$2.40 / 100G"
  },
  {
    "Brand_Product_Size": "South Cape Herb & Garlic Cream Cheese 200g",
    "WOW Price": 4.6,
    "WOW Size": "200g",
    "WOW ppu": "$23.00 / 1KG"
  },
  {
    "Brand_Product_Size": "South Cape Herb & Garlic Cream Cheese 200g",
    "WOW Price": 4.6,
    "WOW Size": "200g",
    "WOW ppu": "$23.00 / 1KG"
  },
  {
    "Brand_Product_Size": "Mars Chocolate Gift Celebrations Box 320g",
    "WOW Price": 12,
    "WOW Size": "320g",
    "WOW ppu": "$3.75 / 100G"
  },
  {
    "Brand_Product_Size": "Schick Razor Quattro For Women + 2 Blades each",
    "WOW Price": 6.5,
    "WOW Size": "each",
    "WOW ppu": ""
  },
  {
    "Brand_Product_Size": "Slendier Ready To Eat Meal Arrabbiata Sauce 310g",
    "WOW Price": 5,
    "WOW Size": "310g",
    "WOW ppu": "$1.61 / 100G"
  },
  {
    "Brand_Product_Size": "Nexba Creaming Soda Sugar-free Apple Cider Vinegar 330mL x 4 pack",
    "WOW Price": 8.55,
    "WOW Size": "330mL x 4 pack",
    "WOW ppu": "$6.48 / 1L"
  },
  {
    "Brand_Product_Size": "Ever Green Chow Mein Noodles 280g",
    "WOW Price": 2.7,
    "WOW Size": "280g",
    "WOW ppu": "$0.96 / 100G"
  },
  {
    "Brand_Product_Size": "Centrum Rest & Renew Hard Capsules 50 pack",
    "WOW Price": 20,
    "WOW Size": "50 pack",
    "WOW ppu": "$0.40 / 1EA"
  },
  {
    "Brand_Product_Size": "Tresemme Shampoo Keratin Smooth 675mL",
    "WOW Price": 6.5,
    "WOW Size": "675mL",
    "WOW ppu": "$0.96 / 100ML"
  },
  {
    "Brand_Product_Size": "Patties Party Sausage Rolls 24 pack",
    "WOW Price": 14,
    "WOW Size": "24 pack",
    "WOW ppu": "$1.56 / 100G"
  },
  {
    "Brand_Product_Size": "Pepsi Max Cans 30x375mL",
    "WOW Price": 19,
    "WOW Size": "30x375mL",
    "WOW ppu": "$1.69 / 1L"
  },
  {
    "Brand_Product_Size": "Byron Bay Cookies White Choc Macadamia Cookie Bites 100g",
    "WOW Price": 2.5,
    "WOW Size": "100g",
    "WOW ppu": "$2.50 / 100G"
  },
  {
    "Brand_Product_Size": "Schwarzkopf Live Colour Ultra Brights Shocking Pink each",
    "WOW Price": 5.5,
    "WOW Size": "each",
    "WOW ppu": ""
  },
  {
    "Brand_Product_Size": "Macro Goji Berries 200g",
    "WOW Price": 7,
    "WOW Size": "200g",
    "WOW ppu": "$3.50 / 100G"
  },
  {
    "Brand_Product_Size": "Schmackos Strapz With Beef Dog Treats 500g",
    "WOW Price": 12.9,
    "WOW Size": "500g",
    "WOW ppu": "$2.58 / 100G"
  },
  {
    "Brand_Product_Size": "Bonds Instatan Sheer Stockings Slim Tight Light Brown Large each",
    "WOW Price": 8,
    "WOW Size": "each",
    "WOW ppu": ""
  },
  {
    "Brand_Product_Size": "Woolworths Essentials Underwear Girl's Basic Briefs Size 4-5 each",
    "WOW Price": 8,
    "WOW Size": "each",
    "WOW ppu": ""
  },
  {
    "Brand_Product_Size": "Macro Crispy Noodles Cheeky Chicken 6 pack",
    "WOW Price": 4.5,
    "WOW Size": "6 pack",
    "WOW ppu": "$3.41 / 100G"
  },
  {
    "Brand_Product_Size": "Kirks Creaming Soda Cans 375mL x10 pack",
    "WOW Price": 6.2,
    "WOW Size": "375mL x10 pack",
    "WOW ppu": "$1.65 / 1L"
  },
  {
    "Brand_Product_Size": "Pandaroo Snacks Jelly Fruit Mini Cups 380g",
    "WOW Price": 2.05,
    "WOW Size": "380g",
    "WOW ppu": "$0.54 / 100G"
  },
  {
    "Brand_Product_Size": "Diced Lamb 450g",
    "WOW Price": 13,
    "WOW Size": "450g",
    "WOW ppu": "$28.89 / 1KG"
  },
  {
    "Brand_Product_Size": "Woolworths Essentials Pins Thumb Tacks 11mm 180 pack",
    "WOW Price": 2.5,
    "WOW Size": "180 pack",
    "WOW ppu": ""
  },
  {
    "Brand_Product_Size": "Naturopathica Fat Blaster Vanilla Shake 430g",
    "WOW Price": 20,
    "WOW Size": "430g",
    "WOW ppu": "$4.65 / 100G"
  },
  {
    "Brand_Product_Size": "Queen Finest Madagascar Vanilla Bean Paste 50g",
    "WOW Price": 9,
    "WOW Size": "50g",
    "WOW ppu": "$18.00 / 100G"
  },
  {
    "Brand_Product_Size": "Woolworths Prep Set Go Frozen Crushed Garlic 90g",
    "WOW Price": 3.5,
    "WOW Size": "90g",
    "WOW ppu": "$38.89 / 1KG"
  },
  {
    "Brand_Product_Size": "Gravox Bearnaise Sauce Finishing Sauce 165g",
    "WOW Price": 1.75,
    "WOW Size": "165g",
    "WOW ppu": "$1.06 / 100G"
  },
  {
    "Brand_Product_Size": "Select Lettuce Oakleaf Green each",
    "WOW Price": 2.5,
    "WOW Size": "each",
    "WOW ppu": ""
  },
  {
    "Brand_Product_Size": "Nivea Extra Gentle Eye Makeup Remover + Provitamin B5 125mL",
    "WOW Price": 9.25,
    "WOW Size": "125mL",
    "WOW ppu": "$7.40 / 100ML"
  },
  {
    "Brand_Product_Size": "Nature's Gift Adult Dog Roll Kangaroo Sweet Potato & Peas 1.4kg",
    "WOW Price": 5,
    "WOW Size": "1.4kg",
    "WOW ppu": "$0.36 / 100G"
  },
  {
    "Brand_Product_Size": "Energizer Button Batteries Cr2032 4 pack",
    "WOW Price": 10,
    "WOW Size": "4 pack",
    "WOW ppu": "$2.50 / 1EA"
  },
  {
    "Brand_Product_Size": "Woolworths Microwave White Long Grain Rice Family 450g",
    "WOW Price": 2.5,
    "WOW Size": "450g",
    "WOW ppu": "$0.56 / 100G"
  },
  {
    "Brand_Product_Size": "Colgate Total Advanced Fresh Antibacterial Gel Toothpaste 115g",
    "WOW Price": 4,
    "WOW Size": "115g",
    "WOW ppu": "$3.48 / 100G"
  },
  {
    "Brand_Product_Size": "Veet In Shower Hair Removal Cream Sensitive 150g",
    "WOW Price": 14,
    "WOW Size": "150g",
    "WOW ppu": "$9.33 / 100G"
  },
  {
    "Brand_Product_Size": "Sashi's Secret Malaysian Chicken Curry Kit 350g",
    "WOW Price": 6,
    "WOW Size": "350g",
    "WOW ppu": "$1.71 / 100G"
  },
  {
    "Brand_Product_Size": "Rufus & Coco Bright White Wash Whitening Dog Shampoo & Conditioner 200mL",
    "WOW Price": 13.39,
    "WOW Size": "200mL",
    "WOW ppu": "$6.70 / 100ML"
  },
  {
    "Brand_Product_Size": "Vs Sassoon For Men The Diamond Precision Nose Trimmer each",
    "WOW Price": 20,
    "WOW Size": "each",
    "WOW ppu": ""
  },
  {
    "Brand_Product_Size": "Woolworths Fruit Drink 35% Orange Mango 6x250mL",
    "WOW Price": 2.65,
    "WOW Size": "6x250mL",
    "WOW ppu": "$1.77 / 1L"
  },
  {
    "Brand_Product_Size": "Woolworths Fruit Drink 35% Orange Mango 6x250mL",
    "WOW Price": 2.65,
    "WOW Size": "6x250mL",
    "WOW ppu": "$1.77 / 1L"
  },
  {
    "Brand_Product_Size": "Ruffie Rustic Foods Plant Based Chicken-ie Schnitzel 350g",
    "WOW Price": 7,
    "WOW Size": "350g",
    "WOW ppu": "$2.00 / 100G"
  },
  {
    "Brand_Product_Size": "Colgate Total Original Antibacterial Fluoride Toothpaste 40g",
    "WOW Price": 1.7,
    "WOW Size": "40g",
    "WOW ppu": "$4.25 / 100G"
  },
  {
    "Brand_Product_Size": "Bonds Bloody Comfy Period Bikini Moderate Days Size 14 each",
    "WOW Price": 15,
    "WOW Size": "each",
    "WOW ppu": "$15.00 / 1EA"
  },
  {
    "Brand_Product_Size": "Spc Puree & Simple Apple & Banana 90g",
    "WOW Price": 1.1,
    "WOW Size": "90g",
    "WOW ppu": "$12.22 / 1KG"
  },
  {
    "Brand_Product_Size": "Korbond Polyester Thread Multi Colours 5 pack",
    "WOW Price": 4,
    "WOW Size": "5 pack",
    "WOW ppu": ""
  },
  {
    "Brand_Product_Size": "Leggos Tomato Puree 410g",
    "WOW Price": 1.8,
    "WOW Size": "410g",
    "WOW ppu": "$0.44 / 100G"
  },
  {
    "Brand_Product_Size": "Bonds Insta Tan Sheer Tights Dark Small/medium each",
    "WOW Price": 8,
    "WOW Size": "each",
    "WOW ppu": ""
  },
  {
    "Brand_Product_Size": "Maybelline Tattoo Brow Gel Tint Dark Brown 5g",
    "WOW Price": 12.5,
    "WOW Size": "5g",
    "WOW ppu": "$25.00 / 10G"
  },
  {
    "Brand_Product_Size": "Nivea Sensitive Skin Moisturiser Sun Screen Lotion Spf50+ 100mL",
    "WOW Price": 11,
    "WOW Size": "100mL",
    "WOW ppu": "$11.00 / 100ML"
  },
  {
    "Brand_Product_Size": "Dole Pineapple Pieces In Juice 227g",
    "WOW Price": 1.6,
    "WOW Size": "227g",
    "WOW ppu": "$7.05 / 1KG"
  },
  {
    "Brand_Product_Size": "Palmolive Ultra Strength Dishwashing Liquid Original Bulk Pack 1.3L",
    "WOW Price": 7.5,
    "WOW Size": "1.3L",
    "WOW ppu": "$0.58 / 100ML"
  },
  {
    "Brand_Product_Size": "Listerine Teeth Defence Mouthwash 500mL",
    "WOW Price": 6,
    "WOW Size": "500mL",
    "WOW ppu": "$1.20 / 100ML"
  },
  {
    "Brand_Product_Size": "Primo Pepperoni Slices 100g",
    "WOW Price": 5.25,
    "WOW Size": "100g",
    "WOW ppu": "$52.50 / 1KG"
  },
  {
    "Brand_Product_Size": "Magnum Mochaccino Cookie 4 pack",
    "WOW Price": 9,
    "WOW Size": "4 pack",
    "WOW ppu": "$2.50 / 100ML"
  },
  {
    "Brand_Product_Size": "Arnott's Lemon Crisp 250g",
    "WOW Price": 2,
    "WOW Size": "250g",
    "WOW ppu": "$0.80 / 100G"
  },
  {
    "Brand_Product_Size": "Yoplait Mini Go Banana & Honey 145g",
    "WOW Price": 1.2,
    "WOW Size": "145g",
    "WOW ppu": "$0.83 / 100G"
  },
  {
    "Brand_Product_Size": "My Dog Chicken Supreme Loaf Classics Wet Dog Food Trays 100g x6 pack",
    "WOW Price": 8.5,
    "WOW Size": "100g x6 pack",
    "WOW ppu": "$1.42 / 100G"
  },
  {
    "Brand_Product_Size": "Woolworths Plantitude Massaman Tofu With Jasmine Rice 350g",
    "WOW Price": 5,
    "WOW Size": "350g",
    "WOW ppu": "$1.43 / 100G"
  },
  {
    "Brand_Product_Size": "Ajax Spray N' Wipe Antibacterial Disinfectant Cleaner Refill 750mL",
    "WOW Price": 3.5,
    "WOW Size": "750mL",
    "WOW ppu": "$0.47 / 100ML"
  },
  {
    "Brand_Product_Size": "Amy's Kitchen Organic Vegetable Barley Soup 400g",
    "WOW Price": 3.9,
    "WOW Size": "400g",
    "WOW ppu": "$0.98 / 100G"
  },
  {
    "Brand_Product_Size": "Fresh Tomato each",
    "WOW Price": 0.76,
    "WOW Size": "each",
    "WOW ppu": "$0.76 / 1EA"
  },
  {
    "Brand_Product_Size": "Fresh Tomato each",
    "WOW Price": 0.76,
    "WOW Size": "each",
    "WOW ppu": "$0.76 / 1EA"
  },
  {
    "Brand_Product_Size": "Woolworths 100% Cloudy Pear Juice 1L",
    "WOW Price": 3.5,
    "WOW Size": "1L",
    "WOW ppu": "$3.50 / 1L"
  },
  {
    "Brand_Product_Size": "Canon Printer Ink Pg640 Black Xl each",
    "WOW Price": 37.6,
    "WOW Size": "each",
    "WOW ppu": ""
  },
  {
    "Brand_Product_Size": "Mama Pork Flavour Instant Noodles Jumbo Pack 90g x5 pack",
    "WOW Price": 4.95,
    "WOW Size": "90g x5 pack",
    "WOW ppu": "$1.10 / 100G"
  },
  {
    "Brand_Product_Size": "Heinz Seriously Good Lite Aioli Garlic Mayonnaise 460g",
    "WOW Price": 5,
    "WOW Size": "460g",
    "WOW ppu": "$1.09 / 100G"
  },
  {
    "Brand_Product_Size": "Woolworths Free From Gluten Original Crackers 160g",
    "WOW Price": 4,
    "WOW Size": "160g",
    "WOW ppu": "$2.50 / 100G"
  },
  {
    "Brand_Product_Size": "Voost Effervescent Vitamin C Tablets 20 pack",
    "WOW Price": 6.5,
    "WOW Size": "20 pack",
    "WOW ppu": "$32.50 / 100EA"
  },
  {
    "Brand_Product_Size": "Kellogg's Just Right Apricot & Sultana Cereal 790g",
    "WOW Price": 8.5,
    "WOW Size": "790g",
    "WOW ppu": "$1.08 / 100G"
  },
  {
    "Brand_Product_Size": "Colgate 360 Degrees Whole Mouth Clean Compact Head Toothbrush Medium 2 pack",
    "WOW Price": 8,
    "WOW Size": "2 pack",
    "WOW ppu": "$4.00 / 1EA"
  },
  {
    "Brand_Product_Size": "Woolworths Cook Roast Mixed Vegetables With Garlic & Rosemary 500g",
    "WOW Price": 5,
    "WOW Size": "500g",
    "WOW ppu": "$10.00 / 1KG"
  },
  {
    "Brand_Product_Size": "Woolworths Cook Roast Mixed Vegetables With Garlic & Rosemary 500g",
    "WOW Price": 5,
    "WOW Size": "500g",
    "WOW ppu": "$10.00 / 1KG"
  },
  {
    "Brand_Product_Size": "Birds Eye Deli Squid Strips Lightly Seasoned 225g",
    "WOW Price": 7.2,
    "WOW Size": "225g",
    "WOW ppu": "$32.00 / 1KG"
  },
  {
    "Brand_Product_Size": "Balnea Hand Sanitiser 200mL",
    "WOW Price": 3.5,
    "WOW Size": "200mL",
    "WOW ppu": "$1.75 / 100ML"
  },
  {
    "Brand_Product_Size": "Schweppes Solo Lemon Bottle 2L",
    "WOW Price": 2.15,
    "WOW Size": "2L",
    "WOW ppu": "$1.08 / 1L"
  },
  {
    "Brand_Product_Size": "Woolworths Chickpeas No Added Salt 420g",
    "WOW Price": 0.8,
    "WOW Size": "420g",
    "WOW ppu": "$0.19 / 100G"
  },
  {
    "Brand_Product_Size": "Clio Girl Summer Glow Tights Tan X/tall each",
    "WOW Price": 5,
    "WOW Size": "each",
    "WOW ppu": ""
  },
  {
    "Brand_Product_Size": "Strength Meals Co Pulled Beef Lasagne 350g",
    "WOW Price": 9,
    "WOW Size": "350g",
    "WOW ppu": "$2.57 / 100G"
  },
  {
    "Brand_Product_Size": "Gloria Jean's Coffees Ground Coffee Caramel 200g",
    "WOW Price": 6.5,
    "WOW Size": "200g",
    "WOW ppu": "$3.25 / 100G"
  },
  {
    "Brand_Product_Size": "Gloria Jean's Coffees Ground Coffee Caramel 200g",
    "WOW Price": 6.5,
    "WOW Size": "200g",
    "WOW ppu": "$3.25 / 100G"
  },
  {
    "Brand_Product_Size": "Blistex Lip Conditioner Spf30 7g",
    "WOW Price": 5,
    "WOW Size": "7g",
    "WOW ppu": ""
  },
  {
    "Brand_Product_Size": "Lavazza Qualita Oro Ground Coffee 250g",
    "WOW Price": 6,
    "WOW Size": "250g",
    "WOW ppu": "$2.40 / 100G"
  },
  {
    "Brand_Product_Size": "Lavazza Qualita Oro Ground Coffee 250g",
    "WOW Price": 6,
    "WOW Size": "250g",
    "WOW ppu": "$2.40 / 100G"
  },
  {
    "Brand_Product_Size": "Strike Glass Wipes 50 pack",
    "WOW Price": 2.1,
    "WOW Size": "50 pack",
    "WOW ppu": "$0.04 / 1EA"
  },
  {
    "Brand_Product_Size": "Don Footy Frankfurts Skinless 600g",
    "WOW Price": 6.8,
    "WOW Size": "600g",
    "WOW ppu": "$11.33 / 1KG"
  },
  {
    "Brand_Product_Size": "All Smiles Total Care Dental Floss 50m",
    "WOW Price": 3,
    "WOW Size": "50m",
    "WOW ppu": "$0.06 / 1M"
  },
  {
    "Brand_Product_Size": "Cold Power Sensitive Pure Clean 2L",
    "WOW Price": 8.75,
    "WOW Size": "2L",
    "WOW ppu": "$4.38 / 1L"
  },
  {
    "Brand_Product_Size": "Patties Vegan Friendly Rolls 450g",
    "WOW Price": 8.5,
    "WOW Size": "450g",
    "WOW ppu": "$1.89 / 100G"
  },
  {
    "Brand_Product_Size": "Nature's Way Adult Vita Gummies Probiotic & Prebiotic Sugar Free 65 pack",
    "WOW Price": 10,
    "WOW Size": "65 pack",
    "WOW ppu": "$15.38 / 100EA"
  },
  {
    "Brand_Product_Size": "Woolworths Creamy Potato Salad 250g",
    "WOW Price": 3,
    "WOW Size": "250g",
    "WOW ppu": "$1.20 / 100G"
  },
  {
    "Brand_Product_Size": "Woolworths Creamy Potato Salad 250g",
    "WOW Price": 3,
    "WOW Size": "250g",
    "WOW ppu": "$1.20 / 100G"
  },
  {
    "Brand_Product_Size": "Blackmores Pregnancy & Breast Feeding Gold 120 pack",
    "WOW Price": 42,
    "WOW Size": "120 pack",
    "WOW ppu": "$35.00 / 100EA"
  },
  {
    "Brand_Product_Size": "Korbond Party Candle Metallics Number 3 19g",
    "WOW Price": 1.5,
    "WOW Size": "19g",
    "WOW ppu": "$1.50 / 1EA"
  },
  {
    "Brand_Product_Size": "Nature Valley Crunchy Peanut Butter 6 pack",
    "WOW Price": 5.5,
    "WOW Size": "6 pack",
    "WOW ppu": "$2.18 / 100G"
  },
  {
    "Brand_Product_Size": "Gourmet Garden Lightly Dried Chives 4g",
    "WOW Price": 3.5,
    "WOW Size": "4g",
    "WOW ppu": "$8.75 / 10G"
  },
  {
    "Brand_Product_Size": "Gourmet Garden Lightly Dried Chives 4g",
    "WOW Price": 3.5,
    "WOW Size": "4g",
    "WOW ppu": "$8.75 / 10G"
  },
  {
    "Brand_Product_Size": "Mission Wraps Mini Original 8 pack",
    "WOW Price": 5,
    "WOW Size": "8 pack",
    "WOW ppu": "$1.30 / 100G"
  },
  {
    "Brand_Product_Size": "Mission Wraps Mini Original 8 pack",
    "WOW Price": 5,
    "WOW Size": "8 pack",
    "WOW ppu": "$1.30 / 100G"
  },
  {
    "Brand_Product_Size": "Bertocchi Smoked Pork Bones Bulk 1kg",
    "WOW Price": 10,
    "WOW Size": "1kg",
    "WOW ppu": "$10.00 / 1KG"
  },
  {
    "Brand_Product_Size": "Energizer Lithium Ultimate Aa Batteries 4 pack",
    "WOW Price": 18,
    "WOW Size": "4 pack",
    "WOW ppu": "$4.50 / 1EA"
  },
  {
    "Brand_Product_Size": "Applaws Cat Pot Tuna & Crab 60g",
    "WOW Price": 2.1,
    "WOW Size": "60g",
    "WOW ppu": "$3.50 / 100G"
  },
  {
    "Brand_Product_Size": "The Bar Counter Dark Chocolate Almond Bar High Protein 40g",
    "WOW Price": 2.5,
    "WOW Size": "40g",
    "WOW ppu": ""
  },
  {
    "Brand_Product_Size": "A2 Platinum Toddler Formula Stage 3 1-3yrs 900g",
    "WOW Price": 33.6,
    "WOW Size": "900g",
    "WOW ppu": "$3.73 / 100G"
  },
  {
    "Brand_Product_Size": "Macro Certified Organic Vanilla Bean Yoghurt 1kg",
    "WOW Price": 5.2,
    "WOW Size": "1kg",
    "WOW ppu": "$0.52 / 100G"
  },
  {
    "Brand_Product_Size": "Just Gloves Multi Purpose Latex Free Disposable Gloves Medium 100 pack",
    "WOW Price": 16.5,
    "WOW Size": "100 pack",
    "WOW ppu": ""
  },
  {
    "Brand_Product_Size": "Balconi Mix Max Spgnckes Cocoa 10 pack",
    "WOW Price": 5.5,
    "WOW Size": "10 pack",
    "WOW ppu": "$0.55 / 1EA"
  },
  {
    "Brand_Product_Size": "Balconi Mix Max Spgnckes Cocoa 10 pack",
    "WOW Price": 5.5,
    "WOW Size": "10 pack",
    "WOW ppu": "$0.55 / 1EA"
  },
  {
    "Brand_Product_Size": "Brita Marella Grey Filter Jug 2.4L",
    "WOW Price": 33,
    "WOW Size": "2.4L",
    "WOW ppu": ""
  },
  {
    "Brand_Product_Size": "The Bar Counter Plant Protein Dark Choc Coconut 40g",
    "WOW Price": 2.5,
    "WOW Size": "40g",
    "WOW ppu": "$6.25 / 100G"
  },
  {
    "Brand_Product_Size": "Always Fresh Cucumbers Sweet & Sour 680g",
    "WOW Price": 3.75,
    "WOW Size": "680g",
    "WOW ppu": "$5.51 / 1KG"
  },
  {
    "Brand_Product_Size": "Leggos Passata Sauce Italian Herbs 700g",
    "WOW Price": 3.2,
    "WOW Size": "700g",
    "WOW ppu": "$0.46 / 100G"
  },
  {
    "Brand_Product_Size": "Blistex Ultra Lip Balm Spf50+ 4.25g",
    "WOW Price": 4,
    "WOW Size": "4.25g",
    "WOW ppu": "$9.41 / 10G"
  },
  {
    "Brand_Product_Size": "Remedy Raspberry Lemonade Kombucha 4 pack",
    "WOW Price": 8.75,
    "WOW Size": "4 pack",
    "WOW ppu": "$8.75 / 1L"
  },
  {
    "Brand_Product_Size": "Red Rock Deli Potato Chips Multipack Variety - Deli Style 28g x10 pack",
    "WOW Price": 5.5,
    "WOW Size": "28g x10 pack",
    "WOW ppu": "$1.96 / 100G"
  },
  {
    "Brand_Product_Size": "Red Rock Deli Potato Chips Multipack Variety - Deli Style 28g x10 pack",
    "WOW Price": 5.5,
    "WOW Size": "28g x10 pack",
    "WOW ppu": "$1.96 / 100G"
  },
  {
    "Brand_Product_Size": "Superior Gold Salmon Smoked 180g",
    "WOW Price": 12,
    "WOW Size": "180g",
    "WOW ppu": "$66.67 / 1KG"
  },
  {
    "Brand_Product_Size": "Expo Fine Whiteboard Markers Assorted 8 pack",
    "WOW Price": 11.2,
    "WOW Size": "8 pack",
    "WOW ppu": "$1.40 / 1EA"
  },
  {
    "Brand_Product_Size": "Tuckers Fruit Paste Quince 100g",
    "WOW Price": 5,
    "WOW Size": "100g",
    "WOW ppu": "$50.00 / 1KG"
  },
  {
    "Brand_Product_Size": "Woolworths Salted Pretzels Twists 200g",
    "WOW Price": 2,
    "WOW Size": "200g",
    "WOW ppu": "$1.00 / 100G"
  },
  {
    "Brand_Product_Size": "Blackmores Fish Oil Odourless 1000mg 200 pack",
    "WOW Price": 20,
    "WOW Size": "200 pack",
    "WOW ppu": "$10.00 / 100EA"
  },
  {
    "Brand_Product_Size": "Rimmel Professional Eyebrow Pencil 002 Hazel 1.4g",
    "WOW Price": 4.5,
    "WOW Size": "1.4g",
    "WOW ppu": "$32.14 / 10G"
  },
  {
    "Brand_Product_Size": "Dairy Farmers Classic Strawberry Milk 500mL",
    "WOW Price": 2.4,
    "WOW Size": "500mL",
    "WOW ppu": "$4.80 / 1L"
  },
  {
    "Brand_Product_Size": "Mint Silicone Tongs 22cm each",
    "WOW Price": 5,
    "WOW Size": "each",
    "WOW ppu": ""
  },
  {
    "Brand_Product_Size": "The Dutch Company Confectionary Coin Licorice 100g",
    "WOW Price": 2.5,
    "WOW Size": "100g",
    "WOW ppu": "$2.50 / 100G"
  },
  {
    "Brand_Product_Size": "Yakult Probiotic Drink 5x65mL",
    "WOW Price": 4,
    "WOW Size": "5x65mL",
    "WOW ppu": "$12.31 / 1L"
  },
  {
    "Brand_Product_Size": "Activia Pouch Strawberry 140g",
    "WOW Price": 2.25,
    "WOW Size": "140g",
    "WOW ppu": "$1.61 / 100G"
  },
  {
    "Brand_Product_Size": "Essentials Plain Opaque Knee High Black One Size 3 pack",
    "WOW Price": 7,
    "WOW Size": "3 pack",
    "WOW ppu": ""
  },
  {
    "Brand_Product_Size": "Cool Pak Popcorn Lunch Box Multipack Original 13g x16 pack",
    "WOW Price": 4,
    "WOW Size": "13g x16 pack",
    "WOW ppu": "$1.92 / 100G"
  },
  {
    "Brand_Product_Size": "Clean Laundry Collection Portable Clothes Line each",
    "WOW Price": 1.25,
    "WOW Size": "each",
    "WOW ppu": ""
  },
  {
    "Brand_Product_Size": "Campbell's Country Ladle With Bone Broth Hearty Lentil & Veg 505g",
    "WOW Price": 3,
    "WOW Size": "505g",
    "WOW ppu": "$0.59 / 100G"
  },
  {
    "Brand_Product_Size": "Woolworths Lime Cordial 750mL",
    "WOW Price": 3,
    "WOW Size": "750mL",
    "WOW ppu": "$4.00 / 1L"
  },
  {
    "Brand_Product_Size": "Vo5 Plump Me Up Dry Shampoo 250mL",
    "WOW Price": 6.8,
    "WOW Size": "250mL",
    "WOW ppu": "$2.72 / 100ML"
  },
  {
    "Brand_Product_Size": "Armada Paper Straws Striped 100 pack",
    "WOW Price": 3,
    "WOW Size": "100 pack",
    "WOW ppu": "$0.03 / 1EA"
  },
  {
    "Brand_Product_Size": "Sa Gourmet Food Co Banana Custard 120g",
    "WOW Price": 1.4,
    "WOW Size": "120g",
    "WOW ppu": "$1.17 / 100G"
  },
  {
    "Brand_Product_Size": "Lavazza Crema E Gusto Classico Ground Coffee 250g",
    "WOW Price": 6,
    "WOW Size": "250g",
    "WOW ppu": "$2.40 / 100G"
  },
  {
    "Brand_Product_Size": "Lavazza Crema E Gusto Classico Ground Coffee 250g",
    "WOW Price": 6,
    "WOW Size": "250g",
    "WOW ppu": "$2.40 / 100G"
  },
  {
    "Brand_Product_Size": "D'orsogna Prosciutto 100g",
    "WOW Price": 6.5,
    "WOW Size": "100g",
    "WOW ppu": "$65.00 / 1KG"
  },
  {
    "Brand_Product_Size": "Sabco Open Plan Mop Wet Refill 2 pack",
    "WOW Price": 17,
    "WOW Size": "2 pack",
    "WOW ppu": "$8.50 / 1EA"
  },
  {
    "Brand_Product_Size": "The Pet Cartel Play N Chirp Bird Cat Toy each",
    "WOW Price": 15,
    "WOW Size": "each",
    "WOW ppu": "$15.00 / 1EA"
  },
  {
    "Brand_Product_Size": "Pantene Prov Blend Rosewater Moisture Restoring Conditioner 300mL",
    "WOW Price": 7.8,
    "WOW Size": "300mL",
    "WOW ppu": "$2.60 / 100ML"
  },
  {
    "Brand_Product_Size": "L'oreal Paris Elvive Extraordinary Coconut Oil Mask 300mL",
    "WOW Price": 10,
    "WOW Size": "300mL",
    "WOW ppu": "$3.33 / 100ML"
  },
  {
    "Brand_Product_Size": "Woolworths Asian Style Tuna Quinoa Salad 185g",
    "WOW Price": 3,
    "WOW Size": "185g",
    "WOW ppu": "$16.22 / 1KG"
  },
  {
    "Brand_Product_Size": "Garnier Skinactive Micellar Milky Cleansing Water 400mL",
    "WOW Price": 8.95,
    "WOW Size": "400mL",
    "WOW ppu": "$2.24 / 100ML"
  },
  {
    "Brand_Product_Size": "Babybel Mini Cheese Portions 100g",
    "WOW Price": 4.8,
    "WOW Size": "100g",
    "WOW ppu": "$48.00 / 1KG"
  },
  {
    "Brand_Product_Size": "Babybel Mini Cheese Portions 100g",
    "WOW Price": 4.8,
    "WOW Size": "100g",
    "WOW ppu": "$48.00 / 1KG"
  },
  {
    "Brand_Product_Size": "Bonds Comfy Tops Opaque Tights Black Med-lge each",
    "WOW Price": 12,
    "WOW Size": "each",
    "WOW ppu": ""
  },
  {
    "Brand_Product_Size": "Woolworths 3d Gummy Blocks 200g",
    "WOW Price": 2,
    "WOW Size": "200g",
    "WOW ppu": "$1.00 / 100G"
  },
  {
    "Brand_Product_Size": "John West Tuna Tempters Sweet Chilli 95g",
    "WOW Price": 1.15,
    "WOW Size": "95g",
    "WOW ppu": "$12.11 / 1KG"
  },
  {
    "Brand_Product_Size": "Remedy Organic Kombucha Apple Crisp 750mL",
    "WOW Price": 5,
    "WOW Size": "750mL",
    "WOW ppu": "$6.67 / 1L"
  },
  {
    "Brand_Product_Size": "Patak's Lentil & Veggie Tikka Masala Heat & Eat Pouch 285g",
    "WOW Price": 2.5,
    "WOW Size": "285g",
    "WOW ppu": "$0.88 / 100G"
  },
  {
    "Brand_Product_Size": "Ingham's Frozen Turkey Breast Roast Traditional 1kg",
    "WOW Price": 16,
    "WOW Size": "1kg",
    "WOW ppu": "$16.00 / 1KG"
  },
  {
    "Brand_Product_Size": "Woolworths Turmeric Couscous With Cauliflower & Cranberry 300g",
    "WOW Price": 6,
    "WOW Size": "300g",
    "WOW ppu": "$2.00 / 100G"
  },
  {
    "Brand_Product_Size": "Woolworths Turmeric Couscous With Cauliflower & Cranberry 300g",
    "WOW Price": 6,
    "WOW Size": "300g",
    "WOW ppu": "$2.00 / 100G"
  },
  {
    "Brand_Product_Size": "Woolworths Turmeric Couscous With Cauliflower & Cranberry 300g",
    "WOW Price": 6,
    "WOW Size": "300g",
    "WOW ppu": "$2.00 / 100G"
  },
  {
    "Brand_Product_Size": "Mint Apple Slicer each",
    "WOW Price": 4,
    "WOW Size": "each",
    "WOW ppu": ""
  },
  {
    "Brand_Product_Size": "Picasso Kitchen Stone Baked Super Supreme Pizza 470g",
    "WOW Price": 4.5,
    "WOW Size": "470g",
    "WOW ppu": "$0.96 / 100G"
  },
  {
    "Brand_Product_Size": "I Pastai Vegan Ravioli Spinach & Ricotta Cheese 300g",
    "WOW Price": 7.5,
    "WOW Size": "300g",
    "WOW ppu": "$2.50 / 100G"
  },
  {
    "Brand_Product_Size": "Radox Body Wash Feel Extreme 1L",
    "WOW Price": 7,
    "WOW Size": "1L",
    "WOW ppu": "$0.70 / 100ML"
  },
  {
    "Brand_Product_Size": "Woolworths Dry Ginger Ale 1.25L",
    "WOW Price": 1,
    "WOW Size": "1.25L",
    "WOW ppu": "$0.80 / 1L"
  },
  {
    "Brand_Product_Size": "Evergreen Fresh Hard Tofu 650g",
    "WOW Price": 4.65,
    "WOW Size": "650g",
    "WOW ppu": "$7.15 / 1KG"
  },
  {
    "Brand_Product_Size": "Just Juice Apple & Blackcurrant Juice 6x200mL",
    "WOW Price": 3.5,
    "WOW Size": "6x200mL",
    "WOW ppu": "$2.92 / 1L"
  },
  {
    "Brand_Product_Size": "Just Juice Apple & Blackcurrant Juice 6x200mL",
    "WOW Price": 3.5,
    "WOW Size": "6x200mL",
    "WOW ppu": "$2.92 / 1L"
  },
  {
    "Brand_Product_Size": "Essentials Paracetamol 500mg Tablets 20 pack",
    "WOW Price": 0.7,
    "WOW Size": "20 pack",
    "WOW ppu": "$0.04 / 1EA"
  },
  {
    "Brand_Product_Size": "Ease A Cold & Flu Relief 18 pack",
    "WOW Price": 11.5,
    "WOW Size": "18 pack",
    "WOW ppu": "$0.64 / 1EA"
  },
  {
    "Brand_Product_Size": "Carbonell Original Olive Oil Olive Oil 4L",
    "WOW Price": 27,
    "WOW Size": "4L",
    "WOW ppu": "$0.68 / 100ML"
  },
  {
    "Brand_Product_Size": "Aussie Bodies Lo Carb Whipped Peanut Butter Bar 50g",
    "WOW Price": 3,
    "WOW Size": "50g",
    "WOW ppu": "$6.00 / 100G"
  },
  {
    "Brand_Product_Size": "Decor Glass Vent & Seal Leak Proof Round 500mL",
    "WOW Price": 8,
    "WOW Size": "500mL",
    "WOW ppu": "$8.00 / 1EA"
  },
  {
    "Brand_Product_Size": "Nando's Medium Peri Peri Sauce 250g",
    "WOW Price": 5.2,
    "WOW Size": "250g",
    "WOW ppu": "$2.08 / 100G"
  },
  {
    "Brand_Product_Size": "Vetta Smart Fibre Veg Twists Pasta 375g",
    "WOW Price": 1.6,
    "WOW Size": "375g",
    "WOW ppu": "$0.43 / 100G"
  },
  {
    "Brand_Product_Size": "Birds Eye Peas Garden Field Fresh 1kg",
    "WOW Price": 3.7,
    "WOW Size": "1kg",
    "WOW ppu": "$3.70 / 1KG"
  },
  {
    "Brand_Product_Size": "Disney Mother's Day Socks Pink Minnie each",
    "WOW Price": 5,
    "WOW Size": "each",
    "WOW ppu": ""
  },
  {
    "Brand_Product_Size": "Mitchum Clinical 48h Cool Fresh Antiperspirant & Deodorant 45g",
    "WOW Price": 10,
    "WOW Size": "45g",
    "WOW ppu": "$22.22 / 100G"
  },
  {
    "Brand_Product_Size": "Monster Ultra Rosa Cans 500mL x4 pack",
    "WOW Price": 12.5,
    "WOW Size": "500mL x4 pack",
    "WOW ppu": "$6.25 / 1L"
  },
  {
    "Brand_Product_Size": "Rowntrees Jelly Tots 150g",
    "WOW Price": 2.65,
    "WOW Size": "150g",
    "WOW ppu": "$1.77 / 100G"
  },
  {
    "Brand_Product_Size": "Tasti Nut Bar Choc Peanut 420g",
    "WOW Price": 5,
    "WOW Size": "420g",
    "WOW ppu": "$1.19 / 100G"
  },
  {
    "Brand_Product_Size": "Tasti Nut Bar Choc Peanut 420g",
    "WOW Price": 5,
    "WOW Size": "420g",
    "WOW ppu": "$1.19 / 100G"
  },
  {
    "Brand_Product_Size": "Inspire Hug Mug Assorted each",
    "WOW Price": 3,
    "WOW Size": "each",
    "WOW ppu": ""
  },
  {
    "Brand_Product_Size": "Olina's Seriously Seedy Snackers Balsamic Vinegar & Onion 140g",
    "WOW Price": 4,
    "WOW Size": "140g",
    "WOW ppu": "$2.86 / 100G"
  },
  {
    "Brand_Product_Size": "My Soda Hydrate Conditioner 350mL",
    "WOW Price": 10,
    "WOW Size": "350mL",
    "WOW ppu": "$2.86 / 100ML"
  },
  {
    "Brand_Product_Size": "Mcguigan Zero Alcohol Sparkling 750mL",
    "WOW Price": 11.5,
    "WOW Size": "750mL",
    "WOW ppu": "$15.33 / 1L"
  },
  {
    "Brand_Product_Size": "Finish Dishwasher Cleaner Liquid Lemon 250mL x2 pack",
    "WOW Price": 11.5,
    "WOW Size": "250mL x2 pack",
    "WOW ppu": "$2.30 / 100ML"
  },
  {
    "Brand_Product_Size": "Nice & Natural Probiotic Oat Bars Peanut, Almonds & Vanilla 5 pack",
    "WOW Price": 3,
    "WOW Size": "5 pack",
    "WOW ppu": "$1.71 / 100G"
  },
  {
    "Brand_Product_Size": "Nice & Natural Probiotic Oat Bars Peanut, Almonds & Vanilla 5 pack",
    "WOW Price": 3,
    "WOW Size": "5 pack",
    "WOW ppu": "$1.71 / 100G"
  },
  {
    "Brand_Product_Size": "Monster Energy Drink 500mL",
    "WOW Price": 2.75,
    "WOW Size": "500mL",
    "WOW ppu": "$5.50 / 1L"
  },
  {
    "Brand_Product_Size": "L'oreal Paris Foundation True Match Liquid Golden Beige 30mL",
    "WOW Price": 15,
    "WOW Size": "30mL",
    "WOW ppu": "$50.00 / 100ML"
  },
  {
    "Brand_Product_Size": "Kellogg's Lcms Apple Jacks Snack Bars 12 pack",
    "WOW Price": 7,
    "WOW Size": "12 pack",
    "WOW ppu": "$2.92 / 100G"
  },
  {
    "Brand_Product_Size": "Pantene Pro-v Classic Clean Shampoo 375mL",
    "WOW Price": 4,
    "WOW Size": "375mL",
    "WOW ppu": "$1.07 / 100ML"
  },
  {
    "Brand_Product_Size": "La Famiglia Garlic Bread Entertainer Slices 450g",
    "WOW Price": 6.5,
    "WOW Size": "450g",
    "WOW ppu": "$1.44 / 100G"
  },
  {
    "Brand_Product_Size": "Birds Eye Deli Seasonal Catch Flathead In Light Batter 250g",
    "WOW Price": 7.2,
    "WOW Size": "250g",
    "WOW ppu": "$28.80 / 1KG"
  },
  {
    "Brand_Product_Size": "Nature's Gift Adult Dog Food Gourmet Loaf Style Real Chicken 100g",
    "WOW Price": 1,
    "WOW Size": "100g",
    "WOW ppu": "$1.00 / 100G"
  },
  {
    "Brand_Product_Size": "Woolworths Gourmet Tomatoes 1kg",
    "WOW Price": 6.7,
    "WOW Size": "1kg",
    "WOW ppu": "$6.70 / 1KG"
  },
  {
    "Brand_Product_Size": "Nivea Men Sensitive Skin Face Cream Moisturiser Spf15 75mL",
    "WOW Price": 7.2,
    "WOW Size": "75mL",
    "WOW ppu": "$9.60 / 100ML"
  },
  {
    "Brand_Product_Size": "Kraft Easy Mac Classic Cheese 4 pack",
    "WOW Price": 4,
    "WOW Size": "4 pack",
    "WOW ppu": "$1.43 / 100G"
  },
  {
    "Brand_Product_Size": "Woolworths Hot Smoked Salmon Pepper 150g",
    "WOW Price": 6.8,
    "WOW Size": "150g",
    "WOW ppu": "$45.33 / 1KG"
  },
  {
    "Brand_Product_Size": "Brunswick Sardines In Olive Oil 120g",
    "WOW Price": 2.5,
    "WOW Size": "120g",
    "WOW ppu": "$20.83 / 1KG"
  },
  {
    "Brand_Product_Size": "Vitasoy Calcium Enriched Rice Milk 1L",
    "WOW Price": 2.5,
    "WOW Size": "1L",
    "WOW ppu": "$2.50 / 1L"
  },
  {
    "Brand_Product_Size": "Woolworths Cranberry Sauce 275g",
    "WOW Price": 2.65,
    "WOW Size": "275g",
    "WOW ppu": "$0.96 / 100G"
  },
  {
    "Brand_Product_Size": "Air Wick Pure Freshmatic Refill Spring Delight 157g",
    "WOW Price": 8,
    "WOW Size": "157g",
    "WOW ppu": "$5.10 / 100G"
  },
  {
    "Brand_Product_Size": "Viva Paper Towel White 120 Sheets 2 pack",
    "WOW Price": 3.5,
    "WOW Size": "2 pack",
    "WOW ppu": "$2.92 / 100SS"
  },
  {
    "Brand_Product_Size": "Atkins Advantage Shake Mix Chocolate 330g",
    "WOW Price": 22,
    "WOW Size": "330g",
    "WOW ppu": "$6.67 / 100G"
  },
  {
    "Brand_Product_Size": "Vileda Heavy Duty Sponge Scourer 3 pack",
    "WOW Price": 4.5,
    "WOW Size": "3 pack",
    "WOW ppu": "$1.50 / 1EA"
  },
  {
    "Brand_Product_Size": "Woolworths Skim Milk 1L",
    "WOW Price": 1.29,
    "WOW Size": "1L",
    "WOW ppu": "$1.29 / 1L"
  },
  {
    "Brand_Product_Size": "S&b Miso Soup Aka 30g",
    "WOW Price": 3.75,
    "WOW Size": "30g",
    "WOW ppu": "$12.50 / 100G"
  },
  {
    "Brand_Product_Size": "Macro Organic Plain Flour 1kg",
    "WOW Price": 4.5,
    "WOW Size": "1kg",
    "WOW ppu": "$4.50 / 1KG"
  },
  {
    "Brand_Product_Size": "Suimin Noodles Thai Green Curry 122g",
    "WOW Price": 3,
    "WOW Size": "122g",
    "WOW ppu": "$2.46 / 100G"
  },
  {
    "Brand_Product_Size": "Schweppes Lemon Lime & Bitters 4 x300mL",
    "WOW Price": 5.9,
    "WOW Size": "4 x300mL",
    "WOW ppu": "$4.92 / 1L"
  },
  {
    "Brand_Product_Size": "Faber-castell Connector Markers 20 pack",
    "WOW Price": 3.75,
    "WOW Size": "20 pack",
    "WOW ppu": ""
  },
  {
    "Brand_Product_Size": "Macro Classic Tofu Regular 500g",
    "WOW Price": 3.81,
    "WOW Size": "500g",
    "WOW ppu": "$7.62 / 1KG"
  },
  {
    "Brand_Product_Size": "Slim Secrets Protein Pud With Chia Salted Caramel 115g",
    "WOW Price": 4.5,
    "WOW Size": "115g",
    "WOW ppu": "$3.91 / 100G"
  },
  {
    "Brand_Product_Size": "Lighthouse Wholemeal Plain Flour For Bread Pizza & Tortilla 1kg",
    "WOW Price": 3.75,
    "WOW Size": "1kg",
    "WOW ppu": "$3.75 / 1KG"
  },
  {
    "Brand_Product_Size": "Thankyou. Body Wash Botanical Cedarwood 500mL",
    "WOW Price": 8,
    "WOW Size": "500mL",
    "WOW ppu": "$1.60 / 100ML"
  },
  {
    "Brand_Product_Size": "Rexona Men Clinical Sport 180mL",
    "WOW Price": 5,
    "WOW Size": "180mL",
    "WOW ppu": "$2.78 / 100ML"
  },
  {
    "Brand_Product_Size": "Neutrogena Spf 50+ Sunscreen Ultra Sheer Lotion 85mL",
    "WOW Price": 12,
    "WOW Size": "85mL",
    "WOW ppu": "$14.12 / 100ML"
  },
  {
    "Brand_Product_Size": "Sistema Coolers Maxi Fold Up Lunch each",
    "WOW Price": 10,
    "WOW Size": "each",
    "WOW ppu": ""
  },
  {
    "Brand_Product_Size": "Sistema Coolers Maxi Fold Up Lunch each",
    "WOW Price": 10,
    "WOW Size": "each",
    "WOW ppu": ""
  },
  {
    "Brand_Product_Size": "Edge Mens 5 Blade Cartridge 4 pack",
    "WOW Price": 6,
    "WOW Size": "4 pack",
    "WOW ppu": "$1.50 / 1EA"
  },
  {
    "Brand_Product_Size": "Woolworths Green Tea 50 pack",
    "WOW Price": 2.2,
    "WOW Size": "50 pack",
    "WOW ppu": "$0.04 / 1EA"
  },
  {
    "Brand_Product_Size": "Woolworths Green Tea 50 pack",
    "WOW Price": 2.2,
    "WOW Size": "50 pack",
    "WOW ppu": "$0.04 / 1EA"
  },
  {
    "Brand_Product_Size": "Oscar Orsen Salon Clips 4 pack",
    "WOW Price": 4.99,
    "WOW Size": "4 pack",
    "WOW ppu": ""
  },
  {
    "Brand_Product_Size": "Wahu High Bounce Ball Assorted each",
    "WOW Price": 4,
    "WOW Size": "each",
    "WOW ppu": ""
  },
  {
    "Brand_Product_Size": "Palmolive 3in1 Shampoo Conditioner & Bodywash Funny Honey 700mL",
    "WOW Price": 6.5,
    "WOW Size": "700mL",
    "WOW ppu": "$0.93 / 100ML"
  },
  {
    "Brand_Product_Size": "Natures Organics Fruits Shampoo Shine Wild Berry 500mL",
    "WOW Price": 1.9,
    "WOW Size": "500mL",
    "WOW ppu": "$0.38 / 100ML"
  },
  {
    "Brand_Product_Size": "Dettol Antibacterial Disinfectant Liquid Solution 750mL",
    "WOW Price": 11.2,
    "WOW Size": "750mL",
    "WOW ppu": "$1.49 / 100ML"
  },
  {
    "Brand_Product_Size": "Rimmel Lasting Finish 25h Foundation 300 Sand 30mL",
    "WOW Price": 9.5,
    "WOW Size": "30mL",
    "WOW ppu": "$3.17 / 10ML"
  },
  {
    "Brand_Product_Size": "Shelby's Salted Caramel Peanut Butter & Dark Choc Bar 40g",
    "WOW Price": 3,
    "WOW Size": "40g",
    "WOW ppu": "$7.50 / 100G"
  },
  {
    "Brand_Product_Size": "Optimum Small Breed With Chicken Vegetables & Rice Dry Dog Food 3kg",
    "WOW Price": 13,
    "WOW Size": "3kg",
    "WOW ppu": "$0.43 / 100G"
  },
  {
    "Brand_Product_Size": "Yoplait Petit Miam Banana 70g",
    "WOW Price": 1,
    "WOW Size": "70g",
    "WOW ppu": "$1.43 / 100G"
  },
  {
    "Brand_Product_Size": "Yoplait Petit Miam Banana 70g",
    "WOW Price": 1,
    "WOW Size": "70g",
    "WOW ppu": "$1.43 / 100G"
  },
  {
    "Brand_Product_Size": "Garnier Fructis Colour Last Shampoo Shampoo 315mL",
    "WOW Price": 7,
    "WOW Size": "315mL",
    "WOW ppu": "$2.22 / 100ML"
  },
  {
    "Brand_Product_Size": "King Island Lighthouse Blue Brie Cheese 200g",
    "WOW Price": 12.6,
    "WOW Size": "200g",
    "WOW ppu": "$63.00 / 1KG"
  },
  {
    "Brand_Product_Size": "King Island Lighthouse Blue Brie Cheese 200g",
    "WOW Price": 12.6,
    "WOW Size": "200g",
    "WOW ppu": "$63.00 / 1KG"
  },
  {
    "Brand_Product_Size": "Maggie Beer Fig & Walnut Paste 100g",
    "WOW Price": 6,
    "WOW Size": "100g",
    "WOW ppu": "$60.00 / 1KG"
  },
  {
    "Brand_Product_Size": "Spirax 5 Subject Book A4 Assorted Colours 250pg each",
    "WOW Price": 8,
    "WOW Size": "250pg each",
    "WOW ppu": ""
  },
  {
    "Brand_Product_Size": "Woolworths Essentials Appliance Plastic Toaster 2 Slice each",
    "WOW Price": 14,
    "WOW Size": "each",
    "WOW ppu": ""
  },
  {
    "Brand_Product_Size": "Woolworths Ice Cream Honey Caramel Macadamia 1L tub",
    "WOW Price": 5,
    "WOW Size": "1L tub",
    "WOW ppu": "$0.50 / 100ML"
  },
  {
    "Brand_Product_Size": "Chicken Thigh Fillet per kg",
    "WOW Price": 12,
    "WOW Size": "per kg",
    "WOW ppu": "$12.00 / 1KG"
  },
  {
    "Brand_Product_Size": "Borg's Pastizzis Triangles Spinach & Ricotta 360g",
    "WOW Price": 2.5,
    "WOW Size": "360g",
    "WOW ppu": "$0.69 / 100G"
  },
  {
    "Brand_Product_Size": "Woolworths Essentials Whisk Metal With Nylon Handle each",
    "WOW Price": 2,
    "WOW Size": "each",
    "WOW ppu": ""
  },
  {
    "Brand_Product_Size": "Cenovis Echinacea, Garlic, Zinc + C Tablets 60 pack",
    "WOW Price": 16,
    "WOW Size": "60 pack",
    "WOW ppu": "$26.67 / 100EA"
  },
  {
    "Brand_Product_Size": "Propovir Cold Sore Cream 2g",
    "WOW Price": 10.5,
    "WOW Size": "2g",
    "WOW ppu": "$52.50 / 10G"
  },
  {
    "Brand_Product_Size": "Woolworths Red Onions 1kg bag",
    "WOW Price": 3,
    "WOW Size": "1kg bag",
    "WOW ppu": "$3.00 / 1KG"
  },
  {
    "Brand_Product_Size": "Pop Tops Apple Blackcurrant Drink 250mL x6 pack",
    "WOW Price": 4.5,
    "WOW Size": "250mL x6 pack",
    "WOW ppu": "$3.00 / 1L"
  },
  {
    "Brand_Product_Size": "Pop Tops Apple Blackcurrant Drink 250mL x6 pack",
    "WOW Price": 4.5,
    "WOW Size": "250mL x6 pack",
    "WOW ppu": "$3.00 / 1L"
  },
  {
    "Brand_Product_Size": "Ultimates Indulge Chicken & Tuna / Chicken & Sardines 12x100g",
    "WOW Price": 11,
    "WOW Size": "12x100g",
    "WOW ppu": "$0.92 / 100G"
  },
  {
    "Brand_Product_Size": "L'oreal Paris Preference Hair Colour 11.21 Very Very Light Cool each",
    "WOW Price": 11.4,
    "WOW Size": "each",
    "WOW ppu": ""
  },
  {
    "Brand_Product_Size": "Sistema Laundry Bucket 10l 10L",
    "WOW Price": 8,
    "WOW Size": "10L",
    "WOW ppu": ""
  },
  {
    "Brand_Product_Size": "Woolworths Hickory Half Leg Ham 600g - 1.05kg",
    "WOW Price": 21.53,
    "WOW Size": "600g - 1.05kg",
    "WOW ppu": "$20.50 / 1KG"
  },
  {
    "Brand_Product_Size": "Freshwater Farm Australia Rosewater & Pink Clay Cleansing Bar 200g",
    "WOW Price": 4.5,
    "WOW Size": "200g",
    "WOW ppu": "$2.25 / 100G"
  },
  {
    "Brand_Product_Size": "Woolworths Orange Juice 2L",
    "WOW Price": 2,
    "WOW Size": "2L",
    "WOW ppu": "$1.00 / 1L"
  },
  {
    "Brand_Product_Size": "Uncle Tobys Blueberry & Ancient Grains Muesli Bar 5 pack",
    "WOW Price": 2.5,
    "WOW Size": "5 pack",
    "WOW ppu": "$1.43 / 100G"
  },
  {
    "Brand_Product_Size": "The Spice Tailor Classic Tarka Daal 500g",
    "WOW Price": 2.75,
    "WOW Size": "500g",
    "WOW ppu": "$0.55 / 100G"
  },
  {
    "Brand_Product_Size": "Mainland Extra Tasty Block 500g",
    "WOW Price": 9,
    "WOW Size": "500g",
    "WOW ppu": "$18.00 / 1KG"
  },
  {
    "Brand_Product_Size": "Safcol Tuna Oil Blend 74g",
    "WOW Price": 2,
    "WOW Size": "74g",
    "WOW ppu": "$27.03 / 1KG"
  },
  {
    "Brand_Product_Size": "Vittoria Organic Nespresso Compatible Coffee Capsules pack 10",
    "WOW Price": 7,
    "WOW Size": "pack 10",
    "WOW ppu": "$0.70 / 1EA"
  },
  {
    "Brand_Product_Size": "Vittoria Organic Nespresso Compatible Coffee Capsules pack 10",
    "WOW Price": 7,
    "WOW Size": "pack 10",
    "WOW ppu": "$0.70 / 1EA"
  },
  {
    "Brand_Product_Size": "Wallaby Bakers Flour 5kg",
    "WOW Price": 13.2,
    "WOW Size": "5kg",
    "WOW ppu": "$2.64 / 1KG"
  },
  {
    "Brand_Product_Size": "Unicorn Camembert Cheese 125g",
    "WOW Price": 3.5,
    "WOW Size": "125g",
    "WOW ppu": "$28.00 / 1KG"
  },
  {
    "Brand_Product_Size": "Unicorn Camembert Cheese 125g",
    "WOW Price": 3.5,
    "WOW Size": "125g",
    "WOW ppu": "$28.00 / 1KG"
  },
  {
    "Brand_Product_Size": "Farmers Market Chicken & Farm Vegetables Dry Dog Food 2.7kg",
    "WOW Price": 9.5,
    "WOW Size": "2.7kg",
    "WOW ppu": "$0.35 / 100G"
  },
  {
    "Brand_Product_Size": "Tru Blu Pub Squash Bottle 1.25L",
    "WOW Price": 1.15,
    "WOW Size": "1.25L",
    "WOW ppu": "$0.92 / 1L"
  },
  {
    "Brand_Product_Size": "Bosisto's Eucalyptus Oil 175mL",
    "WOW Price": 15,
    "WOW Size": "175mL",
    "WOW ppu": "$8.57 / 100ML"
  },
  {
    "Brand_Product_Size": "Suimin Noodles Beef Massaman Curry 137g",
    "WOW Price": 3,
    "WOW Size": "137g",
    "WOW ppu": "$2.19 / 100G"
  },
  {
    "Brand_Product_Size": "Cool Ridge Still Water Bottle 600mL",
    "WOW Price": 1.95,
    "WOW Size": "600mL",
    "WOW ppu": "$3.25 / 1L"
  },
  {
    "Brand_Product_Size": "Ozkleen Oven Cleaner Power Kit each",
    "WOW Price": 8.7,
    "WOW Size": "each",
    "WOW ppu": "$8.70 / 1EA"
  },
  {
    "Brand_Product_Size": "Loacker Wafers White Tortina 125g",
    "WOW Price": 2.5,
    "WOW Size": "125g",
    "WOW ppu": "$2.00 / 100G"
  },
  {
    "Brand_Product_Size": "Herbal Essences Sulfate Free Honey & Vitamin B Conditioner 400mL",
    "WOW Price": 7,
    "WOW Size": "400mL",
    "WOW ppu": "$1.75 / 100ML"
  },
  {
    "Brand_Product_Size": "Masterfoods Charred Korean Barbecue Style Marinade 160g",
    "WOW Price": 2.4,
    "WOW Size": "160g",
    "WOW ppu": "$1.50 / 100G"
  },
  {
    "Brand_Product_Size": "Pana Organic Double Chocolate Dairy Free Frozen Dessert 475mL",
    "WOW Price": 11,
    "WOW Size": "475mL",
    "WOW ppu": "$2.32 / 100ML"
  },
  {
    "Brand_Product_Size": "Armada Garbage Bags 20 pack",
    "WOW Price": 2,
    "WOW Size": "20 pack",
    "WOW ppu": "$0.10 / 1EA"
  },
  {
    "Brand_Product_Size": "Disney Mother's Day Minnie Mug & Sock Set each",
    "WOW Price": 10,
    "WOW Size": "each",
    "WOW ppu": ""
  },
  {
    "Brand_Product_Size": "Decor Go Reusable Gel Ice Pack 2 pack",
    "WOW Price": 3.5,
    "WOW Size": "2 pack",
    "WOW ppu": ""
  },
  {
    "Brand_Product_Size": "Maseur Footcare Memory Foam Insole each",
    "WOW Price": 18.5,
    "WOW Size": "each",
    "WOW ppu": "$18.50 / 1EA"
  },
  {
    "Brand_Product_Size": "Passage To India Simmer Sauce Mango Chicken 375g",
    "WOW Price": 4.7,
    "WOW Size": "375g",
    "WOW ppu": "$1.25 / 100G"
  },
  {
    "Brand_Product_Size": "Dentalife Activfresh Adult Large Breed Dog Dental Treats 7 pack",
    "WOW Price": 6.5,
    "WOW Size": "7 pack",
    "WOW ppu": "$3.19 / 100G"
  },
  {
    "Brand_Product_Size": "Frankie & Friends Sunflower Seeds 1.5kg",
    "WOW Price": 5.5,
    "WOW Size": "1.5kg",
    "WOW ppu": "$0.37 / 100G"
  },
  {
    "Brand_Product_Size": "Colgate Advanced Whitening Tartar Control Toothpaste Pump 130g",
    "WOW Price": 8.6,
    "WOW Size": "130g",
    "WOW ppu": "$6.62 / 100G"
  },
  {
    "Brand_Product_Size": "Lighthouse Biscuit Pastry & Cake Plain Flour 1kg",
    "WOW Price": 3.75,
    "WOW Size": "1kg",
    "WOW ppu": "$3.75 / 1KG"
  },
  {
    "Brand_Product_Size": "Rafferty's Garden Cheese Chickpea Pops 17g",
    "WOW Price": 1.9,
    "WOW Size": "17g",
    "WOW ppu": "$11.18 / 100G"
  },
  {
    "Brand_Product_Size": "Red Rock Deli Potato Chips Multipack Honey Soy Chicken 5 pack",
    "WOW Price": 4.65,
    "WOW Size": "5 pack",
    "WOW ppu": "$3.32 / 100G"
  },
  {
    "Brand_Product_Size": "Weis Lemon Myrtle & Coconut Cream Ice Cream Bars 4 pack",
    "WOW Price": 5.5,
    "WOW Size": "4 pack",
    "WOW ppu": "$1.96 / 100ML"
  },
  {
    "Brand_Product_Size": "Tommee Tippee Closer To Nature Night-time Soothers 6 To18 Months 2 pack",
    "WOW Price": 7.7,
    "WOW Size": "2 pack",
    "WOW ppu": "$3.85 / 1EA"
  },
  {
    "Brand_Product_Size": "Decor Bamboo Dinner Plate Teal each",
    "WOW Price": 2.5,
    "WOW Size": "each",
    "WOW ppu": ""
  },
  {
    "Brand_Product_Size": "Philips Cfl Tornado Warm White Globe 20w Es Base each",
    "WOW Price": 6.5,
    "WOW Size": "each",
    "WOW ppu": ""
  },
  {
    "Brand_Product_Size": "Sanpellegrino Essenza Lemon & Lemon Zest 330mL x8 pack",
    "WOW Price": 11,
    "WOW Size": "330mL x8 pack",
    "WOW ppu": "$4.17 / 1L"
  },
  {
    "Brand_Product_Size": "Golden Circle Pine Orange Fruit Juice 2L",
    "WOW Price": 2.7,
    "WOW Size": "2L",
    "WOW ppu": "$1.35 / 1L"
  },
  {
    "Brand_Product_Size": "The Complete Dairy Light Milk High Protein 1L",
    "WOW Price": 2.5,
    "WOW Size": "1L",
    "WOW ppu": "$2.50 / 1L"
  },
  {
    "Brand_Product_Size": "Macro Oyster Blade Steak 200g - 550g",
    "WOW Price": 14.85,
    "WOW Size": "200g - 550g",
    "WOW ppu": "$27.00 / 1KG"
  },
  {
    "Brand_Product_Size": "Oral-b Dental Floss Satin Tape Mint 25 Meters each",
    "WOW Price": 3.95,
    "WOW Size": "each",
    "WOW ppu": "$0.16 / 1M"
  },
  {
    "Brand_Product_Size": "Nivea Hand Cream Smooth Hands & Nail Care 100mL",
    "WOW Price": 8,
    "WOW Size": "100mL",
    "WOW ppu": "$8.00 / 100ML"
  },
  {
    "Brand_Product_Size": "Woolworths Uncrystallised Ginger 150g",
    "WOW Price": 2.85,
    "WOW Size": "150g",
    "WOW ppu": "$19.00 / 1KG"
  },
  {
    "Brand_Product_Size": "White Glo Instant White Toothpaste 150g",
    "WOW Price": 3.6,
    "WOW Size": "150g",
    "WOW ppu": "$2.40 / 100G"
  },
  {
    "Brand_Product_Size": "Yankee Candle Home Inspiration Cinnamon Churro Candle Jar 340g",
    "WOW Price": 20,
    "WOW Size": "340g",
    "WOW ppu": ""
  },
  {
    "Brand_Product_Size": "Glow Lab Volumising Shampoo 300mL",
    "WOW Price": 18,
    "WOW Size": "300mL",
    "WOW ppu": "$6.00 / 100ML"
  },
  {
    "Brand_Product_Size": "Sanitarium So Good Chilled Regular Soy Milk 1L",
    "WOW Price": 2,
    "WOW Size": "1L",
    "WOW ppu": "$2.00 / 1L"
  },
  {
    "Brand_Product_Size": "Nerada Organic Green Lemon Myrtle Tea Bags 50 pack",
    "WOW Price": 4.25,
    "WOW Size": "50 pack",
    "WOW ppu": "$0.09 / 1EA"
  },
  {
    "Brand_Product_Size": "Nerada Organic Green Lemon Myrtle Tea Bags 50 pack",
    "WOW Price": 4.25,
    "WOW Size": "50 pack",
    "WOW ppu": "$0.09 / 1EA"
  },
  {
    "Brand_Product_Size": "Gotzinger Black Pudding 300g",
    "WOW Price": 6.5,
    "WOW Size": "300g",
    "WOW ppu": "$21.67 / 1KG"
  },
  {
    "Brand_Product_Size": "Passage To Asia Thai Basil & Sweet Chili 200g",
    "WOW Price": 3,
    "WOW Size": "200g",
    "WOW ppu": "$1.50 / 100G"
  },
  {
    "Brand_Product_Size": "Pandaroo Lite Coconut Milk 165mL",
    "WOW Price": 1.3,
    "WOW Size": "165mL",
    "WOW ppu": "$0.79 / 100ML"
  },
  {
    "Brand_Product_Size": "Cadbury Chocolate Fish Bar 20g",
    "WOW Price": 1.2,
    "WOW Size": "20g",
    "WOW ppu": "$6.00 / 100G"
  },
  {
    "Brand_Product_Size": "Splenda Sweetener Sachets 100g",
    "WOW Price": 6.2,
    "WOW Size": "100g",
    "WOW ppu": ""
  },
  {
    "Brand_Product_Size": "Taste Magazine each",
    "WOW Price": 4.99,
    "WOW Size": "each",
    "WOW ppu": ""
  },
  {
    "Brand_Product_Size": "United King Pheni Fried Vermicelli 200g",
    "WOW Price": 2.75,
    "WOW Size": "200g",
    "WOW ppu": "$1.38 / 100G"
  },
  {
    "Brand_Product_Size": "Forno D'angelo Cannoncini 125g",
    "WOW Price": 3.5,
    "WOW Size": "125g",
    "WOW ppu": "$2.80 / 100G"
  },
  {
    "Brand_Product_Size": "Liddells Full Cream Long Life Milk Lactose Free 1L",
    "WOW Price": 2.25,
    "WOW Size": "1L",
    "WOW ppu": "$2.25 / 1L"
  },
  {
    "Brand_Product_Size": "Liddells Full Cream Long Life Milk Lactose Free 1L",
    "WOW Price": 2.25,
    "WOW Size": "1L",
    "WOW ppu": "$2.25 / 1L"
  },
  {
    "Brand_Product_Size": "Selleys Adhesive Fix & Go Supa Glue 3mL",
    "WOW Price": 2.85,
    "WOW Size": "3mL",
    "WOW ppu": "$95.00 / 100ML"
  },
  {
    "Brand_Product_Size": "Schweppes Infused Natural Mineral Water With Grapefruit 1.1L",
    "WOW Price": 1.25,
    "WOW Size": "1.1L",
    "WOW ppu": "$1.14 / 1L"
  },
  {
    "Brand_Product_Size": "Rimmel Natural Bronzer Sunlight 14g",
    "WOW Price": 8,
    "WOW Size": "14g",
    "WOW ppu": "$5.71 / 10G"
  },
  {
    "Brand_Product_Size": "Herbal Essences Bio Renew Shampoo Hydrate Coconut Milk 600mL",
    "WOW Price": 9,
    "WOW Size": "600mL",
    "WOW ppu": "$1.50 / 100ML"
  },
  {
    "Brand_Product_Size": "Listerine Zero Mouthwash 1L",
    "WOW Price": 11.5,
    "WOW Size": "1L",
    "WOW ppu": "$1.15 / 100ML"
  },
  {
    "Brand_Product_Size": "Praise Dressings Italian Original 330mL",
    "WOW Price": 3,
    "WOW Size": "330mL",
    "WOW ppu": "$0.91 / 100ML"
  },
  {
    "Brand_Product_Size": "Four Seasons Condoms Naked Closer 12 pack",
    "WOW Price": 6.3,
    "WOW Size": "12 pack",
    "WOW ppu": "$0.53 / 1EA"
  },
  {
    "Brand_Product_Size": "Connect Foods Roast Black Beans Pink Himalayan Salt 125g",
    "WOW Price": 3,
    "WOW Size": "125g",
    "WOW ppu": "$2.40 / 100G"
  },
  {
    "Brand_Product_Size": "Sa Gourmet Food Co Apple Fruit Custard 120g",
    "WOW Price": 1.4,
    "WOW Size": "120g",
    "WOW ppu": "$1.17 / 100G"
  },
  {
    "Brand_Product_Size": "Staedtler Double Hole Tub Sharpener each",
    "WOW Price": 3.5,
    "WOW Size": "each",
    "WOW ppu": ""
  },
  {
    "Brand_Product_Size": "Ya - Coya Sugar Free Aloe Crush 1.5L",
    "WOW Price": 4.8,
    "WOW Size": "1.5L",
    "WOW ppu": "$3.20 / 1L"
  },
  {
    "Brand_Product_Size": "Famous Soda Co Passionfruit 330mL",
    "WOW Price": 4,
    "WOW Size": "330mL",
    "WOW ppu": ""
  },
  {
    "Brand_Product_Size": "Mcobeauty Waterproof Skinny Liquid Liner 0.6mL",
    "WOW Price": 6,
    "WOW Size": "0.6mL",
    "WOW ppu": "$100.00 / 10ML"
  },
  {
    "Brand_Product_Size": "Leggos Lasagne Bake White Sauce With Tasty Cheese 490g",
    "WOW Price": 3,
    "WOW Size": "490g",
    "WOW ppu": "$0.61 / 100G"
  },
  {
    "Brand_Product_Size": "Barilla Pasta Sauce Basilico Tomato Basil 400g",
    "WOW Price": 3.75,
    "WOW Size": "400g",
    "WOW ppu": "$0.94 / 100G"
  },
  {
    "Brand_Product_Size": "Gravox Gravy Liquid Lamb & Rosemary 165g",
    "WOW Price": 2.5,
    "WOW Size": "165g",
    "WOW ppu": "$1.52 / 100G"
  },
  {
    "Brand_Product_Size": "Hartz Pop Top Still Spring Water 250mL x6 pack",
    "WOW Price": 5.3,
    "WOW Size": "250mL x6 pack",
    "WOW ppu": "$3.53 / 1L"
  },
  {
    "Brand_Product_Size": "Essentials Ice Cream Cone Cups 24 pack",
    "WOW Price": 1.65,
    "WOW Size": "24 pack",
    "WOW ppu": "$1.65 / 100G"
  },
  {
    "Brand_Product_Size": "Bega Strong & Bitey Vintage Cheese 250g",
    "WOW Price": 6,
    "WOW Size": "250g",
    "WOW ppu": "$24.00 / 1KG"
  },
  {
    "Brand_Product_Size": "Nair Hair Removal Shower Cream With Coconut Oil 357g",
    "WOW Price": 15.5,
    "WOW Size": "357g",
    "WOW ppu": "$4.34 / 100G"
  },
  {
    "Brand_Product_Size": "Nivea Cleansing Cream Gentle Dry & Sensitive Skin 150mL",
    "WOW Price": 7.7,
    "WOW Size": "150mL",
    "WOW ppu": "$5.13 / 100ML"
  },
  {
    "Brand_Product_Size": "Country Life Soap Bar Fresh Linen 5 pack",
    "WOW Price": 2,
    "WOW Size": "5 pack",
    "WOW ppu": "$0.44 / 100G"
  },
  {
    "Brand_Product_Size": "Cover Girl Perfect Blend Eye Pencil 110 Black Brown each",
    "WOW Price": 6.5,
    "WOW Size": "each",
    "WOW ppu": "$76.47 / 10G"
  },
  {
    "Brand_Product_Size": "Sa Gourmet Food Co Classic Italian Minestrone Soup 430g",
    "WOW Price": 2.7,
    "WOW Size": "430g",
    "WOW ppu": "$0.63 / 100G"
  },
  {
    "Brand_Product_Size": "Griffins Malt Biscuits 250g",
    "WOW Price": 3.5,
    "WOW Size": "250g",
    "WOW ppu": "$1.40 / 100G"
  },
  {
    "Brand_Product_Size": "Razzamatazz Knee Hi Sheer Soft Tan 2 pack",
    "WOW Price": 7,
    "WOW Size": "2 pack",
    "WOW ppu": ""
  },
  {
    "Brand_Product_Size": "Always Fresh Olives Parmesan Stuffed 235g",
    "WOW Price": 5.4,
    "WOW Size": "235g",
    "WOW ppu": "$22.98 / 1KG"
  },
  {
    "Brand_Product_Size": "Valley Produce Company Seed Crisps Cranberry & Hazelnut 170g",
    "WOW Price": 6.3,
    "WOW Size": "170g",
    "WOW ppu": "$3.71 / 100G"
  },
  {
    "Brand_Product_Size": "Pine O Cleen Disinfectant Floor Cleaner Pomegranate 1L",
    "WOW Price": 5,
    "WOW Size": "1L",
    "WOW ppu": "$0.50 / 100ML"
  },
  {
    "Brand_Product_Size": "Mint Stamped Pattern Antipasto Dish each",
    "WOW Price": 2,
    "WOW Size": "each",
    "WOW ppu": ""
  },
  {
    "Brand_Product_Size": "Baton Bubble Wand Assorted each",
    "WOW Price": 1,
    "WOW Size": "each",
    "WOW ppu": ""
  },
  {
    "Brand_Product_Size": "Kenco Forest Fresh Air Freshener Watermelon each",
    "WOW Price": 2.5,
    "WOW Size": "each",
    "WOW ppu": ""
  },
  {
    "Brand_Product_Size": "Yoplait Classics Mixed Yoghurts 6 pack",
    "WOW Price": 5,
    "WOW Size": "6 pack",
    "WOW ppu": "$0.52 / 100G"
  },
  {
    "Brand_Product_Size": "Huggies Ultra Dry Nappies Toddler 10-15kg Boy 72 pack",
    "WOW Price": 30,
    "WOW Size": "72 pack",
    "WOW ppu": "$0.42 / 1EA"
  },
  {
    "Brand_Product_Size": "Masterfoods Slow Cooker Beef & Red Wine Casserole 175g",
    "WOW Price": 2.2,
    "WOW Size": "175g",
    "WOW ppu": "$1.26 / 100G"
  },
  {
    "Brand_Product_Size": "Wiltshire Eat Smart 2 In 1 Peeler each",
    "WOW Price": 3.6,
    "WOW Size": "each",
    "WOW ppu": ""
  },
  {
    "Brand_Product_Size": "Always Fresh Garlic Olives 230g",
    "WOW Price": 5.4,
    "WOW Size": "230g",
    "WOW ppu": "$23.48 / 1KG"
  },
  {
    "Brand_Product_Size": "Sam's Pantry Honey Salted Almond Nut Bar 5 pack",
    "WOW Price": 3.5,
    "WOW Size": "5 pack",
    "WOW ppu": "$2.06 / 100G"
  },
  {
    "Brand_Product_Size": "Sam's Pantry Honey Salted Almond Nut Bar 5 pack",
    "WOW Price": 3.5,
    "WOW Size": "5 pack",
    "WOW ppu": "$2.06 / 100G"
  },
  {
    "Brand_Product_Size": "Bare Bakers Salted Caramel Choc Brownie 270g",
    "WOW Price": 6.5,
    "WOW Size": "270g",
    "WOW ppu": "$2.41 / 100G"
  },
  {
    "Brand_Product_Size": "Canesten Antibacterial And Antifungal Hygiene Laundry Rinse Lemon 1L",
    "WOW Price": 7.4,
    "WOW Size": "1L",
    "WOW ppu": "$7.40 / 1L"
  },
  {
    "Brand_Product_Size": "Rufus & Coco Pet Grooming Nail Clippers & File each",
    "WOW Price": 14.15,
    "WOW Size": "each",
    "WOW ppu": ""
  },
  {
    "Brand_Product_Size": "Nicabate Quit Smoking Minis Lozenge 4 Mg 20 pack",
    "WOW Price": 12.79,
    "WOW Size": "20 pack",
    "WOW ppu": "$0.64 / 1EA"
  },
  {
    "Brand_Product_Size": "Nescafe Coffee Sachets Strong 26 pack",
    "WOW Price": 11,
    "WOW Size": "26 pack",
    "WOW ppu": "$0.42 / 1EA"
  },
  {
    "Brand_Product_Size": "Nescafe Coffee Sachets Strong 26 pack",
    "WOW Price": 11,
    "WOW Size": "26 pack",
    "WOW ppu": "$0.42 / 1EA"
  },
  {
    "Brand_Product_Size": "Robert Timms Instant Coffee Premium Full-bodied 500g",
    "WOW Price": 15,
    "WOW Size": "500g",
    "WOW ppu": "$3.00 / 100G"
  },
  {
    "Brand_Product_Size": "Robert Timms Instant Coffee Premium Full-bodied 500g",
    "WOW Price": 15,
    "WOW Size": "500g",
    "WOW ppu": "$3.00 / 100G"
  },
  {
    "Brand_Product_Size": "Kellogg's Sustain Whole Grain Flakes Cereal 480g",
    "WOW Price": 4.25,
    "WOW Size": "480g",
    "WOW ppu": "$0.89 / 100G"
  },
  {
    "Brand_Product_Size": "Uncle Ben's Indian Style Spiced Rice 250g",
    "WOW Price": 3.25,
    "WOW Size": "250g",
    "WOW ppu": "$1.30 / 100G"
  },
  {
    "Brand_Product_Size": "Aeroplane Jelly Original Strawberry 85g",
    "WOW Price": 1,
    "WOW Size": "85g",
    "WOW ppu": "$1.18 / 100G"
  },
  {
    "Brand_Product_Size": "St Tropez Bronzing Water Face Mist 80mL",
    "WOW Price": 35,
    "WOW Size": "80mL",
    "WOW ppu": "$43.75 / 100ML"
  },
  {
    "Brand_Product_Size": "Ayam Paste Thai Chilli Jam 185g",
    "WOW Price": 4,
    "WOW Size": "185g",
    "WOW ppu": "$2.16 / 100G"
  },
  {
    "Brand_Product_Size": "Tradie Mens Trunk Xl 3 pack",
    "WOW Price": 20,
    "WOW Size": "3 pack",
    "WOW ppu": ""
  },
  {
    "Brand_Product_Size": "Mckenzie's Soup Mix Superblend Fibre 350g",
    "WOW Price": 3.95,
    "WOW Size": "350g",
    "WOW ppu": "$1.13 / 100G"
  },
  {
    "Brand_Product_Size": "Sanitarium Weet-bix Breakfast Cereal 575g",
    "WOW Price": 3.8,
    "WOW Size": "575g",
    "WOW ppu": "$0.66 / 100G"
  },
  {
    "Brand_Product_Size": "Nobby's Pork Crackle Spicy Bbq 50g",
    "WOW Price": 1.75,
    "WOW Size": "50g",
    "WOW ppu": "$3.50 / 100G"
  },
  {
    "Brand_Product_Size": "Nature's Way Beauty Collagn Mature Skin Tablets 60 pack",
    "WOW Price": 35,
    "WOW Size": "60 pack",
    "WOW ppu": "$58.33 / 100EA"
  },
  {
    "Brand_Product_Size": "Farmers Union Greek Style Lactose Free Yoghurt 500g",
    "WOW Price": 4.8,
    "WOW Size": "500g",
    "WOW ppu": "$0.96 / 100G"
  },
  {
    "Brand_Product_Size": "Head &amp; Shoulders Supreme Moisture Conditioner 550mL",
    "WOW Price": 13.3,
    "WOW Size": "550mL",
    "WOW ppu": "$2.42 / 100ML"
  },
  {
    "Brand_Product_Size": "Nivea Men Active Energy Face Cream Moisturiser 50mL",
    "WOW Price": 8.7,
    "WOW Size": "50mL",
    "WOW ppu": "$17.40 / 100ML"
  },
  {
    "Brand_Product_Size": "Oreo Family Pack Original 370g",
    "WOW Price": 3.5,
    "WOW Size": "370g",
    "WOW ppu": "$0.95 / 100G"
  },
  {
    "Brand_Product_Size": "Lavazza Tierra Bio-organic Coffee Beans 500g",
    "WOW Price": 18,
    "WOW Size": "500g",
    "WOW ppu": "$3.60 / 100G"
  },
  {
    "Brand_Product_Size": "Lavazza Tierra Bio-organic Coffee Beans 500g",
    "WOW Price": 18,
    "WOW Size": "500g",
    "WOW ppu": "$3.60 / 100G"
  },
  {
    "Brand_Product_Size": "Platinum Blush Brush each",
    "WOW Price": 12,
    "WOW Size": "each",
    "WOW ppu": "$12.00 / 1EA"
  },
  {
    "Brand_Product_Size": "Felix As Good As It Looks Ocean Menus In Jelly Wet Cat Food 85g x12 pack",
    "WOW Price": 11.5,
    "WOW Size": "85g x12 pack",
    "WOW ppu": "$1.13 / 100G"
  },
  {
    "Brand_Product_Size": "Mccain Pizza Pockets Super Supreme 400g",
    "WOW Price": 5,
    "WOW Size": "400g",
    "WOW ppu": "$1.25 / 100G"
  },
  {
    "Brand_Product_Size": "Lake Prespa Red Peppers Fire Roasted 1kg",
    "WOW Price": 8.5,
    "WOW Size": "1kg",
    "WOW ppu": "$8.50 / 1KG"
  },
  {
    "Brand_Product_Size": "Podravka Beef Goulash 300g",
    "WOW Price": 4,
    "WOW Size": "300g",
    "WOW ppu": "$13.33 / 1KG"
  },
  {
    "Brand_Product_Size": "Sally Hansen Acetone Free Polish Remover 150mL",
    "WOW Price": 3,
    "WOW Size": "150mL",
    "WOW ppu": ""
  },
  {
    "Brand_Product_Size": "Kettle Purple & Golden Potatoes Lightly Sea Salted Chips 90g",
    "WOW Price": 4,
    "WOW Size": "90g",
    "WOW ppu": "$4.44 / 100G"
  },
  {
    "Brand_Product_Size": "Only Organic Snack Teething Rusks 100g",
    "WOW Price": 3.1,
    "WOW Size": "100g",
    "WOW ppu": "$3.10 / 100G"
  },
  {
    "Brand_Product_Size": "Musashi Bulk Protein Chocolate Milkshake Flavour 900g",
    "WOW Price": 40.4,
    "WOW Size": "900g",
    "WOW ppu": "$4.49 / 100G"
  },
  {
    "Brand_Product_Size": "Maybelline Cheek Heat Sheer Gel Cream Blush 20 Rose Flush 8mL",
    "WOW Price": 8.5,
    "WOW Size": "8mL",
    "WOW ppu": "$10.63 / 10ML"
  },
  {
    "Brand_Product_Size": "Milne Feeds Free Range Poultry Crumble 2kg",
    "WOW Price": 5,
    "WOW Size": "2kg",
    "WOW ppu": "$0.25 / 100G"
  },
  {
    "Brand_Product_Size": "Massel Ultracubes Salt Reduced Vegetable 105g",
    "WOW Price": 3.4,
    "WOW Size": "105g",
    "WOW ppu": "$0.32 / 10G"
  },
  {
    "Brand_Product_Size": "Sanitarium Peanut Butter Smooth Natural 375g",
    "WOW Price": 3.5,
    "WOW Size": "375g",
    "WOW ppu": "$0.93 / 100G"
  },
  {
    "Brand_Product_Size": "Heinz 8 Months+ Apple, Strawberry & Passionfruit 120g",
    "WOW Price": 1.5,
    "WOW Size": "120g",
    "WOW ppu": "$1.25 / 100G"
  },
  {
    "Brand_Product_Size": "Lolly Go Round Round Triple Hearts 170g",
    "WOW Price": 2,
    "WOW Size": "170g",
    "WOW ppu": "$1.18 / 100G"
  },
  {
    "Brand_Product_Size": "Cetaphil Daily Lotion With Shea Butter 400mL",
    "WOW Price": 12,
    "WOW Size": "400mL",
    "WOW ppu": "$3.00 / 100ML"
  },
  {
    "Brand_Product_Size": "Nature's Way Slim Right Slimming Meal Strawberry Swirl Flavour 500g",
    "WOW Price": 20,
    "WOW Size": "500g",
    "WOW ppu": "$4.00 / 100G"
  },
  {
    "Brand_Product_Size": "Campbell's Real Vegetable Liquid Stock 500mL",
    "WOW Price": 2.29,
    "WOW Size": "500mL",
    "WOW ppu": "$0.46 / 100ML"
  },
  {
    "Brand_Product_Size": "Bosisto's Eucalyptus Drops Sugar Free 50g",
    "WOW Price": 2.7,
    "WOW Size": "50g",
    "WOW ppu": "$5.40 / 100G"
  },
  {
    "Brand_Product_Size": "Oral-b Cross Action Anti Bacterial Rainbow Indicator Toothbrush each",
    "WOW Price": 6,
    "WOW Size": "each",
    "WOW ppu": "$6.00 / 1EA"
  },
  {
    "Brand_Product_Size": "Noshu 97% Sugar Free Caramel Spice Donut 45g",
    "WOW Price": 3.75,
    "WOW Size": "45g",
    "WOW ppu": "$8.33 / 100G"
  },
  {
    "Brand_Product_Size": "Codral Relief 6 Signs Cold & Flu Capsules 16 pack",
    "WOW Price": 15.5,
    "WOW Size": "16 pack",
    "WOW ppu": "$0.97 / 1EA"
  },
  {
    "Brand_Product_Size": "Carman's Almond, Cashew & Cranberry Nut Bars 5 pack",
    "WOW Price": 6,
    "WOW Size": "5 pack",
    "WOW ppu": "$3.43 / 100G"
  },
  {
    "Brand_Product_Size": "Carman's Almond, Cashew & Cranberry Nut Bars 5 pack",
    "WOW Price": 6,
    "WOW Size": "5 pack",
    "WOW ppu": "$3.43 / 100G"
  },
  {
    "Brand_Product_Size": "Hart & Soul All Natural Creamy Makhani Black Lentil Dahl Curry 300g",
    "WOW Price": 3,
    "WOW Size": "300g",
    "WOW ppu": "$1.00 / 100G"
  },
  {
    "Brand_Product_Size": "Lovable Care & Refresh Laundry Liquid 1.5L",
    "WOW Price": 12,
    "WOW Size": "1.5L",
    "WOW ppu": "$8.00 / 1L"
  },
  {
    "Brand_Product_Size": "Maggi Chilli Con Carne Recipe Base 41g",
    "WOW Price": 1.75,
    "WOW Size": "41g",
    "WOW ppu": "$4.27 / 100G"
  },
  {
    "Brand_Product_Size": "Bonds Womens Comfy Crop Size Xl each",
    "WOW Price": 16,
    "WOW Size": "each",
    "WOW ppu": ""
  },
  {
    "Brand_Product_Size": "Schwarzkopf Taft Mousse Maximum Hold 200g",
    "WOW Price": 4.4,
    "WOW Size": "200g",
    "WOW ppu": "$2.20 / 100G"
  },
  {
    "Brand_Product_Size": "M&m's Crispy Chocolate Medium Bag 145g",
    "WOW Price": 2.25,
    "WOW Size": "145g",
    "WOW ppu": "$1.55 / 100G"
  },
  {
    "Brand_Product_Size": "Woolworths Milk Chocolate Coated Liquorice Twists 270g",
    "WOW Price": 2,
    "WOW Size": "270g",
    "WOW ppu": "$0.74 / 100G"
  },
  {
    "Brand_Product_Size": "Woolworths Lemon Juice 500mL",
    "WOW Price": 1.65,
    "WOW Size": "500mL",
    "WOW ppu": "$0.33 / 100ML"
  },
  {
    "Brand_Product_Size": "Batchelors Mushy Peas Canned Chip Shop 300g",
    "WOW Price": 2,
    "WOW Size": "300g",
    "WOW ppu": "$0.67 / 100G"
  },
  {
    "Brand_Product_Size": "Cancer Council Spf 50+ Sunscreen Sport 110mL",
    "WOW Price": 12,
    "WOW Size": "110mL",
    "WOW ppu": "$10.91 / 100ML"
  },
  {
    "Brand_Product_Size": "Macro Organic Light Coconut Milk 400mL",
    "WOW Price": 2.1,
    "WOW Size": "400mL",
    "WOW ppu": "$0.53 / 100ML"
  },
  {
    "Brand_Product_Size": "Birch & Waite Green Goddess Salad Dressing 250mL",
    "WOW Price": 5,
    "WOW Size": "250mL",
    "WOW ppu": "$2.00 / 100ML"
  },
  {
    "Brand_Product_Size": "Oh So Comfy Super Soft Scrunchies 2 pack",
    "WOW Price": 6,
    "WOW Size": "2 pack",
    "WOW ppu": ""
  },
  {
    "Brand_Product_Size": "Sunrice Hinata Short Grain Rice 5kg",
    "WOW Price": 20,
    "WOW Size": "5kg",
    "WOW ppu": "$0.40 / 100G"
  },
  {
    "Brand_Product_Size": "King Island Cheddar Cheese 170g",
    "WOW Price": 9.35,
    "WOW Size": "170g",
    "WOW ppu": "$55.00 / 1KG"
  },
  {
    "Brand_Product_Size": "King Island Cheddar Cheese 170g",
    "WOW Price": 9.35,
    "WOW Size": "170g",
    "WOW ppu": "$55.00 / 1KG"
  },
  {
    "Brand_Product_Size": "Woolworths Light Tasty Shredded Cheese 500g",
    "WOW Price": 6,
    "WOW Size": "500g",
    "WOW ppu": "$12.00 / 1KG"
  },
  {
    "Brand_Product_Size": "T2 Packs A Peach Tea Bags 10 pack",
    "WOW Price": 7,
    "WOW Size": "10 pack",
    "WOW ppu": "$0.70 / 1EA"
  },
  {
    "Brand_Product_Size": "T2 Packs A Peach Tea Bags 10 pack",
    "WOW Price": 7,
    "WOW Size": "10 pack",
    "WOW ppu": "$0.70 / 1EA"
  },
  {
    "Brand_Product_Size": "Woolworths Brazil Nut Kernals 400g",
    "WOW Price": 14,
    "WOW Size": "400g",
    "WOW ppu": "$35.00 / 1KG"
  },
  {
    "Brand_Product_Size": "Obela Hommus Roasted Capsicum 220g",
    "WOW Price": 4,
    "WOW Size": "220g",
    "WOW ppu": "$1.82 / 100G"
  },
  {
    "Brand_Product_Size": "Lucky Almonds, Sultanas & Probiotic Choc Bites 6 pack",
    "WOW Price": 6.4,
    "WOW Size": "6 pack",
    "WOW ppu": "$35.56 / 1KG"
  },
  {
    "Brand_Product_Size": "Evergreen Regular Tofu 900g",
    "WOW Price": 4.4,
    "WOW Size": "900g",
    "WOW ppu": "$4.89 / 1KG"
  },
  {
    "Brand_Product_Size": "Moki Life Sports Earphones each",
    "WOW Price": 9,
    "WOW Size": "each",
    "WOW ppu": ""
  },
  {
    "Brand_Product_Size": "Revlon Colorstay For Normal & Dry Skin Natural Beige Foundation 30mL",
    "WOW Price": 17.5,
    "WOW Size": "30mL",
    "WOW ppu": "$5.83 / 10ML"
  },
  {
    "Brand_Product_Size": "Shelby's Almonds Dark Chocolate & Espresso 40g",
    "WOW Price": 3,
    "WOW Size": "40g",
    "WOW ppu": "$7.50 / 100G"
  },
  {
    "Brand_Product_Size": "Chris' Taramosalata Homestyle Caviar Dip 200g",
    "WOW Price": 3.5,
    "WOW Size": "200g",
    "WOW ppu": "$1.75 / 100G"
  },
  {
    "Brand_Product_Size": "Supercoat Adult Beef Dry Dog Food Beef 7.5kg",
    "WOW Price": 29,
    "WOW Size": "7.5kg",
    "WOW ppu": "$0.39 / 100G"
  },
  {
    "Brand_Product_Size": "Palmolive Antibacterial Liquid Hand Wash Soap White Tea Refill 1L",
    "WOW Price": 6.5,
    "WOW Size": "1L",
    "WOW ppu": "$0.65 / 100ML"
  },
  {
    "Brand_Product_Size": "Ayam Paste Thai Massaman Curry 195g",
    "WOW Price": 3.5,
    "WOW Size": "195g",
    "WOW ppu": "$1.79 / 100G"
  },
  {
    "Brand_Product_Size": "Woolworths Gingernut Biscuits 250g",
    "WOW Price": 1.1,
    "WOW Size": "250g",
    "WOW ppu": "$0.44 / 100G"
  },
  {
    "Brand_Product_Size": "Mint Non-stick Coating Roaster Pan With V Rack each",
    "WOW Price": 20,
    "WOW Size": "each",
    "WOW ppu": ""
  },
  {
    "Brand_Product_Size": "Aunt Betty's Creamy Rice Dessert Apple & Cinnamon 240g",
    "WOW Price": 2,
    "WOW Size": "240g",
    "WOW ppu": "$0.83 / 100G"
  },
  {
    "Brand_Product_Size": "Aunt Betty's Creamy Rice Dessert Apple & Cinnamon 240g",
    "WOW Price": 2,
    "WOW Size": "240g",
    "WOW ppu": "$0.83 / 100G"
  },
  {
    "Brand_Product_Size": "Sara Lee Strawberry Cheesecake 410g",
    "WOW Price": 6.25,
    "WOW Size": "410g",
    "WOW ppu": "$1.52 / 100G"
  },
  {
    "Brand_Product_Size": "Neutrogena Rapid Wrinkle Repair Anti-ageing Moisturiser Night 29mL",
    "WOW Price": 40,
    "WOW Size": "29mL",
    "WOW ppu": "$137.93 / 100ML"
  },
  {
    "Brand_Product_Size": "Fantastic Chicken Noodle Cup 70g",
    "WOW Price": 1,
    "WOW Size": "70g",
    "WOW ppu": "$1.43 / 100G"
  },
  {
    "Brand_Product_Size": "Rimmel Lasting Matte Foundation Warm Porcelaine 30mL",
    "WOW Price": 9,
    "WOW Size": "30mL",
    "WOW ppu": "$3.00 / 10ML"
  },
  {
    "Brand_Product_Size": "Bellamy's Organic Baby Porridge 5 Months 125g",
    "WOW Price": 4,
    "WOW Size": "125g",
    "WOW ppu": "$3.20 / 100G"
  },
  {
    "Brand_Product_Size": "Betty Crocker Brownie Mix Frosted Chocolate 500g",
    "WOW Price": 5.2,
    "WOW Size": "500g",
    "WOW ppu": "$1.04 / 100G"
  },
  {
    "Brand_Product_Size": "Tokyo Ramen Noodle Chicken 4 pack",
    "WOW Price": 2.7,
    "WOW Size": "4 pack",
    "WOW ppu": "$2.25 / 100G"
  },
  {
    "Brand_Product_Size": "Masterfoods Onion Powder 40g",
    "WOW Price": 2.95,
    "WOW Size": "40g",
    "WOW ppu": "$0.74 / 10G"
  },
  {
    "Brand_Product_Size": "Campbell's Real Chicken Stock 250mL",
    "WOW Price": 1.65,
    "WOW Size": "250mL",
    "WOW ppu": "$0.66 / 100ML"
  },
  {
    "Brand_Product_Size": "Mortein Naturgard Insect Eucalyptus Spray Fly & Mosquito Killer 320g",
    "WOW Price": 7.7,
    "WOW Size": "320g",
    "WOW ppu": "$2.41 / 100G"
  },
  {
    "Brand_Product_Size": "Avalanche Sugar Free Drinking Chocolate 200g",
    "WOW Price": 4,
    "WOW Size": "200g",
    "WOW ppu": "$2.00 / 100G"
  },
  {
    "Brand_Product_Size": "Always Fresh Mixed Olives 220g",
    "WOW Price": 5.4,
    "WOW Size": "220g",
    "WOW ppu": "$24.55 / 1KG"
  },
  {
    "Brand_Product_Size": "Macro Organic Salted Butter 250g",
    "WOW Price": 3.7,
    "WOW Size": "250g",
    "WOW ppu": "$1.48 / 100G"
  },
  {
    "Brand_Product_Size": "Woolworths Boiled Sweets 225g",
    "WOW Price": 2,
    "WOW Size": "225g",
    "WOW ppu": "$0.89 / 100G"
  },
  {
    "Brand_Product_Size": "Nissin Instant Noodles Spicy 100g",
    "WOW Price": 1.3,
    "WOW Size": "100g",
    "WOW ppu": "$1.30 / 100G"
  },
  {
    "Brand_Product_Size": "Extra Care Fibre Therapy Conditioner 900mL",
    "WOW Price": 14,
    "WOW Size": "900mL",
    "WOW ppu": "$1.56 / 100ML"
  },
  {
    "Brand_Product_Size": "Csr Raw Sugar 500g",
    "WOW Price": 1.3,
    "WOW Size": "500g",
    "WOW ppu": "$0.26 / 100G"
  },
  {
    "Brand_Product_Size": "Dermeze Soap Free Body Wash & Facial Cleanser 1L",
    "WOW Price": 18.5,
    "WOW Size": "1L",
    "WOW ppu": "$1.85 / 100ML"
  },
  {
    "Brand_Product_Size": "Yarra Valley Double Brie 200g",
    "WOW Price": 7.5,
    "WOW Size": "200g",
    "WOW ppu": "$37.50 / 1KG"
  },
  {
    "Brand_Product_Size": "Yarra Valley Double Brie 200g",
    "WOW Price": 7.5,
    "WOW Size": "200g",
    "WOW ppu": "$37.50 / 1KG"
  },
  {
    "Brand_Product_Size": "Pringles Salt & Vinegar Flavour Chips 134g",
    "WOW Price": 3,
    "WOW Size": "134g",
    "WOW ppu": "$2.24 / 100G"
  },
  {
    "Brand_Product_Size": "Hart & Soul All Natural Rendang Curry Recipe Base 80g",
    "WOW Price": 1.25,
    "WOW Size": "80g",
    "WOW ppu": "$1.56 / 100G"
  },
  {
    "Brand_Product_Size": "Oc Naturals Conditioner Normal Balance 725mL",
    "WOW Price": 6,
    "WOW Size": "725mL",
    "WOW ppu": "$0.83 / 100ML"
  },
  {
    "Brand_Product_Size": "Essentials Pasta Spaghetti 500g",
    "WOW Price": 0.8,
    "WOW Size": "500g",
    "WOW ppu": "$0.16 / 100G"
  },
  {
    "Brand_Product_Size": "Essentials Pasta Bowl each",
    "WOW Price": 3,
    "WOW Size": "each",
    "WOW ppu": ""
  },
  {
    "Brand_Product_Size": "Yumi's Chipotle Hommus Dip 200g",
    "WOW Price": 4,
    "WOW Size": "200g",
    "WOW ppu": "$2.00 / 100G"
  },
  {
    "Brand_Product_Size": "Fancy Plants Plant Based Chocolate Chia Pod 150g",
    "WOW Price": 3,
    "WOW Size": "150g",
    "WOW ppu": "$2.00 / 100G"
  },
  {
    "Brand_Product_Size": "Ferrero Rocher Chocolates 30 pack",
    "WOW Price": 20,
    "WOW Size": "30 pack",
    "WOW ppu": "$5.33 / 100G"
  },
  {
    "Brand_Product_Size": "Flora Margarine Spread Original 1kg",
    "WOW Price": 4.5,
    "WOW Size": "1kg",
    "WOW ppu": "$0.45 / 100G"
  },
  {
    "Brand_Product_Size": "Flora Margarine Spread Original 1kg",
    "WOW Price": 4.5,
    "WOW Size": "1kg",
    "WOW ppu": "$0.45 / 100G"
  },
  {
    "Brand_Product_Size": "Flora Margarine Spread Original 1kg",
    "WOW Price": 4.5,
    "WOW Size": "1kg",
    "WOW ppu": "$0.45 / 100G"
  },
  {
    "Brand_Product_Size": "Frozen Hair Brush each",
    "WOW Price": 7,
    "WOW Size": "each",
    "WOW ppu": ""
  },
  {
    "Brand_Product_Size": "Perfect Italiano Extra Sharp Grated Parmesan 125g",
    "WOW Price": 3.25,
    "WOW Size": "125g",
    "WOW ppu": "$26.00 / 1KG"
  },
  {
    "Brand_Product_Size": "Perfect Italiano Extra Sharp Grated Parmesan 125g",
    "WOW Price": 3.25,
    "WOW Size": "125g",
    "WOW ppu": "$26.00 / 1KG"
  },
  {
    "Brand_Product_Size": "Woolworths Drought Relief Full Cream Milk 2L",
    "WOW Price": 2.39,
    "WOW Size": "2L",
    "WOW ppu": "$1.20 / 1L"
  },
  {
    "Brand_Product_Size": "Essentials Cling Wrap 60m",
    "WOW Price": 1.4,
    "WOW Size": "60m",
    "WOW ppu": "$0.02 / 1M"
  },
  {
    "Brand_Product_Size": "Essentials Cling Wrap 60m",
    "WOW Price": 1.4,
    "WOW Size": "60m",
    "WOW ppu": "$0.02 / 1M"
  },
  {
    "Brand_Product_Size": "Voost Effervescent Energy Tablets 40 pack",
    "WOW Price": 13,
    "WOW Size": "40 pack",
    "WOW ppu": "$32.50 / 100EA"
  },
  {
    "Brand_Product_Size": "Leggos Tomato Paste Organic Concentrate 2 pack",
    "WOW Price": 3.7,
    "WOW Size": "2 pack",
    "WOW ppu": "$1.32 / 100G"
  },
  {
    "Brand_Product_Size": "Aeroplane Jelly Original Mango 85g",
    "WOW Price": 1,
    "WOW Size": "85g",
    "WOW ppu": "$1.18 / 100G"
  },
  {
    "Brand_Product_Size": "Masterfoods Simmer Sauce Butter Chicken 485g",
    "WOW Price": 3.7,
    "WOW Size": "485g",
    "WOW ppu": "$0.76 / 100G"
  },
  {
    "Brand_Product_Size": "Continental Cup A Soup Creamy Chicken Noodles 43g",
    "WOW Price": 2,
    "WOW Size": "43g",
    "WOW ppu": "$4.65 / 100G"
  },
  {
    "Brand_Product_Size": "San Remo La Pasta Chicken Curry Single Snack 80g",
    "WOW Price": 1,
    "WOW Size": "80g",
    "WOW ppu": "$1.25 / 100G"
  },
  {
    "Brand_Product_Size": "Baxter's Straps Kangaroo 500g",
    "WOW Price": 7,
    "WOW Size": "500g",
    "WOW ppu": "$1.40 / 100G"
  },
  {
    "Brand_Product_Size": "Optimum Adult With Lamb & Rice Wet Dog Food 700g",
    "WOW Price": 2.6,
    "WOW Size": "700g",
    "WOW ppu": "$0.37 / 100G"
  },
  {
    "Brand_Product_Size": "Frankie & Friends Tidy Bag Dispenser & Refill 2 x25 pack",
    "WOW Price": 5.99,
    "WOW Size": "2 x25 pack",
    "WOW ppu": "$5.99 / 1EA"
  },
  {
    "Brand_Product_Size": "Woolworths Apricot Delight 250g",
    "WOW Price": 6,
    "WOW Size": "250g",
    "WOW ppu": "$24.00 / 1KG"
  },
  {
    "Brand_Product_Size": "The Salad Servers Lentil Salad 800g",
    "WOW Price": 9,
    "WOW Size": "800g",
    "WOW ppu": "$1.13 / 100G"
  },
  {
    "Brand_Product_Size": "The Salad Servers Lentil Salad 800g",
    "WOW Price": 9,
    "WOW Size": "800g",
    "WOW ppu": "$1.13 / 100G"
  },
  {
    "Brand_Product_Size": "The Salad Servers Lentil Salad 800g",
    "WOW Price": 9,
    "WOW Size": "800g",
    "WOW ppu": "$1.13 / 100G"
  },
  {
    "Brand_Product_Size": "Purina Totalcare Comfort Dog Collar Small Assorted each",
    "WOW Price": 17,
    "WOW Size": "each",
    "WOW ppu": "$17.00 / 1EA"
  },
  {
    "Brand_Product_Size": "Vitapet Chewz Chicken Wrapped Rawhide Dog Food 18 pack",
    "WOW Price": 13.6,
    "WOW Size": "18 pack",
    "WOW ppu": "$0.76 / 1EA"
  },
  {
    "Brand_Product_Size": "Nature's Way Super Foods Apple Cider Vinegar 60 pack",
    "WOW Price": 16,
    "WOW Size": "60 pack",
    "WOW ppu": "$26.67 / 100EA"
  },
  {
    "Brand_Product_Size": "Just For Men Moustache & Beard Medium Brown 70g",
    "WOW Price": 12,
    "WOW Size": "70g",
    "WOW ppu": "$12.00 / 1EA"
  },
  {
    "Brand_Product_Size": "Air Wick Freshmatic Essential Oil Vanilla Primary 174g",
    "WOW Price": 15,
    "WOW Size": "174g",
    "WOW ppu": "$8.62 / 100G"
  },
  {
    "Brand_Product_Size": "Woolworths Essentials Underwear Girl's Basic Briefs Size 6-7 each",
    "WOW Price": 8,
    "WOW Size": "each",
    "WOW ppu": ""
  },
  {
    "Brand_Product_Size": "Mersey Valley Jalapeno Cheese 235g",
    "WOW Price": 5.5,
    "WOW Size": "235g",
    "WOW ppu": "$23.40 / 1KG"
  },
  {
    "Brand_Product_Size": "Mersey Valley Jalapeno Cheese 235g",
    "WOW Price": 5.5,
    "WOW Size": "235g",
    "WOW ppu": "$23.40 / 1KG"
  },
  {
    "Brand_Product_Size": "Hart & Soul All Natural Nasi Goreng Recipe Base 80g",
    "WOW Price": 1.25,
    "WOW Size": "80g",
    "WOW ppu": "$1.56 / 100G"
  },
  {
    "Brand_Product_Size": "Essentials Peas Dehydrated 100g",
    "WOW Price": 1.5,
    "WOW Size": "100g",
    "WOW ppu": "$15.00 / 1KG"
  },
  {
    "Brand_Product_Size": "Hot Pot Dips Original 140g",
    "WOW Price": 2.3,
    "WOW Size": "140g",
    "WOW ppu": "$1.64 / 100G"
  },
  {
    "Brand_Product_Size": "Woolworths Hummingbird Loaf Cake 450g",
    "WOW Price": 7,
    "WOW Size": "450g",
    "WOW ppu": "$1.56 / 100G"
  },
  {
    "Brand_Product_Size": "First Response Pregnancy Test Instream 7 pack",
    "WOW Price": 28,
    "WOW Size": "7 pack",
    "WOW ppu": "$4.00 / 1EA"
  },
  {
    "Brand_Product_Size": "Moki Life Type-c To Usb Syncharge Cable 90cm each",
    "WOW Price": 12,
    "WOW Size": "each",
    "WOW ppu": ""
  },
  {
    "Brand_Product_Size": "On The Menu Lasagne Beef 260g",
    "WOW Price": 3,
    "WOW Size": "260g",
    "WOW ppu": "$1.15 / 100G"
  },
  {
    "Brand_Product_Size": "Decor Glass Vent & Seal Leak Proof Oblong 1L",
    "WOW Price": 11,
    "WOW Size": "1L",
    "WOW ppu": ""
  },
  {
    "Brand_Product_Size": "Revlon Colorstay For Normal & Dry Skin Ivory Foundation 30mL",
    "WOW Price": 17.5,
    "WOW Size": "30mL",
    "WOW ppu": "$5.83 / 10ML"
  },
  {
    "Brand_Product_Size": "Nestle Butter-menthol Throat Lozenge Liquid Centre 10 pack",
    "WOW Price": 1.8,
    "WOW Size": "10 pack",
    "WOW ppu": "$0.18 / 1EA"
  },
  {
    "Brand_Product_Size": "David Beckham Intimately Deodorant Body Spray 150mL",
    "WOW Price": 8,
    "WOW Size": "150mL",
    "WOW ppu": "$5.33 / 100ML"
  },
  {
    "Brand_Product_Size": "Aveeno Blackberry Quinoa Protein Blend Conditioner 354mL",
    "WOW Price": 16,
    "WOW Size": "354mL",
    "WOW ppu": "$4.52 / 100ML"
  },
  {
    "Brand_Product_Size": "L'oreal Men Expert Shave Gel Hydra Sensitive 200mL",
    "WOW Price": 4.2,
    "WOW Size": "200mL",
    "WOW ppu": "$2.10 / 100ML"
  },
  {
    "Brand_Product_Size": "Mcobeauty Sophie Monk Universal Lip Liner 1.2g",
    "WOW Price": 6,
    "WOW Size": "1.2g",
    "WOW ppu": "$50.00 / 10G"
  },
  {
    "Brand_Product_Size": "Sheer Relief Pantyhose Control Support Beige Extra Tall each",
    "WOW Price": 9,
    "WOW Size": "each",
    "WOW ppu": ""
  },
  {
    "Brand_Product_Size": "Original Source Body Wash Mint & Tea Tree Gel 250mL",
    "WOW Price": 3.5,
    "WOW Size": "250mL",
    "WOW ppu": "$1.40 / 100ML"
  },
  {
    "Brand_Product_Size": "White Wings Vanilla Bean Custard Mix 250g",
    "WOW Price": 3.2,
    "WOW Size": "250g",
    "WOW ppu": "$1.28 / 100G"
  },
  {
    "Brand_Product_Size": "Dolmio Traditional Recipe Tomato & Basil Pasta Sauce 500g",
    "WOW Price": 2,
    "WOW Size": "500g",
    "WOW ppu": "$0.40 / 100G"
  },
  {
    "Brand_Product_Size": "Cadbury Old Gold Dark Chocolate Cherry Ripe Block 180g",
    "WOW Price": 4.5,
    "WOW Size": "180g",
    "WOW ppu": "$2.50 / 100G"
  },
  {
    "Brand_Product_Size": "Real Foods Corn Thins Tasty Cheese 125g",
    "WOW Price": 1,
    "WOW Size": "125g",
    "WOW ppu": "$0.80 / 100G"
  },
  {
    "Brand_Product_Size": "Real Foods Corn Thins Tasty Cheese 125g",
    "WOW Price": 1,
    "WOW Size": "125g",
    "WOW ppu": "$0.80 / 100G"
  },
  {
    "Brand_Product_Size": "Hygiene Plus Food Handling Powder Free Vinyl Gloves Medium 100 pack",
    "WOW Price": 16,
    "WOW Size": "100 pack",
    "WOW ppu": "$16.00 / 100EA"
  },
  {
    "Brand_Product_Size": "Nature's Way Vitamin C Orange 500mg 300 pack",
    "WOW Price": 8.4,
    "WOW Size": "300 pack",
    "WOW ppu": "$2.80 / 100EA"
  },
  {
    "Brand_Product_Size": "Woolworths Tennis Ball 3 pack",
    "WOW Price": 3,
    "WOW Size": "3 pack",
    "WOW ppu": ""
  },
  {
    "Brand_Product_Size": "Nestle Mint Pattie 20g bar",
    "WOW Price": 0.8,
    "WOW Size": "20g bar",
    "WOW ppu": "$4.00 / 100G"
  },
  {
    "Brand_Product_Size": "Golden Circle Mango Nectar Fruit Drink 2L",
    "WOW Price": 2.5,
    "WOW Size": "2L",
    "WOW ppu": "$1.25 / 1L"
  },
  {
    "Brand_Product_Size": "Woolworths Spring Water 1.5L bottLe",
    "WOW Price": 0.8,
    "WOW Size": "1.5L bottLe",
    "WOW ppu": "$0.53 / 1L"
  },
  {
    "Brand_Product_Size": "Mccormicks Slow Cookers Country Chicken Cassarole 40g",
    "WOW Price": 1.5,
    "WOW Size": "40g",
    "WOW ppu": "$3.75 / 100G"
  },
  {
    "Brand_Product_Size": "Red Seal Blood Orange Hot Or Cold Brew Tea 20 pack",
    "WOW Price": 4.5,
    "WOW Size": "20 pack",
    "WOW ppu": "$0.23 / 1EA"
  },
  {
    "Brand_Product_Size": "Red Seal Blood Orange Hot Or Cold Brew Tea 20 pack",
    "WOW Price": 4.5,
    "WOW Size": "20 pack",
    "WOW ppu": "$0.23 / 1EA"
  },
  {
    "Brand_Product_Size": "Mint Acacia Chopboard 37.5x30cm each",
    "WOW Price": 20,
    "WOW Size": "each",
    "WOW ppu": ""
  },
  {
    "Brand_Product_Size": "Deeko Bowls Plastic 20 pack",
    "WOW Price": 4.8,
    "WOW Size": "20 pack",
    "WOW ppu": "$0.24 / 1EA"
  },
  {
    "Brand_Product_Size": "Norsca Deodorant Aerosol Clear Passion Flower 150g",
    "WOW Price": 6,
    "WOW Size": "150g",
    "WOW ppu": "$2.45 / 100ML"
  },
  {
    "Brand_Product_Size": "Leggos Pasta Bake With Three Cheese 500g",
    "WOW Price": 3,
    "WOW Size": "500g",
    "WOW ppu": "$0.60 / 100G"
  },
  {
    "Brand_Product_Size": "Korbond Party Parasol Picks 20 pack",
    "WOW Price": 3,
    "WOW Size": "20 pack",
    "WOW ppu": "$0.15 / 1EA"
  },
  {
    "Brand_Product_Size": "Bega So Light 50% Reduced Fat Cheese Slices 30 pack",
    "WOW Price": 9,
    "WOW Size": "30 pack",
    "WOW ppu": "$18.00 / 1KG"
  },
  {
    "Brand_Product_Size": "Bega So Light 50% Reduced Fat Cheese Slices 30 pack",
    "WOW Price": 9,
    "WOW Size": "30 pack",
    "WOW ppu": "$18.00 / 1KG"
  },
  {
    "Brand_Product_Size": "Nivea Men B&w Fresh Roll On Antiperspirant Deodorant 50mL",
    "WOW Price": 3.5,
    "WOW Size": "50mL",
    "WOW ppu": "$7.00 / 100ML"
  },
  {
    "Brand_Product_Size": "Korbond Safety Pins Silver 50 pack",
    "WOW Price": 4,
    "WOW Size": "50 pack",
    "WOW ppu": ""
  },
  {
    "Brand_Product_Size": "Noshu 95% Sugar Free Choc Baking Chips 150g",
    "WOW Price": 4,
    "WOW Size": "150g",
    "WOW ppu": "$2.67 / 100G"
  },
  {
    "Brand_Product_Size": "Aussie Bodies Lo Carb Whip'd Protein Bars Chocolate Flavour 4 pack",
    "WOW Price": 9,
    "WOW Size": "4 pack",
    "WOW ppu": "$7.50 / 100G"
  },
  {
    "Brand_Product_Size": "Woolworths Cheese & Crackers Light Tasty 50g 1 pack",
    "WOW Price": 1.6,
    "WOW Size": "50g 1 pack",
    "WOW ppu": "$32.00 / 1KG"
  },
  {
    "Brand_Product_Size": "Woolworths Cheese & Crackers Light Tasty 50g 1 pack",
    "WOW Price": 1.6,
    "WOW Size": "50g 1 pack",
    "WOW ppu": "$32.00 / 1KG"
  },
  {
    "Brand_Product_Size": "Four Seasons Lubricants Glow In The Dark Tube 100mL",
    "WOW Price": 6.2,
    "WOW Size": "100mL",
    "WOW ppu": "$6.20 / 100ML"
  },
  {
    "Brand_Product_Size": "Fussy Cat Mince & Morsels Wet Cat Food 80g x12 pack",
    "WOW Price": 10,
    "WOW Size": "80g x12 pack",
    "WOW ppu": "$1.04 / 100G"
  },
  {
    "Brand_Product_Size": "Rimmel Natural Bronzer Sun Bronze 14g",
    "WOW Price": 8,
    "WOW Size": "14g",
    "WOW ppu": "$5.71 / 10G"
  },
  {
    "Brand_Product_Size": "Woolworths Essentials 6pc Bamboo Utensil Set each",
    "WOW Price": 6,
    "WOW Size": "each",
    "WOW ppu": ""
  },
  {
    "Brand_Product_Size": "Maybelline Falsies Lashlift Blackest Black each",
    "WOW Price": 12.5,
    "WOW Size": "each",
    "WOW ppu": ""
  },
  {
    "Brand_Product_Size": "John Frieda Frizz Ease Forever Smooth Conditioner 250mL",
    "WOW Price": 16,
    "WOW Size": "250mL",
    "WOW ppu": "$6.40 / 100ML"
  },
  {
    "Brand_Product_Size": "Galiko All Natural Garlic Minced Jar 145g",
    "WOW Price": 3,
    "WOW Size": "145g",
    "WOW ppu": "$2.07 / 100G"
  },
  {
    "Brand_Product_Size": "Galiko All Natural Garlic Minced Jar 145g",
    "WOW Price": 3,
    "WOW Size": "145g",
    "WOW ppu": "$2.07 / 100G"
  },
  {
    "Brand_Product_Size": "Nivea Sensitive Skin Moisturiser Sun Screen Lotion Spf50+ 200mL",
    "WOW Price": 16,
    "WOW Size": "200mL",
    "WOW ppu": "$8.00 / 100ML"
  },
  {
    "Brand_Product_Size": "Waimete Honey Honey Manuka Mgo 30 Plus 250g",
    "WOW Price": 7.5,
    "WOW Size": "250g",
    "WOW ppu": "$3.00 / 100G"
  },
  {
    "Brand_Product_Size": "Westmont Pickles Aussie Gherkin 500g",
    "WOW Price": 5.5,
    "WOW Size": "500g",
    "WOW ppu": "$1.10 / 100G"
  },
  {
    "Brand_Product_Size": "Oc Naturals Kids 3-in-1 Fruit Berry Bliss 400mL",
    "WOW Price": 3.9,
    "WOW Size": "400mL",
    "WOW ppu": "$0.98 / 100ML"
  },
  {
    "Brand_Product_Size": "Woolworths Gouda Cheese Slices 200g",
    "WOW Price": 3.7,
    "WOW Size": "200g",
    "WOW ppu": "$18.50 / 1KG"
  },
  {
    "Brand_Product_Size": "Blackmores Vitamin C & Echinacea Effervescent 10 pack",
    "WOW Price": 5.6,
    "WOW Size": "10 pack",
    "WOW ppu": "$0.56 / 1EA"
  },
  {
    "Brand_Product_Size": "Peters Drumstick Mega Tip Choc Peanut & Caramel 4 pack",
    "WOW Price": 8.4,
    "WOW Size": "4 pack",
    "WOW ppu": "$1.77 / 100ML"
  },
  {
    "Brand_Product_Size": "Kan Tong Chicken & Cashew Nut Meal Base Pouch 175g",
    "WOW Price": 2.9,
    "WOW Size": "175g",
    "WOW ppu": "$1.66 / 100G"
  },
  {
    "Brand_Product_Size": "Pedigree Adult With Real Beef Dry Dog Food 3kg",
    "WOW Price": 12,
    "WOW Size": "3kg",
    "WOW ppu": "$0.40 / 100G"
  },
  {
    "Brand_Product_Size": "Nicabate Quit Smoking Minis Lozenge 4 Mg 60 pack",
    "WOW Price": 33.2,
    "WOW Size": "60 pack",
    "WOW ppu": "$55.33 / 100EA"
  },
  {
    "Brand_Product_Size": "Underworks All Day Mens Cushioned Foot Socks Navy Size 7-10 2 pack",
    "WOW Price": 15,
    "WOW Size": "2 pack",
    "WOW ppu": ""
  },
  {
    "Brand_Product_Size": "South Cape Apricot & Almond Cream Cheese 200g",
    "WOW Price": 4.6,
    "WOW Size": "200g",
    "WOW ppu": "$23.00 / 1KG"
  },
  {
    "Brand_Product_Size": "South Cape Apricot & Almond Cream Cheese 200g",
    "WOW Price": 4.6,
    "WOW Size": "200g",
    "WOW ppu": "$23.00 / 1KG"
  },
  {
    "Brand_Product_Size": "Sonora Corn Chips Cheese Supreme 500g",
    "WOW Price": 5,
    "WOW Size": "500g",
    "WOW ppu": "$1.00 / 100G"
  },
  {
    "Brand_Product_Size": "Pampas Puff Pastry Reduced Fat 1kg",
    "WOW Price": 4.5,
    "WOW Size": "1kg",
    "WOW ppu": "$0.45 / 100G"
  },
  {
    "Brand_Product_Size": "Woolworths Smoked Turkey Breast 600g - 800g",
    "WOW Price": 16,
    "WOW Size": "600g - 800g",
    "WOW ppu": "$20.00 / 1KG"
  },
  {
    "Brand_Product_Size": "Woolworths Max Charge Cereal 560g",
    "WOW Price": 3.5,
    "WOW Size": "560g",
    "WOW ppu": "$0.63 / 100G"
  },
  {
    "Brand_Product_Size": "Mckenzie's Bread & Pizza Flour 500g",
    "WOW Price": 3.6,
    "WOW Size": "500g",
    "WOW ppu": "$0.72 / 100G"
  },
  {
    "Brand_Product_Size": "Snowdonia Red Storm Red Leicester 150g",
    "WOW Price": 8.5,
    "WOW Size": "150g",
    "WOW ppu": "$56.67 / 1KG"
  },
  {
    "Brand_Product_Size": "Snowdonia Red Storm Red Leicester 150g",
    "WOW Price": 8.5,
    "WOW Size": "150g",
    "WOW ppu": "$56.67 / 1KG"
  },
  {
    "Brand_Product_Size": "Mighty Spice Rogan Josh 80g",
    "WOW Price": 4,
    "WOW Size": "80g",
    "WOW ppu": "$5.00 / 100G"
  },
  {
    "Brand_Product_Size": "Cadbury Fry's Turkish Delight Sharepack 12 pack",
    "WOW Price": 5,
    "WOW Size": "12 pack",
    "WOW ppu": "$2.78 / 100G"
  },
  {
    "Brand_Product_Size": "Cold Power Advanced Clean Front & Top Loader Laundry Liquid 2L",
    "WOW Price": 8.75,
    "WOW Size": "2L",
    "WOW ppu": "$4.38 / 1L"
  },
  {
    "Brand_Product_Size": "Pauls Goats Milk 1L",
    "WOW Price": 5.3,
    "WOW Size": "1L",
    "WOW ppu": "$5.30 / 1L"
  },
  {
    "Brand_Product_Size": "Vileda Mop Easy Wring And Clean Refill each",
    "WOW Price": 11.5,
    "WOW Size": "each",
    "WOW ppu": "$11.50 / 1EA"
  },
  {
    "Brand_Product_Size": "Sistema Mega Fold Up Cooler Bag each",
    "WOW Price": 15,
    "WOW Size": "each",
    "WOW ppu": ""
  },
  {
    "Brand_Product_Size": "Inspire Bath Mat Bobble each",
    "WOW Price": 16,
    "WOW Size": "each",
    "WOW ppu": ""
  },
  {
    "Brand_Product_Size": "Tasti Smooshed Wholefood Balls Cacao Brownie 69g",
    "WOW Price": 3.3,
    "WOW Size": "69g",
    "WOW ppu": "$4.78 / 100G"
  },
  {
    "Brand_Product_Size": "Energizer Universal Car Charger each",
    "WOW Price": 17,
    "WOW Size": "each",
    "WOW ppu": ""
  },
  {
    "Brand_Product_Size": "Woolworths Garlic Granules 45g",
    "WOW Price": 2,
    "WOW Size": "45g",
    "WOW ppu": "$0.44 / 10G"
  },
  {
    "Brand_Product_Size": "Lipton Ice Tea Lemon 500mL",
    "WOW Price": 1.9,
    "WOW Size": "500mL",
    "WOW ppu": "$3.80 / 1L"
  },
  {
    "Brand_Product_Size": "Oakwood Treatment Pet Odour Eliminator 200mL",
    "WOW Price": 9.99,
    "WOW Size": "200mL",
    "WOW ppu": "$5.00 / 100ML"
  },
  {
    "Brand_Product_Size": "Green's Pudding Chocolate Sponge 260g",
    "WOW Price": 2.8,
    "WOW Size": "260g",
    "WOW ppu": "$1.08 / 100G"
  },
  {
    "Brand_Product_Size": "King Brand Vegetarian Mushroom Oyster Sauce 430mL",
    "WOW Price": 4,
    "WOW Size": "430mL",
    "WOW ppu": "$0.93 / 100ML"
  },
  {
    "Brand_Product_Size": "Decor Glass Deluxe Clips Leak Proof Split Sections Oblong 980mL",
    "WOW Price": 12,
    "WOW Size": "980mL",
    "WOW ppu": ""
  },
  {
    "Brand_Product_Size": "Hans Lunch Plate Smoked Leg Ham & Tomato Chutney 110g",
    "WOW Price": 6.5,
    "WOW Size": "110g",
    "WOW ppu": "$59.09 / 1KG"
  },
  {
    "Brand_Product_Size": "Choice Oriental Noodle Cup 70g",
    "WOW Price": 0.75,
    "WOW Size": "70g",
    "WOW ppu": "$1.07 / 100G"
  },
  {
    "Brand_Product_Size": "Peters Barney Banana Ice Cream 8 pack",
    "WOW Price": 4,
    "WOW Size": "8 pack",
    "WOW ppu": "$0.74 / 100ML"
  },
  {
    "Brand_Product_Size": "Vegeta Chicken Stock Powder 200g",
    "WOW Price": 1.85,
    "WOW Size": "200g",
    "WOW ppu": "$0.09 / 10G"
  },
  {
    "Brand_Product_Size": "Loacker White Chocolate & Coconut Wafers 100g",
    "WOW Price": 2.5,
    "WOW Size": "100g",
    "WOW ppu": "$2.50 / 100G"
  },
  {
    "Brand_Product_Size": "Mckenzie's Black Beans 375g",
    "WOW Price": 2.3,
    "WOW Size": "375g",
    "WOW ppu": "$6.13 / 1KG"
  },
  {
    "Brand_Product_Size": "L'oreal Paris Elvive Extraordinary Oil Conditioner 700mL",
    "WOW Price": 10,
    "WOW Size": "700mL",
    "WOW ppu": "$1.43 / 100ML"
  },
  {
    "Brand_Product_Size": "Tefal Cook Right Pancake Pan 25cm",
    "WOW Price": 20,
    "WOW Size": "25cm",
    "WOW ppu": ""
  },
  {
    "Brand_Product_Size": "L'oreal Paris Brow Artist Xpert Cool Blonde 9.6g",
    "WOW Price": 10,
    "WOW Size": "9.6g",
    "WOW ppu": "$10.42 / 10G"
  },
  {
    "Brand_Product_Size": "Jase's Kitchen Gluten Free Sausage Rolls 2 pack",
    "WOW Price": 6.5,
    "WOW Size": "2 pack",
    "WOW ppu": "$2.50 / 100G"
  },
  {
    "Brand_Product_Size": "Birds Eye Steam Fresh Parsley & Citrus Sauce 380g",
    "WOW Price": 9,
    "WOW Size": "380g",
    "WOW ppu": "$23.68 / 1KG"
  },
  {
    "Brand_Product_Size": "Nescafe Coffee Sachets Mocha 26 pack",
    "WOW Price": 11,
    "WOW Size": "26 pack",
    "WOW ppu": "$0.42 / 1EA"
  },
  {
    "Brand_Product_Size": "Nescafe Coffee Sachets Mocha 26 pack",
    "WOW Price": 11,
    "WOW Size": "26 pack",
    "WOW ppu": "$0.42 / 1EA"
  },
  {
    "Brand_Product_Size": "Woolworths Garam Masala 29g",
    "WOW Price": 2.15,
    "WOW Size": "29g",
    "WOW ppu": "$0.74 / 10G"
  },
  {
    "Brand_Product_Size": "Hubba Bubba Seriously Strawberry Bubble Gum Tape 56g",
    "WOW Price": 2.4,
    "WOW Size": "56g",
    "WOW ppu": "$4.29 / 100G"
  },
  {
    "Brand_Product_Size": "Woolworths Essentials Tape Packaging 3 pack",
    "WOW Price": 7,
    "WOW Size": "3 pack",
    "WOW ppu": ""
  },
  {
    "Brand_Product_Size": "Macro Crispy Noodles Tangy Bbq 6 pack",
    "WOW Price": 4.5,
    "WOW Size": "6 pack",
    "WOW ppu": "$3.41 / 100G"
  },
  {
    "Brand_Product_Size": "Haribo Gold Bears 150g",
    "WOW Price": 2.4,
    "WOW Size": "150g",
    "WOW ppu": "$1.60 / 100G"
  },
  {
    "Brand_Product_Size": "Gippsland Apricot Honey Twist Yoghurt 720g",
    "WOW Price": 7,
    "WOW Size": "720g",
    "WOW ppu": "$0.97 / 100G"
  },
  {
    "Brand_Product_Size": "Dettol Antibacterial Laundry Sanitiser 750mL",
    "WOW Price": 7.5,
    "WOW Size": "750mL",
    "WOW ppu": "$10.00 / 1L"
  },
  {
    "Brand_Product_Size": "Woolworths Dried Apricot Fruit Pots 250g",
    "WOW Price": 6,
    "WOW Size": "250g",
    "WOW ppu": "$24.00 / 1KG"
  },
  {
    "Brand_Product_Size": "Masterfoods Promite Spread 290g",
    "WOW Price": 4.45,
    "WOW Size": "290g",
    "WOW ppu": "$1.53 / 100G"
  },
  {
    "Brand_Product_Size": "Cottee's Coola Lime Flavour Cans 375mL x10 pack",
    "WOW Price": 7,
    "WOW Size": "375mL x10 pack",
    "WOW ppu": "$1.87 / 1L"
  },
  {
    "Brand_Product_Size": "Huggies Baby Wipes Fragrance Free Clutch & Go 32 pack",
    "WOW Price": 7,
    "WOW Size": "32 pack",
    "WOW ppu": "$21.88 / 100EA"
  },
  {
    "Brand_Product_Size": "Della Rosa Family Cheese Pizza 470g",
    "WOW Price": 3.5,
    "WOW Size": "470g",
    "WOW ppu": "$0.74 / 100G"
  },
  {
    "Brand_Product_Size": "Maybelline Superstay Active Wear 30hr Foundation Nude Beige 30mL",
    "WOW Price": 13.5,
    "WOW Size": "30mL",
    "WOW ppu": "$4.50 / 10ML"
  },
  {
    "Brand_Product_Size": "The Juice Brothers Morning Start 1.5L",
    "WOW Price": 7,
    "WOW Size": "1.5L",
    "WOW ppu": "$4.67 / 1L"
  },
  {
    "Brand_Product_Size": "Green Gardener Garden Hose Fitting Plastic 4 pack",
    "WOW Price": 5,
    "WOW Size": "4 pack",
    "WOW ppu": ""
  },
  {
    "Brand_Product_Size": "Bulla Creamy Classics Sandwich Salted Caramel & Chocolate 4 pack",
    "WOW Price": 4.25,
    "WOW Size": "4 pack",
    "WOW ppu": "$0.76 / 100ML"
  },
  {
    "Brand_Product_Size": "Crave Chicken In Gravy Wet Cat Food 75g",
    "WOW Price": 2.2,
    "WOW Size": "75g",
    "WOW ppu": "$2.93 / 100G"
  },
  {
    "Brand_Product_Size": "Maybelline Lash Sensational Sky High Mascara Very Black Waterproof 6mL",
    "WOW Price": 12.5,
    "WOW Size": "6mL",
    "WOW ppu": "$20.83 / 10ML"
  },
  {
    "Brand_Product_Size": "Fitzco Aussie Country Style Burger 500g",
    "WOW Price": 6,
    "WOW Size": "500g",
    "WOW ppu": "$12.00 / 1KG"
  },
  {
    "Brand_Product_Size": "Clean Laundry Collection Peg Hamper each",
    "WOW Price": 6,
    "WOW Size": "each",
    "WOW ppu": ""
  },
  {
    "Brand_Product_Size": "Korbond Threaded Needle Kit 10 pack",
    "WOW Price": 3,
    "WOW Size": "10 pack",
    "WOW ppu": ""
  },
  {
    "Brand_Product_Size": "Real Foods Corn Thins Multigrain 150g",
    "WOW Price": 1,
    "WOW Size": "150g",
    "WOW ppu": "$0.67 / 100G"
  },
  {
    "Brand_Product_Size": "Real Foods Corn Thins Multigrain 150g",
    "WOW Price": 1,
    "WOW Size": "150g",
    "WOW ppu": "$0.67 / 100G"
  },
  {
    "Brand_Product_Size": "Mccain Superfries Crinkle Cut 900g",
    "WOW Price": 3.3,
    "WOW Size": "900g",
    "WOW ppu": "$3.67 / 1KG"
  },
  {
    "Brand_Product_Size": "Organic Choice Multipurpose Cleaner 500mL",
    "WOW Price": 5.5,
    "WOW Size": "500mL",
    "WOW ppu": "$1.10 / 100ML"
  },
  {
    "Brand_Product_Size": "Philadelphia Cream Cheese Block Twin 500g",
    "WOW Price": 8.5,
    "WOW Size": "500g",
    "WOW ppu": "$17.00 / 1KG"
  },
  {
    "Brand_Product_Size": "Maggie Beer Truffle Triple Cream Brie 200g",
    "WOW Price": 9.5,
    "WOW Size": "200g",
    "WOW ppu": "$47.50 / 1KG"
  },
  {
    "Brand_Product_Size": "Maggie Beer Truffle Triple Cream Brie 200g",
    "WOW Price": 9.5,
    "WOW Size": "200g",
    "WOW ppu": "$47.50 / 1KG"
  },
  {
    "Brand_Product_Size": "Don Ham Leg Double Smoked Shaved 250g",
    "WOW Price": 6.4,
    "WOW Size": "250g",
    "WOW ppu": "$25.60 / 1KG"
  },
  {
    "Brand_Product_Size": "Don Ham Leg Double Smoked Shaved 250g",
    "WOW Price": 6.4,
    "WOW Size": "250g",
    "WOW ppu": "$25.60 / 1KG"
  },
  {
    "Brand_Product_Size": "Sunbites Grain Waves Wholegrain Chips Sweet Chilli 170g",
    "WOW Price": 2.5,
    "WOW Size": "170g",
    "WOW ppu": "$1.47 / 100G"
  },
  {
    "Brand_Product_Size": "Dragonfruit White each",
    "WOW Price": 6.42,
    "WOW Size": "each",
    "WOW ppu": "$6.42 / 1EA"
  },
  {
    "Brand_Product_Size": "Coca-cola Diet Soft Drink Multipack Cans 375mL x24 pack",
    "WOW Price": 31.8,
    "WOW Size": "375mL x24 pack",
    "WOW ppu": "$3.53 / 1L"
  },
  {
    "Brand_Product_Size": "Essentials Dishwashing Liquid 1L",
    "WOW Price": 0.99,
    "WOW Size": "1L",
    "WOW ppu": "$0.10 / 100ML"
  },
  {
    "Brand_Product_Size": "Coopers Pale Ale No1 Home Brew 1.7kg",
    "WOW Price": 17,
    "WOW Size": "1.7kg",
    "WOW ppu": "$10.00 / 1KG"
  },
  {
    "Brand_Product_Size": "Old El Paso Mild Salsa Thick & Chunky 375g",
    "WOW Price": 3.5,
    "WOW Size": "375g",
    "WOW ppu": "$0.93 / 100G"
  },
  {
    "Brand_Product_Size": "Swisse Men's Ultivite Tablet 60 pack",
    "WOW Price": 15,
    "WOW Size": "60 pack",
    "WOW ppu": "$25.00 / 100EA"
  },
  {
    "Brand_Product_Size": "Woolworths Baked Beans In Tomato Sauce 420g",
    "WOW Price": 0.65,
    "WOW Size": "420g",
    "WOW ppu": "$0.15 / 100G"
  },
  {
    "Brand_Product_Size": "Golden Wok Diana Chan Thai Chicken Dumpling 230g",
    "WOW Price": 5,
    "WOW Size": "230g",
    "WOW ppu": "$2.17 / 100G"
  },
  {
    "Brand_Product_Size": "Bulla Rainbow Ice Cream Cake 1.5L",
    "WOW Price": 13,
    "WOW Size": "1.5L",
    "WOW ppu": "$0.87 / 100ML"
  },
  {
    "Brand_Product_Size": "Vege Chips Rice Crackers Honey Soy 75g",
    "WOW Price": 1.9,
    "WOW Size": "75g",
    "WOW ppu": "$2.53 / 100G"
  },
  {
    "Brand_Product_Size": "Holland House Caviar Black 50g",
    "WOW Price": 6,
    "WOW Size": "50g",
    "WOW ppu": "$120.00 / 1KG"
  },
  {
    "Brand_Product_Size": "Holland House Caviar Black 50g",
    "WOW Price": 6,
    "WOW Size": "50g",
    "WOW ppu": "$120.00 / 1KG"
  },
  {
    "Brand_Product_Size": "Aussie Sprouts Sprouts Crunch Combo 200g punnet",
    "WOW Price": 2.2,
    "WOW Size": "200g punnet",
    "WOW ppu": "$11.00 / 1KG"
  },
  {
    "Brand_Product_Size": "Woolworths Strawberry Yoghurt Pouch 70g",
    "WOW Price": 0.75,
    "WOW Size": "70g",
    "WOW ppu": "$1.07 / 100G"
  },
  {
    "Brand_Product_Size": "Woolworths Strawberry Yoghurt Pouch 70g",
    "WOW Price": 0.75,
    "WOW Size": "70g",
    "WOW ppu": "$1.07 / 100G"
  },
  {
    "Brand_Product_Size": "Woolworths Strawberry Yoghurt Pouch 70g",
    "WOW Price": 0.75,
    "WOW Size": "70g",
    "WOW ppu": "$1.07 / 100G"
  },
  {
    "Brand_Product_Size": "Colgate Total Original Antibacterial Fluoride Toothpaste 200g",
    "WOW Price": 5.5,
    "WOW Size": "200g",
    "WOW ppu": "$2.75 / 100G"
  },
  {
    "Brand_Product_Size": "Streets Golden Gaytime Unicorn Limited Edition 400mL",
    "WOW Price": 8.5,
    "WOW Size": "400mL",
    "WOW ppu": "$2.13 / 100ML"
  },
  {
    "Brand_Product_Size": "Freshwater Farm Australia Blue Cypress + Juniper Berry Oil Calming Castile Body Wash 500mL",
    "WOW Price": 10,
    "WOW Size": "500mL",
    "WOW ppu": "$2.00 / 100ML"
  },
  {
    "Brand_Product_Size": "Mayver's Extra Crunchy Peanut Butter 375g",
    "WOW Price": 4,
    "WOW Size": "375g",
    "WOW ppu": "$1.07 / 100G"
  },
  {
    "Brand_Product_Size": "Nong Shim Shin Cup Noodle Soup 68g",
    "WOW Price": 2.3,
    "WOW Size": "68g",
    "WOW ppu": "$3.38 / 100G"
  },
  {
    "Brand_Product_Size": "Peters Light & Creamy Raspberry Ripple Ice Cream 1.8L",
    "WOW Price": 5,
    "WOW Size": "1.8L",
    "WOW ppu": "$0.28 / 100ML"
  },
  {
    "Brand_Product_Size": "Frankie & Friends Small Parrot & Wildbird Bird Seed Mix 2kg",
    "WOW Price": 5,
    "WOW Size": "2kg",
    "WOW ppu": "$0.25 / 100G"
  },
  {
    "Brand_Product_Size": "Leggos Fresh Roasted Pumpkin  & Feta Ravioli 630g",
    "WOW Price": 8,
    "WOW Size": "630g",
    "WOW ppu": "$1.27 / 100G"
  },
  {
    "Brand_Product_Size": "The Odd Bunch Lemon Prepacked 500g",
    "WOW Price": 2.4,
    "WOW Size": "500g",
    "WOW ppu": "$4.80 / 1KG"
  },
  {
    "Brand_Product_Size": "Nescafe Coffee Sachets Skim Cappucino 26 pack",
    "WOW Price": 11,
    "WOW Size": "26 pack",
    "WOW ppu": "$0.42 / 1EA"
  },
  {
    "Brand_Product_Size": "Nescafe Coffee Sachets Skim Cappucino 26 pack",
    "WOW Price": 11,
    "WOW Size": "26 pack",
    "WOW ppu": "$0.42 / 1EA"
  },
  {
    "Brand_Product_Size": "Chobani Flip Strawberry Shortcake 140g",
    "WOW Price": 3,
    "WOW Size": "140g",
    "WOW ppu": "$2.14 / 100G"
  },
  {
    "Brand_Product_Size": "Chobani Flip Strawberry Shortcake 140g",
    "WOW Price": 3,
    "WOW Size": "140g",
    "WOW ppu": "$2.14 / 100G"
  },
  {
    "Brand_Product_Size": "Woolworths Essentials Slotted Turner Nylon each",
    "WOW Price": 2,
    "WOW Size": "each",
    "WOW ppu": ""
  },
  {
    "Brand_Product_Size": "Obela To Go Salsa & Doritos 95g",
    "WOW Price": 2.5,
    "WOW Size": "95g",
    "WOW ppu": "$2.63 / 100G"
  },
  {
    "Brand_Product_Size": "Dove Summer Glow Body Lotion Medium To Dark Skin 250mL",
    "WOW Price": 8,
    "WOW Size": "250mL",
    "WOW ppu": "$3.20 / 100ML"
  },
  {
    "Brand_Product_Size": "Armada Oven Bags Extra Large 4 pack",
    "WOW Price": 1.5,
    "WOW Size": "4 pack",
    "WOW ppu": "$0.38 / 1EA"
  },
  {
    "Brand_Product_Size": "Super Nature Super Pulses Beef Chia Meatball Pasta 300g",
    "WOW Price": 4,
    "WOW Size": "300g",
    "WOW ppu": "$1.33 / 100G"
  },
  {
    "Brand_Product_Size": "Strike Toilet Cleaner Marine 700mL",
    "WOW Price": 2.3,
    "WOW Size": "700mL",
    "WOW ppu": "$0.33 / 100ML"
  },
  {
    "Brand_Product_Size": "Geelong Brush Dusting Pan & Brush Set each",
    "WOW Price": 2.5,
    "WOW Size": "each",
    "WOW ppu": ""
  },
  {
    "Brand_Product_Size": "Woolworths Smoked Almonds 200g",
    "WOW Price": 5,
    "WOW Size": "200g",
    "WOW ppu": "$25.00 / 1KG"
  },
  {
    "Brand_Product_Size": "Blackmores Probiotics+ Daily Health 30 pack",
    "WOW Price": 24,
    "WOW Size": "30 pack",
    "WOW ppu": "$80.00 / 100EA"
  },
  {
    "Brand_Product_Size": "Swisse Kids Rest & Restore Tablets 60 pack",
    "WOW Price": 12.5,
    "WOW Size": "60 pack",
    "WOW ppu": "$20.83 / 100EA"
  },
  {
    "Brand_Product_Size": "Woolworths Cheese & Tomato Croissants 4 pack",
    "WOW Price": 3.5,
    "WOW Size": "4 pack",
    "WOW ppu": "$1.84 / 100G"
  },
  {
    "Brand_Product_Size": "Glade Sense & Spray Primary Vanilla 12g",
    "WOW Price": 9,
    "WOW Size": "12g",
    "WOW ppu": "$7.50 / 10G"
  },
  {
    "Brand_Product_Size": "Maybelline Dream Satin Bb Cream - Light each",
    "WOW Price": 8.5,
    "WOW Size": "each",
    "WOW ppu": "$2.83 / 10ML"
  },
  {
    "Brand_Product_Size": "Organic Choice Candle West Indian Lime & Coconut 200g",
    "WOW Price": 15,
    "WOW Size": "200g",
    "WOW ppu": "$15.00 / 1EA"
  },
  {
    "Brand_Product_Size": "Schweppes Dry Ginger Ale Zero Sugar Dry Ginger Ale 1.1L",
    "WOW Price": 1.25,
    "WOW Size": "1.1L",
    "WOW ppu": "$1.14 / 1L"
  },
  {
    "Brand_Product_Size": "Magnum Mini Ice Cream Almond 6 pack",
    "WOW Price": 9,
    "WOW Size": "6 pack",
    "WOW ppu": "$2.50 / 100ML"
  },
  {
    "Brand_Product_Size": "Elmer's Gue Blueberry Cloud Scented Premade Slime 236.5mL",
    "WOW Price": 6,
    "WOW Size": "236.5mL",
    "WOW ppu": ""
  },
  {
    "Brand_Product_Size": "Bulldog Original Beard Oil 30mL",
    "WOW Price": 12,
    "WOW Size": "30mL",
    "WOW ppu": "$40.00 / 100ML"
  },
  {
    "Brand_Product_Size": "Oc Naturals Conditioner Dry Nourish 725mL",
    "WOW Price": 6,
    "WOW Size": "725mL",
    "WOW ppu": "$0.83 / 100ML"
  },
  {
    "Brand_Product_Size": "Armor All Car Care Windscreen Wash 500mL",
    "WOW Price": 5,
    "WOW Size": "500mL",
    "WOW ppu": "$1.00 / 100ML"
  },
  {
    "Brand_Product_Size": "Bertocchi Gold Thin & Crispy Middle Bacon 400g",
    "WOW Price": 9,
    "WOW Size": "400g",
    "WOW ppu": "$22.50 / 1KG"
  },
  {
    "Brand_Product_Size": "Ocean Blue Cocktail Prawns 180g",
    "WOW Price": 10,
    "WOW Size": "180g",
    "WOW ppu": "$55.56 / 1KG"
  },
  {
    "Brand_Product_Size": "D'orsogna 100% Natural Double Smoked Sliced Ham 200g",
    "WOW Price": 6,
    "WOW Size": "200g",
    "WOW ppu": "$30.00 / 1KG"
  },
  {
    "Brand_Product_Size": "D'orsogna 100% Natural Double Smoked Sliced Ham 200g",
    "WOW Price": 6,
    "WOW Size": "200g",
    "WOW ppu": "$30.00 / 1KG"
  },
  {
    "Brand_Product_Size": "Moccona Strong Cappuccino Sachets 30 pack",
    "WOW Price": 10.5,
    "WOW Size": "30 pack",
    "WOW ppu": "$0.35 / 1EA"
  },
  {
    "Brand_Product_Size": "Moccona Strong Cappuccino Sachets 30 pack",
    "WOW Price": 10.5,
    "WOW Size": "30 pack",
    "WOW ppu": "$0.35 / 1EA"
  },
  {
    "Brand_Product_Size": "Waterwipes Fragrance Free Sensitive Skin Baby Wipes 60 pack",
    "WOW Price": 6,
    "WOW Size": "60 pack",
    "WOW ppu": "$10.00 / 100EA"
  },
  {
    "Brand_Product_Size": "Finish Powerball Quantum Ultimate Dishwasher Tablets Original 36 pack",
    "WOW Price": 18,
    "WOW Size": "36 pack",
    "WOW ppu": "$0.50 / 1EA"
  },
  {
    "Brand_Product_Size": "Voost Effervescent Vitamin B+ Performance 20 pack",
    "WOW Price": 6.5,
    "WOW Size": "20 pack",
    "WOW ppu": "$32.50 / 100EA"
  },
  {
    "Brand_Product_Size": "Tempo Greek Style Natural Yoghurt 700g",
    "WOW Price": 7.5,
    "WOW Size": "700g",
    "WOW ppu": "$1.07 / 100G"
  },
  {
    "Brand_Product_Size": "Yates Blitz-em Insect Control Ant Flea & Tick Killer 600g",
    "WOW Price": 12,
    "WOW Size": "600g",
    "WOW ppu": "$2.00 / 100G"
  },
  {
    "Brand_Product_Size": "Continental Cook-in-bag Recipe Base Honey Bbq Chicken 45g",
    "WOW Price": 2.3,
    "WOW Size": "45g",
    "WOW ppu": "$5.11 / 100G"
  },
  {
    "Brand_Product_Size": "Woolworths Cook Chicken Breast Steaks Sweet Soy Bbq 500g",
    "WOW Price": 10,
    "WOW Size": "500g",
    "WOW ppu": "$20.00 / 1KG"
  },
  {
    "Brand_Product_Size": "Schweppes Indian Tonic Water 1.1L",
    "WOW Price": 1.25,
    "WOW Size": "1.1L",
    "WOW ppu": "$1.14 / 1L"
  },
  {
    "Brand_Product_Size": "Libra Invisible Regular Pads With Wings 14 pack",
    "WOW Price": 3.7,
    "WOW Size": "14 pack",
    "WOW ppu": "$0.26 / 1EA"
  },
  {
    "Brand_Product_Size": "Blackmores Milk Thistle Liver Tonic Tablets 42 pack",
    "WOW Price": 13.2,
    "WOW Size": "42 pack",
    "WOW ppu": "$31.43 / 100EA"
  },
  {
    "Brand_Product_Size": "Decor Tellfresh Storer Oblong 1.8L",
    "WOW Price": 6,
    "WOW Size": "1.8L",
    "WOW ppu": ""
  },
  {
    "Brand_Product_Size": "Strike Floor Cleaner Mountain Splash 750mL",
    "WOW Price": 2,
    "WOW Size": "750mL",
    "WOW ppu": "$0.27 / 100ML"
  },
  {
    "Brand_Product_Size": "Mayers Marinated Bismarck Herrings 500g",
    "WOW Price": 4.5,
    "WOW Size": "500g",
    "WOW ppu": "$9.00 / 1KG"
  },
  {
    "Brand_Product_Size": "Thirst Busters Fruit Cup Cordial 2L",
    "WOW Price": 2.2,
    "WOW Size": "2L",
    "WOW ppu": "$1.10 / 1L"
  },
  {
    "Brand_Product_Size": "U By Kotex Designer Series Ultrathin With Wings Regular 12ea",
    "WOW Price": 3.6,
    "WOW Size": "12ea",
    "WOW ppu": "$0.30 / 1EA"
  },
  {
    "Brand_Product_Size": "Gippsland Dairy Strawberries & Cream Yoghurt 720g",
    "WOW Price": 7,
    "WOW Size": "720g",
    "WOW ppu": "$0.97 / 100G"
  },
  {
    "Brand_Product_Size": "Pauls Kids Birthday Cake Flavoured Yoghurt 70g",
    "WOW Price": 1.4,
    "WOW Size": "70g",
    "WOW ppu": "$2.00 / 100G"
  },
  {
    "Brand_Product_Size": "Cottee's Sparkling Raspberry Citrus Cans 375mL x10 pack",
    "WOW Price": 7,
    "WOW Size": "375mL x10 pack",
    "WOW ppu": "$1.87 / 1L"
  },
  {
    "Brand_Product_Size": "Fruit-tella Hippos 120g",
    "WOW Price": 4,
    "WOW Size": "120g",
    "WOW ppu": "$3.33 / 100G"
  },
  {
    "Brand_Product_Size": "Double Phoenix Cooking Wine 640g",
    "WOW Price": 1.5,
    "WOW Size": "640g",
    "WOW ppu": "$0.23 / 100ML"
  },
  {
    "Brand_Product_Size": "Gm Housebrand Chenille Assorted Craft Box each",
    "WOW Price": 10,
    "WOW Size": "each",
    "WOW ppu": ""
  },
  {
    "Brand_Product_Size": "Woolworths Simply Steam Cauliflower Rice 250g",
    "WOW Price": 3.5,
    "WOW Size": "250g",
    "WOW ppu": "$14.00 / 1KG"
  },
  {
    "Brand_Product_Size": "D'orsogna 100% Natural Premium Unsmoked Sliced Ham 200g",
    "WOW Price": 6,
    "WOW Size": "200g",
    "WOW ppu": "$30.00 / 1KG"
  },
  {
    "Brand_Product_Size": "D'orsogna 100% Natural Premium Unsmoked Sliced Ham 200g",
    "WOW Price": 6,
    "WOW Size": "200g",
    "WOW ppu": "$30.00 / 1KG"
  },
  {
    "Brand_Product_Size": "White King Power Clean In Cistern Bleach & Blue 2 pack",
    "WOW Price": 5.2,
    "WOW Size": "2 pack",
    "WOW ppu": "$5.20 / 100G"
  },
  {
    "Brand_Product_Size": "Macro Natural Pine Nuts 150g",
    "WOW Price": 10.5,
    "WOW Size": "150g",
    "WOW ppu": "$70.00 / 1KG"
  },
  {
    "Brand_Product_Size": "Three Threes Pickled Onions 520g",
    "WOW Price": 3.8,
    "WOW Size": "520g",
    "WOW ppu": "$7.31 / 1KG"
  },
  {
    "Brand_Product_Size": "Sanitarium Up&go Liquid Breakfast Vanilla Ice 6 pack",
    "WOW Price": 9.7,
    "WOW Size": "6 pack",
    "WOW ppu": "$6.47 / 1L"
  },
  {
    "Brand_Product_Size": "Sanitarium Up&go Liquid Breakfast Vanilla Ice 6 pack",
    "WOW Price": 9.7,
    "WOW Size": "6 pack",
    "WOW ppu": "$6.47 / 1L"
  },
  {
    "Brand_Product_Size": "La Gina Italian Tomato Paste Passata 680g",
    "WOW Price": 1.5,
    "WOW Size": "680g",
    "WOW ppu": "$0.22 / 100G"
  },
  {
    "Brand_Product_Size": "Mint Pastry Brush each",
    "WOW Price": 3,
    "WOW Size": "each",
    "WOW ppu": ""
  },
  {
    "Brand_Product_Size": "Cadbury Caramello Block 345g",
    "WOW Price": 6,
    "WOW Size": "345g",
    "WOW ppu": ""
  },
  {
    "Brand_Product_Size": "Pampas Lemon Meringue Pies 4 pack",
    "WOW Price": 5,
    "WOW Size": "4 pack",
    "WOW ppu": "$1.25 / 100G"
  },
  {
    "Brand_Product_Size": "Woolworths Beef Eye Fillet Steak 200g - 500g",
    "WOW Price": 23.25,
    "WOW Size": "200g - 500g",
    "WOW ppu": "$46.50 / 1KG"
  },
  {
    "Brand_Product_Size": "Capsicum Yellow each",
    "WOW Price": 1.48,
    "WOW Size": "each",
    "WOW ppu": "$1.48 / 1EA"
  },
  {
    "Brand_Product_Size": "Bonds Instatan Sheer Stockings Slim Tight Light Brown Small each",
    "WOW Price": 8,
    "WOW Size": "each",
    "WOW ppu": ""
  },
  {
    "Brand_Product_Size": "Golden Waffles Light & Buttery 8 pack",
    "WOW Price": 5,
    "WOW Size": "8 pack",
    "WOW ppu": "$2.27 / 100G"
  },
  {
    "Brand_Product_Size": "Essano Rosehip Facial Exfoliator Gentle 100mL",
    "WOW Price": 15,
    "WOW Size": "100mL",
    "WOW ppu": "$15.00 / 100ML"
  },
  {
    "Brand_Product_Size": "D3 Waterproof Kinesiology Tape 6m each",
    "WOW Price": 15,
    "WOW Size": "each",
    "WOW ppu": "$15.00 / 1EA"
  },
  {
    "Brand_Product_Size": "Val Verde Passata Sauce 700g",
    "WOW Price": 2,
    "WOW Size": "700g",
    "WOW ppu": "$0.29 / 100G"
  },
  {
    "Brand_Product_Size": "Telstra Lite 2 4g each",
    "WOW Price": 49,
    "WOW Size": "each",
    "WOW ppu": ""
  },
  {
    "Brand_Product_Size": "Mama Shrimp (tom Yum) Flavour Instant Noodles Jumbo Pack 90g x5 pack",
    "WOW Price": 4.95,
    "WOW Size": "90g x5 pack",
    "WOW ppu": "$1.10 / 100G"
  },
  {
    "Brand_Product_Size": "Meadowlea Original Spread 500g",
    "WOW Price": 2,
    "WOW Size": "500g",
    "WOW ppu": "$0.40 / 100G"
  },
  {
    "Brand_Product_Size": "Strepsils Soothing Sore Throat Lozenges Honey & Lemon 48 pack",
    "WOW Price": 10,
    "WOW Size": "48 pack",
    "WOW ppu": "$0.21 / 1EA"
  },
  {
    "Brand_Product_Size": "Bzyoo Noodle Bowl each",
    "WOW Price": 2,
    "WOW Size": "each",
    "WOW ppu": ""
  },
  {
    "Brand_Product_Size": "Woolworths Frozen Pizza Bbq Meat Lovers 500g",
    "WOW Price": 3.3,
    "WOW Size": "500g",
    "WOW ppu": "$0.66 / 100G"
  },
  {
    "Brand_Product_Size": "Sara Lee Sticky Date Pudding 475g",
    "WOW Price": 6.25,
    "WOW Size": "475g",
    "WOW ppu": "$1.32 / 100G"
  },
  {
    "Brand_Product_Size": "Woolworths Potato Egg And Bacon Salad 800g",
    "WOW Price": 8.99,
    "WOW Size": "800g",
    "WOW ppu": "$1.12 / 100G"
  },
  {
    "Brand_Product_Size": "Woolworths Potato Egg And Bacon Salad 800g",
    "WOW Price": 8.99,
    "WOW Size": "800g",
    "WOW ppu": "$1.12 / 100G"
  },
  {
    "Brand_Product_Size": "Schweppes Dry Ginger Ale 4 x300mL",
    "WOW Price": 5.9,
    "WOW Size": "4 x300mL",
    "WOW ppu": "$4.92 / 1L"
  },
  {
    "Brand_Product_Size": "Macro Rigatoni With Hemp 300g",
    "WOW Price": 2.6,
    "WOW Size": "300g",
    "WOW ppu": "$0.87 / 100G"
  },
  {
    "Brand_Product_Size": "Woolworths &veg Beef Meatballs With Carrot Celery Tomato & Onion 400g",
    "WOW Price": 7,
    "WOW Size": "400g",
    "WOW ppu": "$17.50 / 1KG"
  },
  {
    "Brand_Product_Size": "Sheese Mature Cheddar Vegan Cheese Block 200g",
    "WOW Price": 6,
    "WOW Size": "200g",
    "WOW ppu": "$30.00 / 1KG"
  },
  {
    "Brand_Product_Size": "Fodmapped For You Roasted Pumpkin & Sage Soup 500g",
    "WOW Price": 8,
    "WOW Size": "500g",
    "WOW ppu": "$1.60 / 100G"
  },
  {
    "Brand_Product_Size": "Select Power Dish Brush each",
    "WOW Price": 3,
    "WOW Size": "each",
    "WOW ppu": "$3.00 / 1EA"
  },
  {
    "Brand_Product_Size": "Golden Circle Tomato Juice 1L",
    "WOW Price": 2,
    "WOW Size": "1L",
    "WOW ppu": "$2.00 / 1L"
  },
  {
    "Brand_Product_Size": "Inspire Ceramic Mug Assorted 4 pack",
    "WOW Price": 6,
    "WOW Size": "4 pack",
    "WOW ppu": ""
  },
  {
    "Brand_Product_Size": "Chobani Greek Yoghurt Plain Whole Milk 907g",
    "WOW Price": 6.5,
    "WOW Size": "907g",
    "WOW ppu": "$0.72 / 100G"
  },
  {
    "Brand_Product_Size": "Strike Aerosol Disinfectant Hospital Grade Marine Fresh 300g",
    "WOW Price": 4,
    "WOW Size": "300g",
    "WOW ppu": "$1.33 / 100G"
  },
  {
    "Brand_Product_Size": "Munchme Pistachio Cranberry 120g",
    "WOW Price": 5.5,
    "WOW Size": "120g",
    "WOW ppu": "$4.58 / 100G"
  },
  {
    "Brand_Product_Size": "Inkjoy Papermate Ballpoint Pen Black 4 pack",
    "WOW Price": 9,
    "WOW Size": "4 pack",
    "WOW ppu": ""
  },
  {
    "Brand_Product_Size": "Laucke Crusty White Bread Mix 5kg",
    "WOW Price": 16.95,
    "WOW Size": "5kg",
    "WOW ppu": "$3.39 / 1KG"
  },
  {
    "Brand_Product_Size": "Cancer Council Kid Sunscreen Spf50+ 500mL",
    "WOW Price": 27,
    "WOW Size": "500mL",
    "WOW ppu": "$5.40 / 100ML"
  },
  {
    "Brand_Product_Size": "Mccain Mixed Vegetables Peas & Super Sweet Corn 1kg",
    "WOW Price": 4.4,
    "WOW Size": "1kg",
    "WOW ppu": "$4.40 / 1KG"
  },
  {
    "Brand_Product_Size": "Boost Berry Happy 350mL",
    "WOW Price": 3,
    "WOW Size": "350mL",
    "WOW ppu": "$8.57 / 1L"
  },
  {
    "Brand_Product_Size": "Hans Hot Dogs American 375g",
    "WOW Price": 5.5,
    "WOW Size": "375g",
    "WOW ppu": "$14.67 / 1KG"
  },
  {
    "Brand_Product_Size": "Neutrogena Deep Clean Invigorating Scrub 125mL",
    "WOW Price": 14,
    "WOW Size": "125mL",
    "WOW ppu": "$11.20 / 100ML"
  },
  {
    "Brand_Product_Size": "Jacquin Chevre Ash 100g",
    "WOW Price": 5,
    "WOW Size": "100g",
    "WOW ppu": "$50.00 / 1KG"
  },
  {
    "Brand_Product_Size": "Jacquin Chevre Ash 100g",
    "WOW Price": 5,
    "WOW Size": "100g",
    "WOW ppu": "$50.00 / 1KG"
  },
  {
    "Brand_Product_Size": "Bfree 5 Wraps Sweet Potato 210g",
    "WOW Price": 8,
    "WOW Size": "210g",
    "WOW ppu": "$3.81 / 100G"
  },
  {
    "Brand_Product_Size": "Vaseline Lip Therapy Original Lip Balm 20g",
    "WOW Price": 5,
    "WOW Size": "20g",
    "WOW ppu": "$2.50 / 10G"
  },
  {
    "Brand_Product_Size": "Sistema Klip It Plus Value Pack 4 pack",
    "WOW Price": 7,
    "WOW Size": "4 pack",
    "WOW ppu": "$7.00 / 1EA"
  },
  {
    "Brand_Product_Size": "Heinz Cutlery Weaning Spoons 2 pack",
    "WOW Price": 5.3,
    "WOW Size": "2 pack",
    "WOW ppu": "$2.65 / 1EA"
  },
  {
    "Brand_Product_Size": "Jackson Switched Surge Protected Powerboard With 1 Metre Lead each",
    "WOW Price": 31,
    "WOW Size": "each",
    "WOW ppu": "$31.00 / 1EA"
  },
  {
    "Brand_Product_Size": "My Soda Cleanse Shampoo 350mL",
    "WOW Price": 10,
    "WOW Size": "350mL",
    "WOW ppu": "$2.86 / 100ML"
  },
  {
    "Brand_Product_Size": "Hakubaku Organic Japanese Soba Buckwheat Noodles 98% Ff 270g",
    "WOW Price": 3.7,
    "WOW Size": "270g",
    "WOW ppu": "$1.37 / 100G"
  },
  {
    "Brand_Product_Size": "San Remo Spaghetti Pasta No 5 500g",
    "WOW Price": 2.6,
    "WOW Size": "500g",
    "WOW ppu": "$0.52 / 100G"
  },
  {
    "Brand_Product_Size": "Body Science High Protein Bar 60g Choc Mint 60g",
    "WOW Price": 4,
    "WOW Size": "60g",
    "WOW ppu": "$6.67 / 100G"
  },
  {
    "Brand_Product_Size": "Woolworths Chicken Drumsticks 1.4kg - 2kg",
    "WOW Price": 8,
    "WOW Size": "1.4kg - 2kg",
    "WOW ppu": "$4.00 / 1KG"
  },
  {
    "Brand_Product_Size": "Yoplait Le Rice Pudding Classic Vanilla 2x150g",
    "WOW Price": 2.5,
    "WOW Size": "2x150g",
    "WOW ppu": "$0.83 / 100G"
  },
  {
    "Brand_Product_Size": "Macro Organic Peas 450g",
    "WOW Price": 5,
    "WOW Size": "450g",
    "WOW ppu": "$11.11 / 1KG"
  },
  {
    "Brand_Product_Size": "Sunbeam Apricot Apple Peach & Carrot Pieces 6 pack",
    "WOW Price": 4,
    "WOW Size": "6 pack",
    "WOW ppu": "$27.78 / 1KG"
  },
  {
    "Brand_Product_Size": "Tasmanian Heritage Triple Cream Oval Cheese 125g",
    "WOW Price": 5.25,
    "WOW Size": "125g",
    "WOW ppu": "$42.00 / 1KG"
  },
  {
    "Brand_Product_Size": "Tasmanian Heritage Triple Cream Oval Cheese 125g",
    "WOW Price": 5.25,
    "WOW Size": "125g",
    "WOW ppu": "$42.00 / 1KG"
  },
  {
    "Brand_Product_Size": "Woolworths Extra Strong Mints 225g",
    "WOW Price": 2,
    "WOW Size": "225g",
    "WOW ppu": "$0.89 / 100G"
  },
  {
    "Brand_Product_Size": "Macro Organic Almond Milk 1L",
    "WOW Price": 2.8,
    "WOW Size": "1L",
    "WOW ppu": "$2.80 / 1L"
  },
  {
    "Brand_Product_Size": "Macro Organic Almond Milk 1L",
    "WOW Price": 2.8,
    "WOW Size": "1L",
    "WOW ppu": "$2.80 / 1L"
  },
  {
    "Brand_Product_Size": "The Juice Brothers Morning Start 500mL",
    "WOW Price": 3.5,
    "WOW Size": "500mL",
    "WOW ppu": "$7.00 / 1L"
  },
  {
    "Brand_Product_Size": "Mylanta Antacid Heartburn Relief Fast Chews 24 pack",
    "WOW Price": 6,
    "WOW Size": "24 pack",
    "WOW ppu": "$0.25 / 1EA"
  },
  {
    "Brand_Product_Size": "Cadbury Favourites Party Pack 570g",
    "WOW Price": 20,
    "WOW Size": "570g",
    "WOW ppu": "$3.51 / 100G"
  },
  {
    "Brand_Product_Size": "Solo Lemon Zero Sugar 600mL",
    "WOW Price": 3,
    "WOW Size": "600mL",
    "WOW ppu": "$5.00 / 1L"
  },
  {
    "Brand_Product_Size": "Woolworths Tomato Sauce 2L",
    "WOW Price": 4,
    "WOW Size": "2L",
    "WOW ppu": "$0.20 / 100ML"
  },
  {
    "Brand_Product_Size": "Sambucol Cold & Flu Kids Cough Liquid Black Elderberry 120mL",
    "WOW Price": 18,
    "WOW Size": "120mL",
    "WOW ppu": "$15.00 / 100ML"
  },
  {
    "Brand_Product_Size": "Ultimates Indulge Lamb Mince In Gravy 400g",
    "WOW Price": 2.5,
    "WOW Size": "400g",
    "WOW ppu": "$0.63 / 100G"
  },
  {
    "Brand_Product_Size": "Siggi's Skyr Yoghurt Pouch Mango 150g",
    "WOW Price": 2,
    "WOW Size": "150g",
    "WOW ppu": "$1.33 / 100G"
  },
  {
    "Brand_Product_Size": "Swisspers Paper Cotton Stems 400 pack",
    "WOW Price": 6.4,
    "WOW Size": "400 pack",
    "WOW ppu": "$6.40 / 1EA"
  },
  {
    "Brand_Product_Size": "Essentials Brown Sugar 1kg",
    "WOW Price": 2.65,
    "WOW Size": "1kg",
    "WOW ppu": "$0.27 / 100G"
  },
  {
    "Brand_Product_Size": "Just Juice Paradise Punch 6x200mL",
    "WOW Price": 3.5,
    "WOW Size": "6x200mL",
    "WOW ppu": "$2.92 / 1L"
  },
  {
    "Brand_Product_Size": "Just Juice Paradise Punch 6x200mL",
    "WOW Price": 3.5,
    "WOW Size": "6x200mL",
    "WOW ppu": "$2.92 / 1L"
  },
  {
    "Brand_Product_Size": "Chris' Dips Three Olive 200g",
    "WOW Price": 3.5,
    "WOW Size": "200g",
    "WOW ppu": "$1.75 / 100G"
  },
  {
    "Brand_Product_Size": "Olina's Artisan Cracker Raisin And Pumpkin Seeds 100g",
    "WOW Price": 3.5,
    "WOW Size": "100g",
    "WOW ppu": "$3.50 / 100G"
  },
  {
    "Brand_Product_Size": "Cadbury 3d Freddo Adventures Chocolate 25g",
    "WOW Price": 1,
    "WOW Size": "25g",
    "WOW ppu": "$4.00 / 100G"
  },
  {
    "Brand_Product_Size": "Woolworths Australian Butter Unsalted 250g",
    "WOW Price": 3.25,
    "WOW Size": "250g",
    "WOW ppu": "$1.30 / 100G"
  },
  {
    "Brand_Product_Size": "Underworks Ladies Athleisure Bikini 12 3 pack",
    "WOW Price": 14,
    "WOW Size": "3 pack",
    "WOW ppu": ""
  },
  {
    "Brand_Product_Size": "Campbell's Chunky Canned Soup Beef Hearty & Filling 505g",
    "WOW Price": 1.75,
    "WOW Size": "505g",
    "WOW ppu": "$0.35 / 100G"
  },
  {
    "Brand_Product_Size": "Jordans Fruit & Nut Muesli 600g",
    "WOW Price": 7,
    "WOW Size": "600g",
    "WOW ppu": "$1.17 / 100G"
  },
  {
    "Brand_Product_Size": "Mount Franklin Still Water Bottle 600mL",
    "WOW Price": 2.15,
    "WOW Size": "600mL",
    "WOW ppu": "$3.58 / 1L"
  },
  {
    "Brand_Product_Size": "Myaura Organic Deodorant Bergamot Lime & Coconut 65g",
    "WOW Price": 9,
    "WOW Size": "65g",
    "WOW ppu": "$13.85 / 100G"
  },
  {
    "Brand_Product_Size": "Woolworths Select Razor Fleur Refill 4 pack",
    "WOW Price": 6,
    "WOW Size": "4 pack",
    "WOW ppu": "$1.50 / 1EA"
  },
  {
    "Brand_Product_Size": "Laucke Spelt Bread Mix 1kg",
    "WOW Price": 6.8,
    "WOW Size": "1kg",
    "WOW ppu": "$6.80 / 1KG"
  },
  {
    "Brand_Product_Size": "L'oreal Paris Revitalift Face Cream Day Anti Wrinkle & Firming 50mL",
    "WOW Price": 19.75,
    "WOW Size": "50mL",
    "WOW ppu": "$39.50 / 100ML"
  },
  {
    "Brand_Product_Size": "Spc Puree & Simple Apple & Mango Pouches 4 pack",
    "WOW Price": 5,
    "WOW Size": "4 pack",
    "WOW ppu": "$13.89 / 1KG"
  },
  {
    "Brand_Product_Size": "Decor Tellfresh Storer Oblong Tall 1.75L",
    "WOW Price": 7,
    "WOW Size": "1.75L",
    "WOW ppu": ""
  },
  {
    "Brand_Product_Size": "Karicare Gold Plus+ Organic 2 Follow-on Baby Formula From 6-12 Months 900g",
    "WOW Price": 38,
    "WOW Size": "900g",
    "WOW ppu": "$4.22 / 100G"
  },
  {
    "Brand_Product_Size": "Cold Power Clean & Fresh Odour Fighter Fresh Guard Laundry Liquid 1.8L",
    "WOW Price": 8.75,
    "WOW Size": "1.8L",
    "WOW ppu": "$4.86 / 1L"
  },
  {
    "Brand_Product_Size": "Korbond Low Temp Hot Glue Gun Set each",
    "WOW Price": 8,
    "WOW Size": "each",
    "WOW ppu": ""
  },
  {
    "Brand_Product_Size": "Old El Paso Taco Soft Crispy Chicken Dinner Kit 370g",
    "WOW Price": 6.5,
    "WOW Size": "370g",
    "WOW ppu": "$1.76 / 100G"
  },
  {
    "Brand_Product_Size": "Ky Lubricant Harmony 100mL",
    "WOW Price": 13,
    "WOW Size": "100mL",
    "WOW ppu": "$13.00 / 100ML"
  },
  {
    "Brand_Product_Size": "L'oreal Men Expert Carbon Shower Gel Total Action 300mL",
    "WOW Price": 3.6,
    "WOW Size": "300mL",
    "WOW ppu": "$1.20 / 100ML"
  },
  {
    "Brand_Product_Size": "Betty Crocker Rainbow Cookie Mix 495g",
    "WOW Price": 5.2,
    "WOW Size": "495g",
    "WOW ppu": "$1.05 / 100G"
  },
  {
    "Brand_Product_Size": "Essentials Shot Glasses Plastic 100 pack",
    "WOW Price": 3,
    "WOW Size": "100 pack",
    "WOW ppu": "$0.03 / 1EA"
  },
  {
    "Brand_Product_Size": "Bonds Kids Socks Lowcut Logo 13 - 3 3 pack",
    "WOW Price": 9.1,
    "WOW Size": "3 pack",
    "WOW ppu": "$3.03 / 1EA"
  },
  {
    "Brand_Product_Size": "Sabco 3-in-1 Spray Squeegee Window Washer Large each",
    "WOW Price": 15,
    "WOW Size": "each",
    "WOW ppu": "$15.00 / 1EA"
  },
  {
    "Brand_Product_Size": "Continental Nutrish Soup A Bit Corny 27g",
    "WOW Price": 2,
    "WOW Size": "27g",
    "WOW ppu": "$7.41 / 100G"
  },
  {
    "Brand_Product_Size": "Gillette Fusion Hydra Shaving Gel Sensitive Skin 195g",
    "WOW Price": 7.5,
    "WOW Size": "195g",
    "WOW ppu": "$3.85 / 100G"
  },
  {
    "Brand_Product_Size": "Only Organic Carrot & Apple Rice Cakes 20g",
    "WOW Price": 1.8,
    "WOW Size": "20g",
    "WOW ppu": "$9.00 / 100G"
  },
  {
    "Brand_Product_Size": "Woolworths Vanilla Yoghurt 98% Fat Free 1kg",
    "WOW Price": 3.45,
    "WOW Size": "1kg",
    "WOW ppu": "$0.35 / 100G"
  },
  {
    "Brand_Product_Size": "Essentials Processed Bran Sticks 500g",
    "WOW Price": 1.79,
    "WOW Size": "500g",
    "WOW ppu": "$0.36 / 100G"
  },
  {
    "Brand_Product_Size": "Blackmores Pregnancy & Breastfeeding Gold Capsules 60 pack",
    "WOW Price": 16.8,
    "WOW Size": "60 pack",
    "WOW ppu": "$28.00 / 100EA"
  },
  {
    "Brand_Product_Size": "Select Scissors Hairdressing each",
    "WOW Price": 10,
    "WOW Size": "each",
    "WOW ppu": ""
  },
  {
    "Brand_Product_Size": "Optus X Vista 4g Smartphone Black each",
    "WOW Price": 99,
    "WOW Size": "each",
    "WOW ppu": ""
  },
  {
    "Brand_Product_Size": "Spring Gully Gherkins Round 550g",
    "WOW Price": 4.1,
    "WOW Size": "550g",
    "WOW ppu": "$7.45 / 1KG"
  },
  {
    "Brand_Product_Size": "Tresemme Conditioner Keratin Smooth 350mL",
    "WOW Price": 4.5,
    "WOW Size": "350mL",
    "WOW ppu": "$1.29 / 100ML"
  },
  {
    "Brand_Product_Size": "Exelpet Vet Series Treatment Spot On Flea Medium Dog 2 pack",
    "WOW Price": 29,
    "WOW Size": "2 pack",
    "WOW ppu": "$14.50 / 1EA"
  },
  {
    "Brand_Product_Size": "Cadbury Freddo Vanilla & Chocolate Ice Cream 4 pack",
    "WOW Price": 4.5,
    "WOW Size": "4 pack",
    "WOW ppu": "$1.37 / 100ML"
  },
  {
    "Brand_Product_Size": "Werther's Original Toffee Eclairs 100g",
    "WOW Price": 3.5,
    "WOW Size": "100g",
    "WOW ppu": "$3.50 / 100G"
  },
  {
    "Brand_Product_Size": "Systema Gum Care Super Soft Toothbrush each",
    "WOW Price": 5,
    "WOW Size": "each",
    "WOW ppu": "$5.00 / 1EA"
  },
  {
    "Brand_Product_Size": "Clairol Nice N Easy 5g Natural Medium Golden Brown each",
    "WOW Price": 9,
    "WOW Size": "each",
    "WOW ppu": ""
  },
  {
    "Brand_Product_Size": "Rimmel Lasting Finish Full Coverage Foundation 103 True Ivory 30mL",
    "WOW Price": 9.5,
    "WOW Size": "30mL",
    "WOW ppu": "$3.17 / 10ML"
  },
  {
    "Brand_Product_Size": "Palmolive Foaming Liquid Hand Wash Soap Pump Vanilla & Berry 250mL",
    "WOW Price": 3,
    "WOW Size": "250mL",
    "WOW ppu": "$1.20 / 100ML"
  },
  {
    "Brand_Product_Size": "Collapse Multi Purpose Tub 27l each",
    "WOW Price": 28,
    "WOW Size": "each",
    "WOW ppu": ""
  },
  {
    "Brand_Product_Size": "Mayfair Devon Slices 100g",
    "WOW Price": 1.3,
    "WOW Size": "100g",
    "WOW ppu": "$13.00 / 1KG"
  },
  {
    "Brand_Product_Size": "Body Science Collagen Low Carb Protein Bar Peanut Butter Chocolate 60g",
    "WOW Price": 4,
    "WOW Size": "60g",
    "WOW ppu": "$6.67 / 100G"
  },
  {
    "Brand_Product_Size": "Oscar Orsen Toenail Clippers each",
    "WOW Price": 4.5,
    "WOW Size": "each",
    "WOW ppu": ""
  },
  {
    "Brand_Product_Size": "Dove Strengthen Ritual Shampoo 320mL",
    "WOW Price": 4.9,
    "WOW Size": "320mL",
    "WOW ppu": "$1.53 / 100ML"
  },
  {
    "Brand_Product_Size": "Woolworths Chicken & Vegetable Soup Low Fat 300g",
    "WOW Price": 3,
    "WOW Size": "300g",
    "WOW ppu": "$1.00 / 100G"
  },
  {
    "Brand_Product_Size": "Sanitarium Weet-bix Cholesterol Lowering Breakfast Cereal 440g",
    "WOW Price": 5.25,
    "WOW Size": "440g",
    "WOW ppu": "$1.19 / 100G"
  },
  {
    "Brand_Product_Size": "Mud Flawless Finish Concealer 02 Natural Beige 4mL",
    "WOW Price": 7,
    "WOW Size": "4mL",
    "WOW ppu": "$17.50 / 10ML"
  },
  {
    "Brand_Product_Size": "Always Fresh Artichoke Hearts 400g",
    "WOW Price": 3.8,
    "WOW Size": "400g",
    "WOW ppu": "$9.50 / 1KG"
  },
  {
    "Brand_Product_Size": "Golden Circle Beetroot Slices Pickled 440g",
    "WOW Price": 3,
    "WOW Size": "440g",
    "WOW ppu": "$6.82 / 1KG"
  },
  {
    "Brand_Product_Size": "Woolworths Hundreds & Thousands White Choc Minis 8 pack 180g",
    "WOW Price": 2.5,
    "WOW Size": "8 pack 180g",
    "WOW ppu": "$1.39 / 100G"
  },
  {
    "Brand_Product_Size": "Wildly Good Sweet Potato & Kimchi Burger 250g",
    "WOW Price": 5,
    "WOW Size": "250g",
    "WOW ppu": "$20.00 / 1KG"
  },
  {
    "Brand_Product_Size": "Green Gardener Secateurs each",
    "WOW Price": 6,
    "WOW Size": "each",
    "WOW ppu": ""
  },
  {
    "Brand_Product_Size": "Oak Chocolate Milk 300mL",
    "WOW Price": 1.7,
    "WOW Size": "300mL",
    "WOW ppu": "$5.67 / 1L"
  },
  {
    "Brand_Product_Size": "Essentials Wooden Hangers 5 pack",
    "WOW Price": 5,
    "WOW Size": "5 pack",
    "WOW ppu": "$5.00 / 1EA"
  },
  {
    "Brand_Product_Size": "Keep It Cleaner Tortilla Veggie Chips Chickpea 125g",
    "WOW Price": 4,
    "WOW Size": "125g",
    "WOW ppu": "$3.20 / 100G"
  },
  {
    "Brand_Product_Size": "Jalna Whole Milk Yoghurt Lactose Free Natural 1kg",
    "WOW Price": 7.95,
    "WOW Size": "1kg",
    "WOW ppu": "$0.80 / 100G"
  },
  {
    "Brand_Product_Size": "Keep It Cleaner Plant Based Protein Crunch Honey Roast Almond Bar 40g",
    "WOW Price": 4,
    "WOW Size": "40g",
    "WOW ppu": "$10.00 / 100G"
  },
  {
    "Brand_Product_Size": "San Remo Shells Large Pasta No 29 500g",
    "WOW Price": 2.6,
    "WOW Size": "500g",
    "WOW ppu": "$0.52 / 100G"
  },
  {
    "Brand_Product_Size": "Woolworths Kids Strawberry Flavoured Milk 250mL",
    "WOW Price": 1.6,
    "WOW Size": "250mL",
    "WOW ppu": "$6.40 / 1L"
  },
  {
    "Brand_Product_Size": "Woolworths Kids Strawberry Flavoured Milk 250mL",
    "WOW Price": 1.6,
    "WOW Size": "250mL",
    "WOW ppu": "$6.40 / 1L"
  },
  {
    "Brand_Product_Size": "Woolworths Kids Strawberry Flavoured Milk 250mL",
    "WOW Price": 1.6,
    "WOW Size": "250mL",
    "WOW ppu": "$6.40 / 1L"
  },
  {
    "Brand_Product_Size": "Lucky Flaked Almonds 230g",
    "WOW Price": 6,
    "WOW Size": "230g",
    "WOW ppu": "$26.09 / 1KG"
  },
  {
    "Brand_Product_Size": "Uncle Tobys Cereal Plus Fibre 430g",
    "WOW Price": 4.75,
    "WOW Size": "430g",
    "WOW ppu": "$1.10 / 100G"
  },
  {
    "Brand_Product_Size": "Cobram Estate Garlic & Onion Infused Extra Virgin Olive Oil 250mL",
    "WOW Price": 6,
    "WOW Size": "250mL",
    "WOW ppu": "$2.40 / 100ML"
  },
  {
    "Brand_Product_Size": "Twinings Blackcurrant & Blueberry Fruit Infusions 10 pack",
    "WOW Price": 2.9,
    "WOW Size": "10 pack",
    "WOW ppu": "$0.29 / 1EA"
  },
  {
    "Brand_Product_Size": "Twinings Blackcurrant & Blueberry Fruit Infusions 10 pack",
    "WOW Price": 2.9,
    "WOW Size": "10 pack",
    "WOW ppu": "$0.29 / 1EA"
  },
  {
    "Brand_Product_Size": "Valcom Paste Yellow Curry 230g",
    "WOW Price": 3.2,
    "WOW Size": "230g",
    "WOW ppu": "$1.39 / 100G"
  },
  {
    "Brand_Product_Size": "Binkill Insect Control 10.5g",
    "WOW Price": 9.5,
    "WOW Size": "10.5g",
    "WOW ppu": "$9.05 / 10G"
  },
  {
    "Brand_Product_Size": "Jack N' Jill Natural Toothpaste Strawberry 50g",
    "WOW Price": 6.5,
    "WOW Size": "50g",
    "WOW ppu": "$13.00 / 100G"
  },
  {
    "Brand_Product_Size": "Exelpet Vet Series Flea Intestinal & Heartworm Treatment Cats each",
    "WOW Price": 19.5,
    "WOW Size": "each",
    "WOW ppu": "$19.50 / 1EA"
  },
  {
    "Brand_Product_Size": "Birds Eye Country Harvest Carrot Cauliflower Beans & Broccoli 500g",
    "WOW Price": 2.6,
    "WOW Size": "500g",
    "WOW ppu": "$5.20 / 1KG"
  },
  {
    "Brand_Product_Size": "Conimex Ketjap Manis Sweet Soy Sauce 240mL",
    "WOW Price": 4,
    "WOW Size": "240mL",
    "WOW ppu": "$1.67 / 100ML"
  },
  {
    "Brand_Product_Size": "Inspire Toilet Roll Holder each",
    "WOW Price": 8,
    "WOW Size": "each",
    "WOW ppu": ""
  },
  {
    "Brand_Product_Size": "Baxter's Caramelised Onion Relish 240g",
    "WOW Price": 4.3,
    "WOW Size": "240g",
    "WOW ppu": "$1.79 / 100G"
  },
  {
    "Brand_Product_Size": "Whiskas Sardine & Prawn Adult Dry Cat Food 1.8kg",
    "WOW Price": 8,
    "WOW Size": "1.8kg",
    "WOW ppu": "$0.44 / 100G"
  },
  {
    "Brand_Product_Size": "Essentials Anklet Pantyhose Black One Size 4 pack",
    "WOW Price": 3,
    "WOW Size": "4 pack",
    "WOW ppu": ""
  },
  {
    "Brand_Product_Size": "L'oreal Paris Colour Riche Matte Lipstick 103- Blush In A Rush 4.3g",
    "WOW Price": 11,
    "WOW Size": "4.3g",
    "WOW ppu": "$25.58 / 10G"
  },
  {
    "Brand_Product_Size": "Temptations Cat Treats Tempting Tuna 85g",
    "WOW Price": 3,
    "WOW Size": "85g",
    "WOW ppu": "$3.53 / 100G"
  },
  {
    "Brand_Product_Size": "Spc Tropics Pineapple Slices In Juice 227g",
    "WOW Price": 2,
    "WOW Size": "227g",
    "WOW ppu": "$8.81 / 1KG"
  },
  {
    "Brand_Product_Size": "Decor Match-ups Oblong Container 7l each",
    "WOW Price": 14,
    "WOW Size": "each",
    "WOW ppu": ""
  },
  {
    "Brand_Product_Size": "Kirks Pasito Cans 375mL x10 pack",
    "WOW Price": 6.2,
    "WOW Size": "375mL x10 pack",
    "WOW ppu": "$1.65 / 1L"
  },
  {
    "Brand_Product_Size": "The Bar Counter Protein Balls Peanut Butter Chocolate 30g",
    "WOW Price": 2.5,
    "WOW Size": "30g",
    "WOW ppu": "$8.33 / 100G"
  },
  {
    "Brand_Product_Size": "The Gluten Free Meal Co Butter Chicken With Rice 300g",
    "WOW Price": 7,
    "WOW Size": "300g",
    "WOW ppu": "$2.33 / 100G"
  },
  {
    "Brand_Product_Size": "Nivea Express Hydration Body Lotion Moisturiser 400mL",
    "WOW Price": 6.4,
    "WOW Size": "400mL",
    "WOW ppu": "$1.60 / 100ML"
  },
  {
    "Brand_Product_Size": "Sunbeam Mini Sultanas 8 pack",
    "WOW Price": 2.9,
    "WOW Size": "8 pack",
    "WOW ppu": "$24.17 / 1KG"
  },
  {
    "Brand_Product_Size": "Sunbeam Mini Sultanas 8 pack",
    "WOW Price": 2.9,
    "WOW Size": "8 pack",
    "WOW ppu": "$24.17 / 1KG"
  },
  {
    "Brand_Product_Size": "Chang's Salad Dressing Oriental 280mL",
    "WOW Price": 2.8,
    "WOW Size": "280mL",
    "WOW ppu": "$1.00 / 100ML"
  },
  {
    "Brand_Product_Size": "Australian Organic Food Co Chickpea & Vegetable Soup Pouch 330g",
    "WOW Price": 4.5,
    "WOW Size": "330g",
    "WOW ppu": "$1.36 / 100G"
  },
  {
    "Brand_Product_Size": "Confidere Incontinence Mens Guard 10 pack",
    "WOW Price": 6,
    "WOW Size": "10 pack",
    "WOW ppu": "$0.60 / 1EA"
  },
  {
    "Brand_Product_Size": "Reef Tanning Spf 15+ Coconut Sun Tan Oil 125mL",
    "WOW Price": 11.5,
    "WOW Size": "125mL",
    "WOW ppu": "$9.20 / 100ML"
  },
  {
    "Brand_Product_Size": "Flora Margarine Spread Light 500g",
    "WOW Price": 3.3,
    "WOW Size": "500g",
    "WOW ppu": "$0.66 / 100G"
  },
  {
    "Brand_Product_Size": "Nexba Watermelon & Raspberry Sugar Free Apple Cider Vinegar 330mL x 4 pack",
    "WOW Price": 8.55,
    "WOW Size": "330mL x 4 pack",
    "WOW ppu": "$6.48 / 1L"
  },
  {
    "Brand_Product_Size": "Babushka Probiotic Kefir Honey 1L",
    "WOW Price": 7,
    "WOW Size": "1L",
    "WOW ppu": "$0.70 / 100G"
  },
  {
    "Brand_Product_Size": "Cadbury Crunchie Sharepack 12 pack 180g",
    "WOW Price": 5,
    "WOW Size": "12 pack 180g",
    "WOW ppu": "$2.78 / 100G"
  },
  {
    "Brand_Product_Size": "Rexona Women Clinical Roll On Summer Strength 50mL",
    "WOW Price": 8,
    "WOW Size": "50mL",
    "WOW ppu": "$16.00 / 100ML"
  },
  {
    "Brand_Product_Size": "Maybelline Superstay Matte Ink 80 Ruler 5mL",
    "WOW Price": 11,
    "WOW Size": "5mL",
    "WOW ppu": "$22.00 / 10ML"
  },
  {
    "Brand_Product_Size": "Sunrice Brown Rice Medium Grain 2kg",
    "WOW Price": 6.5,
    "WOW Size": "2kg",
    "WOW ppu": "$0.33 / 100G"
  },
  {
    "Brand_Product_Size": "Arnott's Monte Carlo Black Forest 250g",
    "WOW Price": 2,
    "WOW Size": "250g",
    "WOW ppu": "$0.80 / 100G"
  },
  {
    "Brand_Product_Size": "Tom Piper Beef Savoury Mince Vegetable 400g",
    "WOW Price": 3,
    "WOW Size": "400g",
    "WOW ppu": "$7.50 / 1KG"
  },
  {
    "Brand_Product_Size": "Twinings Spiced Apple Infused Camomile Tea Bags 10 pack",
    "WOW Price": 2.9,
    "WOW Size": "10 pack",
    "WOW ppu": "$0.29 / 1EA"
  },
  {
    "Brand_Product_Size": "Twinings Spiced Apple Infused Camomile Tea Bags 10 pack",
    "WOW Price": 2.9,
    "WOW Size": "10 pack",
    "WOW ppu": "$0.29 / 1EA"
  },
  {
    "Brand_Product_Size": "Protea Foods Biltong Slices Traditional South African 100g",
    "WOW Price": 9.9,
    "WOW Size": "100g",
    "WOW ppu": "$9.90 / 100G"
  },
  {
    "Brand_Product_Size": "Woolworths Jelly Lime 85g",
    "WOW Price": 0.9,
    "WOW Size": "85g",
    "WOW ppu": "$1.06 / 100G"
  },
  {
    "Brand_Product_Size": "Band-aid First Aid Non-irritating Paper Tape 2.5cm X 9.1m each",
    "WOW Price": 7,
    "WOW Size": "each",
    "WOW ppu": "$0.77 / 1M"
  },
  {
    "Brand_Product_Size": "Laughing Cow Cheese Light 128g",
    "WOW Price": 3.75,
    "WOW Size": "128g",
    "WOW ppu": "$29.30 / 1KG"
  },
  {
    "Brand_Product_Size": "Laughing Cow Cheese Light 128g",
    "WOW Price": 3.75,
    "WOW Size": "128g",
    "WOW ppu": "$29.30 / 1KG"
  },
  {
    "Brand_Product_Size": "Laughing Cow Cheese Light 128g",
    "WOW Price": 3.75,
    "WOW Size": "128g",
    "WOW ppu": "$29.30 / 1KG"
  },
  {
    "Brand_Product_Size": "Nesquik Strawberry Flavour 250g",
    "WOW Price": 2.8,
    "WOW Size": "250g",
    "WOW ppu": "$1.12 / 100G"
  },
  {
    "Brand_Product_Size": "Woolworths Stuffing Mix 200g",
    "WOW Price": 1.35,
    "WOW Size": "200g",
    "WOW ppu": "$0.07 / 10G"
  },
  {
    "Brand_Product_Size": "Golden Circle Pineapple Pieces Unsweetened 425g",
    "WOW Price": 2.5,
    "WOW Size": "425g",
    "WOW ppu": "$5.88 / 1KG"
  },
  {
    "Brand_Product_Size": "Choice Mi Goreng Noodle Cup 70g",
    "WOW Price": 1,
    "WOW Size": "70g",
    "WOW ppu": "$1.43 / 100G"
  },
  {
    "Brand_Product_Size": "Liddells Block Lactose Free 250g",
    "WOW Price": 6,
    "WOW Size": "250g",
    "WOW ppu": "$24.00 / 1KG"
  },
  {
    "Brand_Product_Size": "Plantly Defence Enhanced Water & Juice Citrus & Elderflower 1.25L",
    "WOW Price": 5,
    "WOW Size": "1.25L",
    "WOW ppu": "$4.00 / 1L"
  },
  {
    "Brand_Product_Size": "Lee Kum Kee Chili Oil Chiu Chow 205g",
    "WOW Price": 4.5,
    "WOW Size": "205g",
    "WOW ppu": "$2.20 / 100G"
  },
  {
    "Brand_Product_Size": "Dairy Farmers Thickened Cream 300mL",
    "WOW Price": 3,
    "WOW Size": "300mL",
    "WOW ppu": "$1.00 / 100ML"
  },
  {
    "Brand_Product_Size": "Provoke Liquid Blonde Touch Of Silver Leave In Purple Conditioner 150mL",
    "WOW Price": 10,
    "WOW Size": "150mL",
    "WOW ppu": "$6.67 / 100ML"
  },
  {
    "Brand_Product_Size": "Continental Pasta & Sauce Alfredo 85g",
    "WOW Price": 1.6,
    "WOW Size": "85g",
    "WOW ppu": "$1.88 / 100G"
  },
  {
    "Brand_Product_Size": "Musashi Electrolytes Watermelon Flavour 300g",
    "WOW Price": 20,
    "WOW Size": "300g",
    "WOW ppu": "$6.67 / 100G"
  },
  {
    "Brand_Product_Size": "San Marino Artisan Chipotle Salami 200g",
    "WOW Price": 8.5,
    "WOW Size": "200g",
    "WOW ppu": "$42.50 / 1KG"
  },
  {
    "Brand_Product_Size": "Bonds Womens Edv Boyleg Size 14 3 pack",
    "WOW Price": 15,
    "WOW Size": "3 pack",
    "WOW ppu": "$5.00 / 1EA"
  },
  {
    "Brand_Product_Size": "Hercules Click Zip Resealable Sandwich Bags 40 pack",
    "WOW Price": 2,
    "WOW Size": "40 pack",
    "WOW ppu": "$0.05 / 1EA"
  },
  {
    "Brand_Product_Size": "Hercules Click Zip Resealable Sandwich Bags 40 pack",
    "WOW Price": 2,
    "WOW Size": "40 pack",
    "WOW ppu": "$0.05 / 1EA"
  },
  {
    "Brand_Product_Size": "Expo Chisel Whiteboard Markers Starter Kit 4 pack",
    "WOW Price": 15,
    "WOW Size": "4 pack",
    "WOW ppu": "$3.75 / 1EA"
  },
  {
    "Brand_Product_Size": "L'oreal Paris Base Magique Smoothing Primer 15mL",
    "WOW Price": 15,
    "WOW Size": "15mL",
    "WOW ppu": "$10.00 / 10ML"
  },
  {
    "Brand_Product_Size": "Paul Newman's Dressings Ranch 250mL",
    "WOW Price": 4,
    "WOW Size": "250mL",
    "WOW ppu": "$1.60 / 100ML"
  },
  {
    "Brand_Product_Size": "Blackmores Multivitamin & Immune 50 pack",
    "WOW Price": 20,
    "WOW Size": "50 pack",
    "WOW ppu": "$40.00 / 100EA"
  },
  {
    "Brand_Product_Size": "All Natural Bakery Oat Slice 100g",
    "WOW Price": 2.7,
    "WOW Size": "100g",
    "WOW ppu": "$2.70 / 100G"
  },
  {
    "Brand_Product_Size": "Vittoria Latte Nespresso Compatible Coffee Capsules pack 10",
    "WOW Price": 6,
    "WOW Size": "pack 10",
    "WOW ppu": "$0.60 / 1EA"
  },
  {
    "Brand_Product_Size": "Vittoria Latte Nespresso Compatible Coffee Capsules pack 10",
    "WOW Price": 6,
    "WOW Size": "pack 10",
    "WOW ppu": "$0.60 / 1EA"
  },
  {
    "Brand_Product_Size": "Nestle Plaistowe Cocoa Premium 180g",
    "WOW Price": 6,
    "WOW Size": "180g",
    "WOW ppu": "$3.33 / 100G"
  },
  {
    "Brand_Product_Size": "Elmer's Slime Starter Kit each",
    "WOW Price": 14,
    "WOW Size": "each",
    "WOW ppu": ""
  },
  {
    "Brand_Product_Size": "Bonds Smooth Footlets Low Cut Natural 1 Size each",
    "WOW Price": 6,
    "WOW Size": "each",
    "WOW ppu": ""
  },
  {
    "Brand_Product_Size": "Gefen Mayonnaise Light 946mL",
    "WOW Price": 7.8,
    "WOW Size": "946mL",
    "WOW ppu": "$0.82 / 100ML"
  },
  {
    "Brand_Product_Size": "Bickford's Lemon & Lime Bitters Cordial 750mL",
    "WOW Price": 4,
    "WOW Size": "750mL",
    "WOW ppu": "$5.33 / 1L"
  },
  {
    "Brand_Product_Size": "Natural Himalayan Salt Grinder 390g",
    "WOW Price": 7.5,
    "WOW Size": "390g",
    "WOW ppu": "$0.19 / 10G"
  },
  {
    "Brand_Product_Size": "Aveeno Skin Relief Moisturising Lotion 1L",
    "WOW Price": 29,
    "WOW Size": "1L",
    "WOW ppu": "$2.90 / 100ML"
  },
  {
    "Brand_Product_Size": "Olympic Filing Invoice/statbook Carbonless each",
    "WOW Price": 4.5,
    "WOW Size": "each",
    "WOW ppu": ""
  },
  {
    "Brand_Product_Size": "Artline Disney Mickey Mouse Gift Pen each",
    "WOW Price": 10,
    "WOW Size": "each",
    "WOW ppu": ""
  },
  {
    "Brand_Product_Size": "Spc Baked Beans Salt Reduced Tomato Sauce 425g",
    "WOW Price": 1.4,
    "WOW Size": "425g",
    "WOW ppu": "$0.33 / 100G"
  },
  {
    "Brand_Product_Size": "B2 Luncheon Meat Spicy Pork 340g",
    "WOW Price": 3,
    "WOW Size": "340g",
    "WOW ppu": "$0.88 / 100G"
  },
  {
    "Brand_Product_Size": "Deep Heat Sports Pain Relief Spray 100g",
    "WOW Price": 12,
    "WOW Size": "100g",
    "WOW ppu": "$12.00 / 100G"
  },
  {
    "Brand_Product_Size": "Essentials Womens Socks Low Cut Plain White Size 8-11 3 pack",
    "WOW Price": 7,
    "WOW Size": "3 pack",
    "WOW ppu": "$2.33 / 1EA"
  },
  {
    "Brand_Product_Size": "Dairy Farmers Thick & Creamy Classic Vanilla Yoghurt 150g",
    "WOW Price": 1.5,
    "WOW Size": "150g",
    "WOW ppu": "$1.00 / 100G"
  },
  {
    "Brand_Product_Size": "Bertolli Extra Light Olive Oil Spray 132g",
    "WOW Price": 4,
    "WOW Size": "132g",
    "WOW ppu": "$3.03 / 100G"
  },
  {
    "Brand_Product_Size": "Paperclick Fake Moleskin Notebook each",
    "WOW Price": 6.5,
    "WOW Size": "each",
    "WOW ppu": ""
  },
  {
    "Brand_Product_Size": "San Remo Pasta Chickpea Spirals 250g",
    "WOW Price": 4.2,
    "WOW Size": "250g",
    "WOW ppu": "$1.68 / 100G"
  },
  {
    "Brand_Product_Size": "Haldiram's Soan Papdi Snack 250g",
    "WOW Price": 3.2,
    "WOW Size": "250g",
    "WOW ppu": "$1.28 / 100G"
  },
  {
    "Brand_Product_Size": "Essentials Anklet Pantyhose Natural One Size 4 pack",
    "WOW Price": 3,
    "WOW Size": "4 pack",
    "WOW ppu": ""
  },
  {
    "Brand_Product_Size": "Latina Fresh Italian Tomato & Garlic Pasta Sauce 425g",
    "WOW Price": 4,
    "WOW Size": "425g",
    "WOW ppu": "$0.94 / 100G"
  },
  {
    "Brand_Product_Size": "La Zuppa Microwave Soup Chicken Veg & Wholegrain Rice 420g",
    "WOW Price": 4,
    "WOW Size": "420g",
    "WOW ppu": "$0.95 / 100G"
  },
  {
    "Brand_Product_Size": "Essentials Dinnerware Side Plate White Porcelain each",
    "WOW Price": 3,
    "WOW Size": "each",
    "WOW ppu": ""
  },
  {
    "Brand_Product_Size": "South Cape Havarti Cheese 200g",
    "WOW Price": 6.4,
    "WOW Size": "200g",
    "WOW ppu": "$32.00 / 1KG"
  },
  {
    "Brand_Product_Size": "South Cape Havarti Cheese 200g",
    "WOW Price": 6.4,
    "WOW Size": "200g",
    "WOW ppu": "$32.00 / 1KG"
  },
  {
    "Brand_Product_Size": "Dove Go Fresh Body Wash Pomegranate And Lemon Verbena 1L",
    "WOW Price": 6.85,
    "WOW Size": "1L",
    "WOW ppu": "$0.69 / 100ML"
  },
  {
    "Brand_Product_Size": "Harris Coffee Ground Smooth 200g",
    "WOW Price": 7,
    "WOW Size": "200g",
    "WOW ppu": "$3.50 / 100G"
  },
  {
    "Brand_Product_Size": "Harris Coffee Ground Smooth 200g",
    "WOW Price": 7,
    "WOW Size": "200g",
    "WOW ppu": "$3.50 / 100G"
  },
  {
    "Brand_Product_Size": "One Night In Mexico Smokey Chipotle Taco Sauce 250mL",
    "WOW Price": 4,
    "WOW Size": "250mL",
    "WOW ppu": "$1.60 / 100ML"
  },
  {
    "Brand_Product_Size": "Razzamatazz Sheer Relief Pantyhose Control Support Tan Extra Tall each",
    "WOW Price": 9,
    "WOW Size": "each",
    "WOW ppu": ""
  },
  {
    "Brand_Product_Size": "Masterfoods Tuscan Seasoning 155g",
    "WOW Price": 6.3,
    "WOW Size": "155g",
    "WOW ppu": "$0.41 / 10G"
  },
  {
    "Brand_Product_Size": "Multix Garbage Bag Drawtight 10ea",
    "WOW Price": 4.4,
    "WOW Size": "10ea",
    "WOW ppu": "$0.44 / 1EA"
  },
  {
    "Brand_Product_Size": "Oakwood Leather Polish Conditioner Wipes 20 pack",
    "WOW Price": 5.15,
    "WOW Size": "20 pack",
    "WOW ppu": "$0.26 / 1EA"
  },
  {
    "Brand_Product_Size": "Green Gardener Garden Rachet Pruner 1 pack",
    "WOW Price": 10,
    "WOW Size": "1 pack",
    "WOW ppu": ""
  },
  {
    "Brand_Product_Size": "Woolworths Slow Cooked Pork Shoulder With Bbq Sauce 560g",
    "WOW Price": 14,
    "WOW Size": "560g",
    "WOW ppu": "$25.00 / 1KG"
  },
  {
    "Brand_Product_Size": "Nescafe Blend 43 Decaffeinated Instant Coffee 250g",
    "WOW Price": 18,
    "WOW Size": "250g",
    "WOW ppu": "$7.20 / 100G"
  },
  {
    "Brand_Product_Size": "Nescafe Blend 43 Decaffeinated Instant Coffee 250g",
    "WOW Price": 18,
    "WOW Size": "250g",
    "WOW ppu": "$7.20 / 100G"
  },
  {
    "Brand_Product_Size": "Whiskas Kitten Mixed Favourites In Jelly 2-12 Months 12 pack",
    "WOW Price": 8,
    "WOW Size": "12 pack",
    "WOW ppu": "$0.78 / 100G"
  },
  {
    "Brand_Product_Size": "Flora Margarine Spread Buttery 1kg",
    "WOW Price": 4.5,
    "WOW Size": "1kg",
    "WOW ppu": "$0.45 / 100G"
  },
  {
    "Brand_Product_Size": "Obela Tzatziki To Go Classic & Sakata Crackers 125g",
    "WOW Price": 2.5,
    "WOW Size": "125g",
    "WOW ppu": "$2.00 / 100G"
  },
  {
    "Brand_Product_Size": "Obela Tzatziki To Go Classic & Sakata Crackers 125g",
    "WOW Price": 2.5,
    "WOW Size": "125g",
    "WOW ppu": "$2.00 / 100G"
  },
  {
    "Brand_Product_Size": "Rexona Men Advanced Protection Invisible Dry Black & White 220mL",
    "WOW Price": 7.5,
    "WOW Size": "220mL",
    "WOW ppu": "$3.41 / 100ML"
  },
  {
    "Brand_Product_Size": "Fresh Green Nashi Pear each",
    "WOW Price": 1.66,
    "WOW Size": "each",
    "WOW ppu": "$1.66 / 1EA"
  },
  {
    "Brand_Product_Size": "Woolworths Kaleslaw Kit 350g",
    "WOW Price": 5,
    "WOW Size": "350g",
    "WOW ppu": "$14.29 / 1KG"
  },
  {
    "Brand_Product_Size": "Woolworths Kaleslaw Kit 350g",
    "WOW Price": 5,
    "WOW Size": "350g",
    "WOW ppu": "$14.29 / 1KG"
  },
  {
    "Brand_Product_Size": "Haagen-dazs Strawberry Cheesecake Tub 457mL",
    "WOW Price": 11.5,
    "WOW Size": "457mL",
    "WOW ppu": "$2.52 / 100ML"
  },
  {
    "Brand_Product_Size": "Woolworths Milk Chocolate Liquorice Bullets 270g",
    "WOW Price": 2,
    "WOW Size": "270g",
    "WOW ppu": "$0.74 / 100G"
  },
  {
    "Brand_Product_Size": "Potato White Washed each",
    "WOW Price": 0.72,
    "WOW Size": "each",
    "WOW ppu": "$0.72 / 1EA"
  },
  {
    "Brand_Product_Size": "Danone Yopro Yoghurt Passionfruit 160g",
    "WOW Price": 2.4,
    "WOW Size": "160g",
    "WOW ppu": "$1.50 / 100G"
  },
  {
    "Brand_Product_Size": "Gourmet Seafood Salad Chilled Premium Gourmet per kg",
    "WOW Price": 16,
    "WOW Size": "per kg",
    "WOW ppu": "$16.00 / 1KG"
  },
  {
    "Brand_Product_Size": "Underworks Men's Invisible Socks 2 pack",
    "WOW Price": 7,
    "WOW Size": "2 pack",
    "WOW ppu": "$3.50 / 1EA"
  },
  {
    "Brand_Product_Size": "Peters Drumstick Chocolate Mint 4 pack",
    "WOW Price": 8.4,
    "WOW Size": "4 pack",
    "WOW ppu": "$1.76 / 100ML"
  },
  {
    "Brand_Product_Size": "Gillette Fusion Proglide Manual Shaving Blade Refill 8 pack",
    "WOW Price": 39,
    "WOW Size": "8 pack",
    "WOW ppu": "$4.88 / 1EA"
  },
  {
    "Brand_Product_Size": "Red Bull The Tropical Edition 250mL",
    "WOW Price": 3,
    "WOW Size": "250mL",
    "WOW ppu": "$12.00 / 1L"
  },
  {
    "Brand_Product_Size": "Energizer Handheld Light Touch Tech 2aa Torch each",
    "WOW Price": 15,
    "WOW Size": "each",
    "WOW ppu": ""
  },
  {
    "Brand_Product_Size": "John West Tuna Light In Springwater 425g",
    "WOW Price": 4.5,
    "WOW Size": "425g",
    "WOW ppu": "$10.59 / 1KG"
  },
  {
    "Brand_Product_Size": "Mccain Peas 1kg",
    "WOW Price": 4,
    "WOW Size": "1kg",
    "WOW ppu": "$4.00 / 1KG"
  },
  {
    "Brand_Product_Size": "Ingham's Fresh Whole Chicken 1.1kg - 2.3kg",
    "WOW Price": 8.97,
    "WOW Size": "1.1kg - 2.3kg",
    "WOW ppu": "$3.90 / 1KG"
  },
  {
    "Brand_Product_Size": "Danone Activia Fibre Banana Linseed 125g x4 pack",
    "WOW Price": 5,
    "WOW Size": "125g x4 pack",
    "WOW ppu": "$1.00 / 100G"
  },
  {
    "Brand_Product_Size": "Energizer Lithium 2016 Battery 4 pack",
    "WOW Price": 12,
    "WOW Size": "4 pack",
    "WOW ppu": "$3.00 / 1EA"
  },
  {
    "Brand_Product_Size": "Arnott's Cheds 250g",
    "WOW Price": 3,
    "WOW Size": "250g",
    "WOW ppu": "$1.20 / 100G"
  },
  {
    "Brand_Product_Size": "Youfoodz Choc Chip Protein Cookie 60g",
    "WOW Price": 3,
    "WOW Size": "60g",
    "WOW ppu": "$5.00 / 100G"
  },
  {
    "Brand_Product_Size": "Mcobeauty Long Lasting Pressed Powder Invisible Matte Natural Beige 14.5g",
    "WOW Price": 6.25,
    "WOW Size": "14.5g",
    "WOW ppu": "$4.31 / 10G"
  },
  {
    "Brand_Product_Size": "Clairol Nice N Easy 8cb Natural Medium Champagne Blonde each",
    "WOW Price": 9,
    "WOW Size": "each",
    "WOW ppu": ""
  },
  {
    "Brand_Product_Size": "Csr Raw Sugar Sticks 50 pack 150g",
    "WOW Price": 2.85,
    "WOW Size": "50 pack 150g",
    "WOW ppu": "$1.90 / 100G"
  },
  {
    "Brand_Product_Size": "Mediterranean Delite Hummus Dip 200g",
    "WOW Price": 3.5,
    "WOW Size": "200g",
    "WOW ppu": "$1.75 / 100G"
  },
  {
    "Brand_Product_Size": "Aveeno Baby Wash & Shampoo 236mL",
    "WOW Price": 10,
    "WOW Size": "236mL",
    "WOW ppu": "$4.24 / 100ML"
  },
  {
    "Brand_Product_Size": "Aveeno Baby Wash & Shampoo 236mL",
    "WOW Price": 10,
    "WOW Size": "236mL",
    "WOW ppu": "$4.24 / 100ML"
  },
  {
    "Brand_Product_Size": "Essentials Tape Sticky Dispenser 18x25m each",
    "WOW Price": 2,
    "WOW Size": "each",
    "WOW ppu": ""
  },
  {
    "Brand_Product_Size": "Ambi Pur Car Air Freshener Mini Clip Thai Dragon Fruit 2mL",
    "WOW Price": 6,
    "WOW Size": "2mL",
    "WOW ppu": "$6.00 / 1EA"
  },
  {
    "Brand_Product_Size": "Lexar Usb 2.0 S60 16gb each",
    "WOW Price": 12,
    "WOW Size": "each",
    "WOW ppu": ""
  },
  {
    "Brand_Product_Size": "Golden Circle No Added Sugar Orange Juice 1L",
    "WOW Price": 2.4,
    "WOW Size": "1L",
    "WOW ppu": "$2.40 / 1L"
  },
  {
    "Brand_Product_Size": "Woolworths Apricot Sun Dried 750g pack",
    "WOW Price": 7,
    "WOW Size": "750g pack",
    "WOW ppu": "$9.33 / 1KG"
  },
  {
    "Brand_Product_Size": "Sard Wonder Washing Machine Cleaner 3in1 150g",
    "WOW Price": 9.5,
    "WOW Size": "150g",
    "WOW ppu": "$63.33 / 1KG"
  },
  {
    "Brand_Product_Size": "Old El Paso Mexican Jumbo Taco Shells 10 pack",
    "WOW Price": 3.6,
    "WOW Size": "10 pack",
    "WOW ppu": "$1.89 / 100G"
  },
  {
    "Brand_Product_Size": "Revlon Colorstay Skinny Liquid Eye Liner 2.5mL",
    "WOW Price": 13,
    "WOW Size": "2.5mL",
    "WOW ppu": "$52.00 / 10ML"
  },
  {
    "Brand_Product_Size": "Lindt Lindor Dark Assorted 150g",
    "WOW Price": 14,
    "WOW Size": "150g",
    "WOW ppu": "$9.33 / 100G"
  },
  {
    "Brand_Product_Size": "Woolworths Free From Gluten Scotch Finger Biscuits 160g",
    "WOW Price": 2.7,
    "WOW Size": "160g",
    "WOW ppu": "$1.69 / 100G"
  },
  {
    "Brand_Product_Size": "Woolworths Free From Gluten Scotch Finger Biscuits 160g",
    "WOW Price": 2.7,
    "WOW Size": "160g",
    "WOW ppu": "$1.69 / 100G"
  },
  {
    "Brand_Product_Size": "Humpty Doo Barramundi Skin On 260g",
    "WOW Price": 11,
    "WOW Size": "260g",
    "WOW ppu": "$42.31 / 1KG"
  },
  {
    "Brand_Product_Size": "Bonds Comfy Tops Very Opaque Leggings Med-lge each",
    "WOW Price": 14,
    "WOW Size": "each",
    "WOW ppu": ""
  },
  {
    "Brand_Product_Size": "Fancy Feast Adult Petit Cuisine Tuna Salmon Cod Wet Cat Food 50g x6 pack",
    "WOW Price": 5,
    "WOW Size": "50g x6 pack",
    "WOW ppu": "$1.67 / 100G"
  },
  {
    "Brand_Product_Size": "Woolworths Spring Water 12x600mL",
    "WOW Price": 4.8,
    "WOW Size": "12x600mL",
    "WOW ppu": "$0.67 / 1L"
  },
  {
    "Brand_Product_Size": "Woolworths Spring Water 12x600mL",
    "WOW Price": 4.8,
    "WOW Size": "12x600mL",
    "WOW ppu": "$0.67 / 1L"
  },
  {
    "Brand_Product_Size": "Menissez Bake At Home White Dinner Rolls 6 pack",
    "WOW Price": 2,
    "WOW Size": "6 pack",
    "WOW ppu": "$0.33 / 1EA"
  },
  {
    "Brand_Product_Size": "Bega Cheese So Light Grated 500g",
    "WOW Price": 8,
    "WOW Size": "500g",
    "WOW ppu": "$16.00 / 1KG"
  },
  {
    "Brand_Product_Size": "Bosisto's Sensitive Laundry Powder 1kg",
    "WOW Price": 9.7,
    "WOW Size": "1kg",
    "WOW ppu": "$9.70 / 1KG"
  },
  {
    "Brand_Product_Size": "Garlo's Junior Beef Pies 12 pack",
    "WOW Price": 10.95,
    "WOW Size": "12 pack",
    "WOW ppu": "$1.44 / 100G"
  },
  {
    "Brand_Product_Size": "Garlo's Junior Beef Pies 12 pack",
    "WOW Price": 10.95,
    "WOW Size": "12 pack",
    "WOW ppu": "$1.44 / 100G"
  },
  {
    "Brand_Product_Size": "Coca-cola No Sugar Vanilla Soft Drink Bottle 1.25L",
    "WOW Price": 1.95,
    "WOW Size": "1.25L",
    "WOW ppu": "$1.56 / 1L"
  },
  {
    "Brand_Product_Size": "Essentials Salted Butter 250g",
    "WOW Price": 2.8,
    "WOW Size": "250g",
    "WOW ppu": "$1.12 / 100G"
  },
  {
    "Brand_Product_Size": "Sistema Klip It Plus Rectangle 3.35L",
    "WOW Price": 4.5,
    "WOW Size": "3.35L",
    "WOW ppu": "$4.50 / 1EA"
  },
  {
    "Brand_Product_Size": "Bakers Finest Rsl Anzac Biscuits 300g",
    "WOW Price": 2.5,
    "WOW Size": "300g",
    "WOW ppu": "$0.83 / 100G"
  },
  {
    "Brand_Product_Size": "Yumi's Avocado Dip 200g",
    "WOW Price": 4,
    "WOW Size": "200g",
    "WOW ppu": "$2.00 / 100G"
  },
  {
    "Brand_Product_Size": "Bonds Mens Work Crew Socks Size 6+ 3 pack",
    "WOW Price": 16,
    "WOW Size": "3 pack",
    "WOW ppu": ""
  },
  {
    "Brand_Product_Size": "Masterfoods Harissa Middle Eastern Spice Blend 37g",
    "WOW Price": 3.4,
    "WOW Size": "37g",
    "WOW ppu": "$0.92 / 10G"
  },
  {
    "Brand_Product_Size": "Seeds Of Change Organic Mediterranean Style Brown Rice 240g",
    "WOW Price": 1.75,
    "WOW Size": "240g",
    "WOW ppu": "$0.73 / 100G"
  },
  {
    "Brand_Product_Size": "Cooker King Wok 32cm each",
    "WOW Price": 12.8,
    "WOW Size": "each",
    "WOW ppu": ""
  },
  {
    "Brand_Product_Size": "Heavenly Banquet Chicken & Ginger Dumplings 750g",
    "WOW Price": 15,
    "WOW Size": "750g",
    "WOW ppu": "$2.00 / 100G"
  },
  {
    "Brand_Product_Size": "L'oreal Revitalift Facial Wipes 25ea",
    "WOW Price": 7,
    "WOW Size": "25ea",
    "WOW ppu": "$0.28 / 1EA"
  },
  {
    "Brand_Product_Size": "Sabco Spot Clean Spray Mop Refill each",
    "WOW Price": 12,
    "WOW Size": "each",
    "WOW ppu": "$12.00 / 1EA"
  },
  {
    "Brand_Product_Size": "Woolworths Pastry Shortcrust 1kg",
    "WOW Price": 2.3,
    "WOW Size": "1kg",
    "WOW ppu": "$0.23 / 100G"
  },
  {
    "Brand_Product_Size": "For Him Low Cut Sport Socks Size 6-10 Assorted 5 pack",
    "WOW Price": 7,
    "WOW Size": "5 pack",
    "WOW ppu": ""
  },
  {
    "Brand_Product_Size": "Thawed Marinated Garlic Prawn per kg",
    "WOW Price": 28,
    "WOW Size": "per kg",
    "WOW ppu": "$28.00 / 1KG"
  },
  {
    "Brand_Product_Size": "Cold Power Clean & Smooth Easy Ironing Laundry Liquid 1.8L",
    "WOW Price": 8.75,
    "WOW Size": "1.8L",
    "WOW ppu": "$4.86 / 1L"
  },
  {
    "Brand_Product_Size": "Arcosteel Stonehenge Cookware Frypan 26cm each",
    "WOW Price": 25,
    "WOW Size": "each",
    "WOW ppu": ""
  },
  {
    "Brand_Product_Size": "Kellogg's Nutri-grain Protein Breakfast Cereal 805g",
    "WOW Price": 8.5,
    "WOW Size": "805g",
    "WOW ppu": "$1.06 / 100G"
  },
  {
    "Brand_Product_Size": "Woolworths Apricot Almond And Date Muesli 750g",
    "WOW Price": 3.1,
    "WOW Size": "750g",
    "WOW ppu": "$0.41 / 100G"
  },
  {
    "Brand_Product_Size": "Woolworths Instant Coffee Whitener 500g",
    "WOW Price": 3.2,
    "WOW Size": "500g",
    "WOW ppu": "$0.64 / 100G"
  },
  {
    "Brand_Product_Size": "Woolworths Instant Coffee Whitener 500g",
    "WOW Price": 3.2,
    "WOW Size": "500g",
    "WOW ppu": "$0.64 / 100G"
  },
  {
    "Brand_Product_Size": "Bonds Comfy Tops Fleecy Leggings Black Tl-xl each",
    "WOW Price": 22,
    "WOW Size": "each",
    "WOW ppu": ""
  },
  {
    "Brand_Product_Size": "Woolworths Onion Powder 38g",
    "WOW Price": 2.45,
    "WOW Size": "38g",
    "WOW ppu": "$0.64 / 10G"
  },
  {
    "Brand_Product_Size": "Schwarzkopf Extra Care Conditioner Fibre Therapy 400mL",
    "WOW Price": 4.8,
    "WOW Size": "400mL",
    "WOW ppu": "$1.20 / 100ML"
  },
  {
    "Brand_Product_Size": "Sharpie Fine Permanent Markers Black 8 pack",
    "WOW Price": 9.1,
    "WOW Size": "8 pack",
    "WOW ppu": ""
  },
  {
    "Brand_Product_Size": "Shine Scented Wipes Vanilla 20 pack",
    "WOW Price": 3,
    "WOW Size": "20 pack",
    "WOW ppu": "$0.15 / 1EA"
  },
  {
    "Brand_Product_Size": "Old El Paso Black Beans 425g",
    "WOW Price": 3,
    "WOW Size": "425g",
    "WOW ppu": "$0.71 / 100G"
  },
  {
    "Brand_Product_Size": "Apollo Dog Food Puppy Delicate Chicken 100g",
    "WOW Price": 0.8,
    "WOW Size": "100g",
    "WOW ppu": "$0.80 / 100G"
  },
  {
    "Brand_Product_Size": "Smitten Cat Food Sardine Tuna & Prawn 1kg",
    "WOW Price": 2.8,
    "WOW Size": "1kg",
    "WOW ppu": "$0.28 / 100G"
  },
  {
    "Brand_Product_Size": "Woolworths Cook Chicken Drumsticks Sweet & Smokey Bbq Glaze 1.4kg",
    "WOW Price": 9.5,
    "WOW Size": "1.4kg",
    "WOW ppu": "$6.79 / 1KG"
  },
  {
    "Brand_Product_Size": "Woolworths Natural Greek Style Yoghurt 500g",
    "WOW Price": 3,
    "WOW Size": "500g",
    "WOW ppu": "$0.60 / 100G"
  },
  {
    "Brand_Product_Size": "Strepsils Extra Blackcurrant Sore Throat Fast Numbing Throat Lozenges 16 pack",
    "WOW Price": 7.5,
    "WOW Size": "16 pack",
    "WOW ppu": "$0.47 / 1EA"
  },
  {
    "Brand_Product_Size": "Dr Pickles Tattoo Balm Tube 75g",
    "WOW Price": 12.5,
    "WOW Size": "75g",
    "WOW ppu": "$16.67 / 100G"
  },
  {
    "Brand_Product_Size": "Inspire Coloured Mug each",
    "WOW Price": 2,
    "WOW Size": "each",
    "WOW ppu": ""
  },
  {
    "Brand_Product_Size": "Gippsland Strawberry Waffle Yoghurt 140g",
    "WOW Price": 2.5,
    "WOW Size": "140g",
    "WOW ppu": "$1.79 / 100G"
  },
  {
    "Brand_Product_Size": "Campbell's Canned Soup Tomato Condensed 420g",
    "WOW Price": 1.7,
    "WOW Size": "420g",
    "WOW ppu": "$0.40 / 100G"
  },
  {
    "Brand_Product_Size": "Jalna Fat Free Yoghurt 1kg",
    "WOW Price": 5.5,
    "WOW Size": "1kg",
    "WOW ppu": "$0.55 / 100G"
  },
  {
    "Brand_Product_Size": "Woolworths Peanuts Unsalted 375g",
    "WOW Price": 2.3,
    "WOW Size": "375g",
    "WOW ppu": "$6.13 / 1KG"
  },
  {
    "Brand_Product_Size": "Continental Simmer Soup Salt Reduced French Onion 35g",
    "WOW Price": 0.95,
    "WOW Size": "35g",
    "WOW ppu": "$2.71 / 100G"
  },
  {
    "Brand_Product_Size": "Ocean Spray Cranberry Classic Juice Drink 1.5L",
    "WOW Price": 5.85,
    "WOW Size": "1.5L",
    "WOW ppu": "$3.90 / 1L"
  },
  {
    "Brand_Product_Size": "Nestle Plaistowe Dark Cooking Chocolate 200g",
    "WOW Price": 4,
    "WOW Size": "200g",
    "WOW ppu": "$2.00 / 100G"
  },
  {
    "Brand_Product_Size": "For Him Business Socks Size 6-10 5 pack",
    "WOW Price": 7,
    "WOW Size": "5 pack",
    "WOW ppu": ""
  },
  {
    "Brand_Product_Size": "Double Phoenix Bean Vermicelli Noodles 200g",
    "WOW Price": 1.4,
    "WOW Size": "200g",
    "WOW ppu": "$0.70 / 100G"
  },
  {
    "Brand_Product_Size": "Sharwood's Paste Tandoori Medium 290g",
    "WOW Price": 4.5,
    "WOW Size": "290g",
    "WOW ppu": "$1.55 / 100G"
  },
  {
    "Brand_Product_Size": "Woolworths Black Sesame Brown Rice Cracker 100g",
    "WOW Price": 1.35,
    "WOW Size": "100g",
    "WOW ppu": "$1.35 / 100G"
  },
  {
    "Brand_Product_Size": "Nudie 100% Orange Juice 400mL",
    "WOW Price": 3.6,
    "WOW Size": "400mL",
    "WOW ppu": "$9.00 / 1L"
  },
  {
    "Brand_Product_Size": "Air Wick Pure Aerosol Spring Delight 159g",
    "WOW Price": 7,
    "WOW Size": "159g",
    "WOW ppu": "$4.40 / 100G"
  },
  {
    "Brand_Product_Size": "Love'em Pork Liver Dog Treats 200g",
    "WOW Price": 8,
    "WOW Size": "200g",
    "WOW ppu": "$4.00 / 100G"
  },
  {
    "Brand_Product_Size": "Cadbury Freddo Cake 1.5L",
    "WOW Price": 15,
    "WOW Size": "1.5L",
    "WOW ppu": "$1.00 / 100ML"
  },
  {
    "Brand_Product_Size": "Steggles Premium Chicken Nuggets 400g",
    "WOW Price": 5,
    "WOW Size": "400g",
    "WOW ppu": "$12.50 / 1KG"
  },
  {
    "Brand_Product_Size": "Berri Pop Tops Apple Juice 250mL",
    "WOW Price": 1.3,
    "WOW Size": "250mL",
    "WOW ppu": "$5.20 / 1L"
  },
  {
    "Brand_Product_Size": "Berri Pop Tops Apple Juice 250mL",
    "WOW Price": 1.3,
    "WOW Size": "250mL",
    "WOW ppu": "$5.20 / 1L"
  },
  {
    "Brand_Product_Size": "Mr Chen's Bbq Pork Buns 275g",
    "WOW Price": 7.5,
    "WOW Size": "275g",
    "WOW ppu": "$2.73 / 100G"
  },
  {
    "Brand_Product_Size": "Balnea Cleansing Puff each",
    "WOW Price": 2.5,
    "WOW Size": "each",
    "WOW ppu": "$2.50 / 1EA"
  },
  {
    "Brand_Product_Size": "Woolworths Burger Patties 10 pack",
    "WOW Price": 9.5,
    "WOW Size": "10 pack",
    "WOW ppu": "$1.19 / 100G"
  },
  {
    "Brand_Product_Size": "Cellucor C4 Sport Powder Blue Raspberry 285g",
    "WOW Price": 40,
    "WOW Size": "285g",
    "WOW ppu": "$14.04 / 100G"
  },
  {
    "Brand_Product_Size": "Arnott's Tim Tam Kensington Pride Mango & Cream 160g",
    "WOW Price": 3.45,
    "WOW Size": "160g",
    "WOW ppu": "$2.16 / 100G"
  },
  {
    "Brand_Product_Size": "I & J Salt & Pepper Squid 360g",
    "WOW Price": 7,
    "WOW Size": "360g",
    "WOW ppu": "$19.44 / 1KG"
  },
  {
    "Brand_Product_Size": "Inspire Premium Face Washer Petrol 2 pack",
    "WOW Price": 12,
    "WOW Size": "2 pack",
    "WOW ppu": ""
  },
  {
    "Brand_Product_Size": "Schweppes Infused Natural Mineral Water With Blood Orange & Mango 1.1L",
    "WOW Price": 1.25,
    "WOW Size": "1.1L",
    "WOW ppu": "$1.14 / 1L"
  },
  {
    "Brand_Product_Size": "Health Lab Peanut Butter Envy Nut Butter Filled Balls 200g",
    "WOW Price": 12,
    "WOW Size": "200g",
    "WOW ppu": "$6.00 / 100G"
  },
  {
    "Brand_Product_Size": "Primo Cabanossi 375g",
    "WOW Price": 7.5,
    "WOW Size": "375g",
    "WOW ppu": "$20.00 / 1KG"
  },
  {
    "Brand_Product_Size": "Bertocchi Sopressa Salami Hot Sliced From The Deli per kg",
    "WOW Price": 26,
    "WOW Size": "per kg",
    "WOW ppu": "$26.00 / 1KG"
  },
  {
    "Brand_Product_Size": "Harpic Eco Fresh Citrus Lemon Toilet Cleaner 2 pack",
    "WOW Price": 6,
    "WOW Size": "2 pack",
    "WOW ppu": "$3.00 / 1EA"
  },
  {
    "Brand_Product_Size": "Skyn Intense Feel Dotted Non- Latex Condoms 10 pack",
    "WOW Price": 10,
    "WOW Size": "10 pack",
    "WOW ppu": "$1.00 / 1EA"
  },
  {
    "Brand_Product_Size": "Woolworths Foil Tray Medium With Clear Lid 4 pack",
    "WOW Price": 5,
    "WOW Size": "4 pack",
    "WOW ppu": ""
  },
  {
    "Brand_Product_Size": "Snowdonia Black Bomber Cheddar 150g",
    "WOW Price": 8.5,
    "WOW Size": "150g",
    "WOW ppu": "$56.67 / 1KG"
  },
  {
    "Brand_Product_Size": "Snowdonia Black Bomber Cheddar 150g",
    "WOW Price": 8.5,
    "WOW Size": "150g",
    "WOW ppu": "$56.67 / 1KG"
  },
  {
    "Brand_Product_Size": "Stayfree Ultra Thin All Nights With Wings 10 pack",
    "WOW Price": 4.5,
    "WOW Size": "10 pack",
    "WOW ppu": "$0.45 / 1EA"
  },
  {
    "Brand_Product_Size": "Gm Housebrand Plastic Scissors Blue/ Red each",
    "WOW Price": 3,
    "WOW Size": "each",
    "WOW ppu": ""
  },
  {
    "Brand_Product_Size": "Sukin Creamy Body Wash Cucumber & Lemon 500mL",
    "WOW Price": 8,
    "WOW Size": "500mL",
    "WOW ppu": "$1.60 / 100ML"
  },
  {
    "Brand_Product_Size": "Campbell's Chunky Canned Soup Potato & Bacon 505g",
    "WOW Price": 1.75,
    "WOW Size": "505g",
    "WOW ppu": "$0.35 / 100G"
  },
  {
    "Brand_Product_Size": "D'orsogna Tasty Sticks Mild From The Deli per kg",
    "WOW Price": 22,
    "WOW Size": "per kg",
    "WOW ppu": "$22.00 / 1KG"
  },
  {
    "Brand_Product_Size": "Biozet Attack Front & Top Loader Laundry Powder 1kg",
    "WOW Price": 8,
    "WOW Size": "1kg",
    "WOW ppu": "$8.00 / 1KG"
  },
  {
    "Brand_Product_Size": "Nuby Teether Keys each",
    "WOW Price": 11,
    "WOW Size": "each",
    "WOW ppu": ""
  },
  {
    "Brand_Product_Size": "Listerine Total Care Mouthwash 1L",
    "WOW Price": 12.5,
    "WOW Size": "1L",
    "WOW ppu": "$1.25 / 100ML"
  },
  {
    "Brand_Product_Size": "Glad Kitchen Tidy Bag Wavetop Medium 40 pack",
    "WOW Price": 3.8,
    "WOW Size": "40 pack",
    "WOW ppu": "$0.10 / 1EA"
  },
  {
    "Brand_Product_Size": "Bonds Bloody Comfy Period Bikini Moderate Days Size 10 each",
    "WOW Price": 15,
    "WOW Size": "each",
    "WOW ppu": "$15.00 / 1EA"
  },
  {
    "Brand_Product_Size": "Green's Cheesecake Original 420g",
    "WOW Price": 4,
    "WOW Size": "420g",
    "WOW ppu": "$0.95 / 100G"
  },
  {
    "Brand_Product_Size": "Moccona Freeze Dried Instant Coffee Classic Dark Roast 400g",
    "WOW Price": 24,
    "WOW Size": "400g",
    "WOW ppu": "$6.00 / 100G"
  },
  {
    "Brand_Product_Size": "Moccona Freeze Dried Instant Coffee Classic Dark Roast 400g",
    "WOW Price": 24,
    "WOW Size": "400g",
    "WOW ppu": "$6.00 / 100G"
  },
  {
    "Brand_Product_Size": "The First Years Take & Toss Bowl Plus Lid 8 pack",
    "WOW Price": 4.2,
    "WOW Size": "8 pack",
    "WOW ppu": ""
  },
  {
    "Brand_Product_Size": "Do Good Labs Sunshine Mix 120g",
    "WOW Price": 3.45,
    "WOW Size": "120g",
    "WOW ppu": "$28.75 / 1KG"
  },
  {
    "Brand_Product_Size": "Total Care Flea & Tick Control Plus For Large Dogs each",
    "WOW Price": 15,
    "WOW Size": "each",
    "WOW ppu": "$15.00 / 1EA"
  },
  {
    "Brand_Product_Size": "Little Wishes Baby Blanket Cotton each",
    "WOW Price": 7,
    "WOW Size": "each",
    "WOW ppu": "$7.00 / 1EA"
  },
  {
    "Brand_Product_Size": "Three Threes Gherkins Sweet Spiced 540g",
    "WOW Price": 3.15,
    "WOW Size": "540g",
    "WOW ppu": "$5.83 / 1KG"
  },
  {
    "Brand_Product_Size": "Inspire Mirror With Bamboo Tray each",
    "WOW Price": 15,
    "WOW Size": "each",
    "WOW ppu": ""
  },
  {
    "Brand_Product_Size": "Pandaroo Vermicelli Bean Thread 250g",
    "WOW Price": 1.75,
    "WOW Size": "250g",
    "WOW ppu": "$0.70 / 100G"
  },
  {
    "Brand_Product_Size": "Gourmet Delight Ocean Delights 80g x12 pack",
    "WOW Price": 10,
    "WOW Size": "80g x12 pack",
    "WOW ppu": "$1.04 / 100G"
  },
  {
    "Brand_Product_Size": "Woolworths Paprika Ground 30g",
    "WOW Price": 1.6,
    "WOW Size": "30g",
    "WOW ppu": "$0.53 / 10G"
  },
  {
    "Brand_Product_Size": "Kiwi Fruit Green 8 pack",
    "WOW Price": 5.5,
    "WOW Size": "8 pack",
    "WOW ppu": "$0.69 / 1EA"
  },
  {
    "Brand_Product_Size": "Kiwi Fruit Green 8 pack",
    "WOW Price": 5.5,
    "WOW Size": "8 pack",
    "WOW ppu": "$0.69 / 1EA"
  },
  {
    "Brand_Product_Size": "Selleys Adhesive Shoe Glue 50mL",
    "WOW Price": 7,
    "WOW Size": "50mL",
    "WOW ppu": "$14.00 / 100ML"
  },
  {
    "Brand_Product_Size": "Peters Rabbit & Guinea Pig Pasture Hay 1kg",
    "WOW Price": 8.69,
    "WOW Size": "1kg",
    "WOW ppu": "$0.87 / 100G"
  },
  {
    "Brand_Product_Size": "Woolworths 98% Fat Free Yoghurt Strawberry 1kg",
    "WOW Price": 3.45,
    "WOW Size": "1kg",
    "WOW ppu": "$0.35 / 100G"
  },
  {
    "Brand_Product_Size": "Jacquin Chevre Plain 100g",
    "WOW Price": 5,
    "WOW Size": "100g",
    "WOW ppu": "$50.00 / 1KG"
  },
  {
    "Brand_Product_Size": "Jacquin Chevre Plain 100g",
    "WOW Price": 5,
    "WOW Size": "100g",
    "WOW ppu": "$50.00 / 1KG"
  },
  {
    "Brand_Product_Size": "Dine Finest Serve Mixed Selection In Gravy Mini Pouch 6 pack",
    "WOW Price": 3.35,
    "WOW Size": "6 pack",
    "WOW ppu": "$1.12 / 100G"
  },
  {
    "Brand_Product_Size": "Noya Almond Nut Butter 250g",
    "WOW Price": 8.5,
    "WOW Size": "250g",
    "WOW ppu": "$3.40 / 100G"
  },
  {
    "Brand_Product_Size": "Noya Almond Nut Butter 250g",
    "WOW Price": 8.5,
    "WOW Size": "250g",
    "WOW ppu": "$3.40 / 100G"
  },
  {
    "Brand_Product_Size": "Woolworths Yellowfin Tuna & Rice Yellow Curry Fried Rice 190g",
    "WOW Price": 3,
    "WOW Size": "190g",
    "WOW ppu": "$15.79 / 1KG"
  },
  {
    "Brand_Product_Size": "Shine Infusions Dishwashing Liquid Peony & Lychee 900mL",
    "WOW Price": 2.69,
    "WOW Size": "900mL",
    "WOW ppu": "$0.30 / 100ML"
  },
  {
    "Brand_Product_Size": "Creative Gourmet Frozen Dragon Fruit Chunks 400g",
    "WOW Price": 4.5,
    "WOW Size": "400g",
    "WOW ppu": "$11.25 / 1KG"
  },
  {
    "Brand_Product_Size": "L'or Espresso Ristretto Coffee Capsules 40 pack",
    "WOW Price": 18,
    "WOW Size": "40 pack",
    "WOW ppu": "$0.45 / 1EA"
  },
  {
    "Brand_Product_Size": "L'or Espresso Ristretto Coffee Capsules 40 pack",
    "WOW Price": 18,
    "WOW Size": "40 pack",
    "WOW ppu": "$0.45 / 1EA"
  },
  {
    "Brand_Product_Size": "Macro Almond Meal 400g",
    "WOW Price": 9,
    "WOW Size": "400g",
    "WOW ppu": "$22.50 / 1KG"
  },
  {
    "Brand_Product_Size": "Noshu 97% Sugar Free Iced Funfetti Cakes 180g",
    "WOW Price": 6.5,
    "WOW Size": "180g",
    "WOW ppu": "$3.61 / 100G"
  },
  {
    "Brand_Product_Size": "Quilton Cooling Lotion 3 Ply Menthol & Eucalyptus Facial Tissue 95 pack",
    "WOW Price": 2.6,
    "WOW Size": "95 pack",
    "WOW ppu": "$2.74 / 100SS"
  },
  {
    "Brand_Product_Size": "Quilton Cooling Lotion 3 Ply Menthol & Eucalyptus Facial Tissue 95 pack",
    "WOW Price": 2.6,
    "WOW Size": "95 pack",
    "WOW ppu": "$2.74 / 100SS"
  },
  {
    "Brand_Product_Size": "Mcobeauty Perfect Tweezers 4 pack",
    "WOW Price": 7,
    "WOW Size": "4 pack",
    "WOW ppu": "$7.00 / 1EA"
  },
  {
    "Brand_Product_Size": "Vetta Microwave Ready Pasta Classic Spirals 150g",
    "WOW Price": 2,
    "WOW Size": "150g",
    "WOW ppu": "$1.33 / 100G"
  },
  {
    "Brand_Product_Size": "Oscar Orsen Large Thin Hair Elastics Blonde 30 pack",
    "WOW Price": 5.6,
    "WOW Size": "30 pack",
    "WOW ppu": ""
  },
  {
    "Brand_Product_Size": "Bepanthen Nappy Rash Ointment 100g",
    "WOW Price": 9,
    "WOW Size": "100g",
    "WOW ppu": "$9.00 / 100G"
  },
  {
    "Brand_Product_Size": "Blackmores For Women Nails Hair & Skin Tablets 60 pack",
    "WOW Price": 16,
    "WOW Size": "60 pack",
    "WOW ppu": "$26.67 / 100EA"
  },
  {
    "Brand_Product_Size": "Hovex Insect Control Camphor 18g",
    "WOW Price": 2.8,
    "WOW Size": "18g",
    "WOW ppu": "$15.56 / 100G"
  },
  {
    "Brand_Product_Size": "Ob Finest Activated Charcoal Wafer Crackers 100g",
    "WOW Price": 3,
    "WOW Size": "100g",
    "WOW ppu": "$3.00 / 100G"
  },
  {
    "Brand_Product_Size": "Mint Non-stick Coating Frypan 26cm each",
    "WOW Price": 11,
    "WOW Size": "each",
    "WOW ppu": ""
  },
  {
    "Brand_Product_Size": "Decor Junior Sip Stainless Steel Straw Bottle Assorted each",
    "WOW Price": 6.5,
    "WOW Size": "each",
    "WOW ppu": ""
  },
  {
    "Brand_Product_Size": "New Scientist Magazine each",
    "WOW Price": 9.5,
    "WOW Size": "each",
    "WOW ppu": ""
  },
  {
    "Brand_Product_Size": "Higher Living Peppermint & Licorice Tea 15 pack",
    "WOW Price": 3.7,
    "WOW Size": "15 pack",
    "WOW ppu": "$0.25 / 1EA"
  },
  {
    "Brand_Product_Size": "Higher Living Peppermint & Licorice Tea 15 pack",
    "WOW Price": 3.7,
    "WOW Size": "15 pack",
    "WOW ppu": "$0.25 / 1EA"
  },
  {
    "Brand_Product_Size": "Woolworths Bobby Pins Blonde 80 pack",
    "WOW Price": 4.5,
    "WOW Size": "80 pack",
    "WOW ppu": ""
  },
  {
    "Brand_Product_Size": "Woolworths Sliced Beans 500g",
    "WOW Price": 1.5,
    "WOW Size": "500g",
    "WOW ppu": "$3.00 / 1KG"
  },
  {
    "Brand_Product_Size": "Saxa Pepper Black Picnic Pack 50g",
    "WOW Price": 3.7,
    "WOW Size": "50g",
    "WOW ppu": "$0.74 / 10G"
  },
  {
    "Brand_Product_Size": "Aussie Bodies Lo Carb Whipped Salted Caramel Bar 50g",
    "WOW Price": 3,
    "WOW Size": "50g",
    "WOW ppu": "$6.00 / 100G"
  },
  {
    "Brand_Product_Size": "Palmer's Coconut Body Oil 150mL",
    "WOW Price": 10.51,
    "WOW Size": "150mL",
    "WOW ppu": "$7.01 / 100ML"
  },
  {
    "Brand_Product_Size": "The Spice Tailor Hyderabad Red Korma 300g",
    "WOW Price": 2.75,
    "WOW Size": "300g",
    "WOW ppu": "$0.92 / 100G"
  },
  {
    "Brand_Product_Size": "Woolworths Thawed Squid Tubes per kg",
    "WOW Price": 18,
    "WOW Size": "per kg",
    "WOW ppu": "$18.00 / 1KG"
  },
  {
    "Brand_Product_Size": "Old Spice Body Wash Swagger 473mL",
    "WOW Price": 7.5,
    "WOW Size": "473mL",
    "WOW ppu": "$1.59 / 100ML"
  },
  {
    "Brand_Product_Size": "Don Kransky Cheese 300g",
    "WOW Price": 9,
    "WOW Size": "300g",
    "WOW ppu": "$30.00 / 1KG"
  },
  {
    "Brand_Product_Size": "Nice & Natural Chocolate Nut Bar Apricot 180g x6 pack",
    "WOW Price": 2,
    "WOW Size": "180g x6 pack",
    "WOW ppu": "$1.11 / 100G"
  },
  {
    "Brand_Product_Size": "Sudafed Pe Sinus + Pain Relief 20 pack",
    "WOW Price": 14.3,
    "WOW Size": "20 pack",
    "WOW ppu": "$0.72 / 1EA"
  },
  {
    "Brand_Product_Size": "Woolworths Sunscreen Everyday Tube Spf 50+ 100mL",
    "WOW Price": 2.25,
    "WOW Size": "100mL",
    "WOW ppu": "$2.25 / 100ML"
  },
  {
    "Brand_Product_Size": "Lolly Go Round Round Sour Watermelons 170g",
    "WOW Price": 2,
    "WOW Size": "170g",
    "WOW ppu": "$1.18 / 100G"
  },
  {
    "Brand_Product_Size": "Lemnos Haloumi Burger Slices 200g",
    "WOW Price": 6.5,
    "WOW Size": "200g",
    "WOW ppu": "$32.50 / 1KG"
  },
  {
    "Brand_Product_Size": "Lemnos Haloumi Burger Slices 200g",
    "WOW Price": 6.5,
    "WOW Size": "200g",
    "WOW ppu": "$32.50 / 1KG"
  },
  {
    "Brand_Product_Size": "Kenilworth Rich Chocolate Mousse 170g",
    "WOW Price": 3.6,
    "WOW Size": "170g",
    "WOW ppu": "$2.12 / 100G"
  },
  {
    "Brand_Product_Size": "Nabisco Premium Crispbread Original 300g",
    "WOW Price": 3,
    "WOW Size": "300g",
    "WOW ppu": "$1.00 / 100G"
  },
  {
    "Brand_Product_Size": "Coca-cola Diet Soft Drink Multipack Cans 375mL x30 pack",
    "WOW Price": 22.75,
    "WOW Size": "375mL x30 pack",
    "WOW ppu": "$2.02 / 1L"
  },
  {
    "Brand_Product_Size": "Macro Organic Chewy Fruit Free Muesli Bars 6 pack",
    "WOW Price": 6,
    "WOW Size": "6 pack",
    "WOW ppu": "$3.33 / 100G"
  },
  {
    "Brand_Product_Size": "Macro Organic Chewy Fruit Free Muesli Bars 6 pack",
    "WOW Price": 6,
    "WOW Size": "6 pack",
    "WOW ppu": "$3.33 / 100G"
  },
  {
    "Brand_Product_Size": "Oak Plus No Sugar Added Banana & Honey 500mL",
    "WOW Price": 3.45,
    "WOW Size": "500mL",
    "WOW ppu": "$6.90 / 1L"
  },
  {
    "Brand_Product_Size": "Palmolive Naturals Liquid Hand Wash Soap Milk & Honey Refill 1L",
    "WOW Price": 6.5,
    "WOW Size": "1L",
    "WOW ppu": "$0.65 / 100ML"
  },
  {
    "Brand_Product_Size": "Essentials Chocolate Topping 600mL",
    "WOW Price": 1.8,
    "WOW Size": "600mL",
    "WOW ppu": "$0.30 / 100ML"
  },
  {
    "Brand_Product_Size": "Energizer Lithium Photo Cr2 each",
    "WOW Price": 12,
    "WOW Size": "each",
    "WOW ppu": "$12.00 / 1EA"
  },
  {
    "Brand_Product_Size": "Fry's Meat Free Quinoa & Brown Rice Protein Burgers 320g",
    "WOW Price": 6,
    "WOW Size": "320g",
    "WOW ppu": "$1.88 / 100G"
  },
  {
    "Brand_Product_Size": "Selleys Adhesive Liquid Nails 100g",
    "WOW Price": 7.5,
    "WOW Size": "100g",
    "WOW ppu": "$7.50 / 100G"
  },
  {
    "Brand_Product_Size": "Babylove Sleepy Nights Overnight Pants 25-57kg 8 pack",
    "WOW Price": 11,
    "WOW Size": "8 pack",
    "WOW ppu": "$1.38 / 1EA"
  },
  {
    "Brand_Product_Size": "Help@hand Lozenges Honey & Lemon 16 pack",
    "WOW Price": 4.5,
    "WOW Size": "16 pack",
    "WOW ppu": "$0.28 / 1EA"
  },
  {
    "Brand_Product_Size": "Mtr Ready To Eat Palak Paneer 300g",
    "WOW Price": 2.75,
    "WOW Size": "300g",
    "WOW ppu": "$0.92 / 100G"
  },
  {
    "Brand_Product_Size": "Voeu Micellar Water 200mL",
    "WOW Price": 4,
    "WOW Size": "200mL",
    "WOW ppu": "$2.00 / 100ML"
  },
  {
    "Brand_Product_Size": "Obela Hommus Pistachio Lemon Dukkah 220g",
    "WOW Price": 4,
    "WOW Size": "220g",
    "WOW ppu": "$1.82 / 100G"
  },
  {
    "Brand_Product_Size": "Crave Salmon Pate Wet Cat Food 75g",
    "WOW Price": 2.2,
    "WOW Size": "75g",
    "WOW ppu": "$2.93 / 100G"
  },
  {
    "Brand_Product_Size": "Brunnings Trigger Sprayer 500ml 500mL",
    "WOW Price": 1.6,
    "WOW Size": "500mL",
    "WOW ppu": ""
  },
  {
    "Brand_Product_Size": "All Smiles Toothbrush Medium 2 pack",
    "WOW Price": 2,
    "WOW Size": "2 pack",
    "WOW ppu": "$1.00 / 1EA"
  },
  {
    "Brand_Product_Size": "Obela Classic Guacamole 220g",
    "WOW Price": 5,
    "WOW Size": "220g",
    "WOW ppu": "$2.27 / 100G"
  },
  {
    "Brand_Product_Size": "Tasti Nut Butter Bars Peanut Butter 175g",
    "WOW Price": 5.5,
    "WOW Size": "175g",
    "WOW ppu": "$3.14 / 100G"
  },
  {
    "Brand_Product_Size": "Mckenzie's Baking Aids Gelatine Leaves 20g",
    "WOW Price": 5,
    "WOW Size": "20g",
    "WOW ppu": "$25.00 / 100G"
  },
  {
    "Brand_Product_Size": "Grants Of Australia Toothpaste Propolis 110g",
    "WOW Price": 3,
    "WOW Size": "110g",
    "WOW ppu": "$2.73 / 100G"
  },
  {
    "Brand_Product_Size": "Vittoria Coffee Beans Special Italian Blend 1kg",
    "WOW Price": 19,
    "WOW Size": "1kg",
    "WOW ppu": "$1.90 / 100G"
  },
  {
    "Brand_Product_Size": "Vittoria Coffee Beans Special Italian Blend 1kg",
    "WOW Price": 19,
    "WOW Size": "1kg",
    "WOW ppu": "$1.90 / 100G"
  },
  {
    "Brand_Product_Size": "Woolworths Lebanese Cucumber 500g pack",
    "WOW Price": 3.9,
    "WOW Size": "500g pack",
    "WOW ppu": "$7.80 / 1KG"
  },
  {
    "Brand_Product_Size": "Mi Apple Loose each",
    "WOW Price": 1.14,
    "WOW Size": "each",
    "WOW ppu": "$1.14 / 1EA"
  },
  {
    "Brand_Product_Size": "Bundaberg Ginger Beer 750mL",
    "WOW Price": 3.15,
    "WOW Size": "750mL",
    "WOW ppu": "$4.20 / 1L"
  },
  {
    "Brand_Product_Size": "Pantene Pro-v Long & Strong Conditioner 375mL",
    "WOW Price": 4,
    "WOW Size": "375mL",
    "WOW ppu": "$1.07 / 100ML"
  },
  {
    "Brand_Product_Size": "Cenovis Once Daily Men's Multi Capsules 100 pack",
    "WOW Price": 18,
    "WOW Size": "100 pack",
    "WOW ppu": "$18.00 / 100EA"
  },
  {
    "Brand_Product_Size": "San Marino Hungarian Mild Salami 100g",
    "WOW Price": 5.5,
    "WOW Size": "100g",
    "WOW ppu": "$55.00 / 1KG"
  },
  {
    "Brand_Product_Size": "Carman's Original Fruit Free Muesli Bars 6 pack",
    "WOW Price": 6,
    "WOW Size": "6 pack",
    "WOW ppu": "$2.22 / 100G"
  },
  {
    "Brand_Product_Size": "Carman's Original Fruit Free Muesli Bars 6 pack",
    "WOW Price": 6,
    "WOW Size": "6 pack",
    "WOW ppu": "$2.22 / 100G"
  },
  {
    "Brand_Product_Size": "Sambucol Cold & Flu Forte Plus Vit C & Zinc Capsules 24 pack",
    "WOW Price": 19,
    "WOW Size": "24 pack",
    "WOW ppu": "$0.79 / 1EA"
  },
  {
    "Brand_Product_Size": "Haagen-dazs Vanilla Ice Cream 457mL",
    "WOW Price": 11.5,
    "WOW Size": "457mL",
    "WOW ppu": "$2.52 / 100ML"
  },
  {
    "Brand_Product_Size": "Oscar Orsen Extra Hold Bobby Pins Brown 80 pack",
    "WOW Price": 4.5,
    "WOW Size": "80 pack",
    "WOW ppu": "$0.06 / 1EA"
  },
  {
    "Brand_Product_Size": "Farmers Market Roast Chicken With Lentils Wet Dog Food 100g",
    "WOW Price": 1.5,
    "WOW Size": "100g",
    "WOW ppu": "$1.50 / 100G"
  },
  {
    "Brand_Product_Size": "Yates Lawn Fertiliser Hose On 2L",
    "WOW Price": 14,
    "WOW Size": "2L",
    "WOW ppu": "$0.70 / 100ML"
  },
  {
    "Brand_Product_Size": "Marca Pina Soy Sauce 1L",
    "WOW Price": 3,
    "WOW Size": "1L",
    "WOW ppu": ""
  },
  {
    "Brand_Product_Size": "Jila Mints 4 pack 108g",
    "WOW Price": 3.5,
    "WOW Size": "4 pack 108g",
    "WOW ppu": "$3.24 / 100G"
  },
  {
    "Brand_Product_Size": "Coppertree Farms Unsalted Butter 200g",
    "WOW Price": 6.5,
    "WOW Size": "200g",
    "WOW ppu": "$3.25 / 100G"
  },
  {
    "Brand_Product_Size": "Colmans Mint Sauce 165g",
    "WOW Price": 4,
    "WOW Size": "165g",
    "WOW ppu": "$2.42 / 100G"
  },
  {
    "Brand_Product_Size": "Mtr Ready To Eat Paneer Butter Masala 300g",
    "WOW Price": 2.75,
    "WOW Size": "300g",
    "WOW ppu": "$0.92 / 100G"
  },
  {
    "Brand_Product_Size": "Arnott's Jatz Original Crackers 225g",
    "WOW Price": 3.2,
    "WOW Size": "225g",
    "WOW ppu": "$1.42 / 100G"
  },
  {
    "Brand_Product_Size": "Nerf Squeak & Crunch Ball Dog Toy each",
    "WOW Price": 15,
    "WOW Size": "each",
    "WOW ppu": "$15.00 / 1EA"
  },
  {
    "Brand_Product_Size": "Optimum Grain Free Kangaroo & Vegetables Wet Dog Food Tray 100g",
    "WOW Price": 1,
    "WOW Size": "100g",
    "WOW ppu": "$1.00 / 100G"
  },
  {
    "Brand_Product_Size": "Optus Samsung Galaxy A21s each",
    "WOW Price": 149,
    "WOW Size": "each",
    "WOW ppu": ""
  },
  {
    "Brand_Product_Size": "Nature's Cuppa Freeze Dried Coffee Caffeine Free 125g",
    "WOW Price": 4,
    "WOW Size": "125g",
    "WOW ppu": "$3.20 / 100G"
  },
  {
    "Brand_Product_Size": "Nature's Cuppa Freeze Dried Coffee Caffeine Free 125g",
    "WOW Price": 4,
    "WOW Size": "125g",
    "WOW ppu": "$3.20 / 100G"
  },
  {
    "Brand_Product_Size": "Handee Ultra Paper Towel Double Length White 240 Sheets 2 pack",
    "WOW Price": 5,
    "WOW Size": "2 pack",
    "WOW ppu": "$2.08 / 100SS"
  },
  {
    "Brand_Product_Size": "Bickford's Lime Cordial 750mL",
    "WOW Price": 4,
    "WOW Size": "750mL",
    "WOW ppu": "$5.33 / 1L"
  },
  {
    "Brand_Product_Size": "Maui Moisture Thicken & Restore Bamboo Fibre Shampoo 385mL",
    "WOW Price": 22,
    "WOW Size": "385mL",
    "WOW ppu": "$5.71 / 100ML"
  },
  {
    "Brand_Product_Size": "Ultimates Indulge Dry Dog Food Natural Beef 1kg",
    "WOW Price": 8,
    "WOW Size": "1kg",
    "WOW ppu": "$0.80 / 100G"
  },
  {
    "Brand_Product_Size": "Raid Double Nozzle One Shot Flying Insect Killer Odourless 320g",
    "WOW Price": 7,
    "WOW Size": "320g",
    "WOW ppu": "$2.19 / 100G"
  },
  {
    "Brand_Product_Size": "Energizer Lithium Button Batteries 2025 2 pack",
    "WOW Price": 6,
    "WOW Size": "2 pack",
    "WOW ppu": "$3.00 / 1EA"
  },
  {
    "Brand_Product_Size": "Energizer Glass Screen Protector Samsung Galaxy S9 each",
    "WOW Price": 25,
    "WOW Size": "each",
    "WOW ppu": ""
  },
  {
    "Brand_Product_Size": "Powerade Blackcurrant Flo Cap 600mL",
    "WOW Price": 2.2,
    "WOW Size": "600mL",
    "WOW ppu": "$3.67 / 1L"
  },
  {
    "Brand_Product_Size": "Red Island Extra Virgin Olive Oil 3L",
    "WOW Price": 35,
    "WOW Size": "3L",
    "WOW ppu": "$1.17 / 100ML"
  },
  {
    "Brand_Product_Size": "Kellogg's Nutri-grain Original Cereal Snack Bars 6 pack",
    "WOW Price": 2,
    "WOW Size": "6 pack",
    "WOW ppu": "$1.39 / 100G"
  },
  {
    "Brand_Product_Size": "Kellogg's Nutri-grain Original Cereal Snack Bars 6 pack",
    "WOW Price": 2,
    "WOW Size": "6 pack",
    "WOW ppu": "$1.39 / 100G"
  },
  {
    "Brand_Product_Size": "Rimmel Wonder Ink Eyeliner/traceur Black 1.6g",
    "WOW Price": 8.5,
    "WOW Size": "1.6g",
    "WOW ppu": "$53.13 / 10G"
  },
  {
    "Brand_Product_Size": "Cobs Popcorn Sea Salt Gluten Free 80g",
    "WOW Price": 2.85,
    "WOW Size": "80g",
    "WOW ppu": "$3.56 / 100G"
  },
  {
    "Brand_Product_Size": "Cobs Popcorn Sea Salt Gluten Free 80g",
    "WOW Price": 2.85,
    "WOW Size": "80g",
    "WOW ppu": "$3.56 / 100G"
  },
  {
    "Brand_Product_Size": "Brite Semi Permanent Hair Colour Colour Pastel Pink 75mL",
    "WOW Price": 10,
    "WOW Size": "75mL",
    "WOW ppu": "$13.33 / 100ML"
  },
  {
    "Brand_Product_Size": "Korbond Party Candles Metallics Gold & Silver 12 pack",
    "WOW Price": 3,
    "WOW Size": "12 pack",
    "WOW ppu": "$0.25 / 1EA"
  },
  {
    "Brand_Product_Size": "Helios Nail System Stiletto 200 pack",
    "WOW Price": 6.5,
    "WOW Size": "200 pack",
    "WOW ppu": ""
  },
  {
    "Brand_Product_Size": "French Fries Salt & Vinegar Crunchy Potato Straws 175g",
    "WOW Price": 3.5,
    "WOW Size": "175g",
    "WOW ppu": "$2.00 / 100G"
  },
  {
    "Brand_Product_Size": "Cenovis Glucosamine + Fish Oil Capsules 200 pack",
    "WOW Price": 25,
    "WOW Size": "200 pack",
    "WOW ppu": "$12.50 / 100EA"
  },
  {
    "Brand_Product_Size": "Moccona Freeze Dried Instant Coffee Indulgence 200g",
    "WOW Price": 11,
    "WOW Size": "200g",
    "WOW ppu": "$5.50 / 100G"
  },
  {
    "Brand_Product_Size": "Moccona Freeze Dried Instant Coffee Indulgence 200g",
    "WOW Price": 11,
    "WOW Size": "200g",
    "WOW ppu": "$5.50 / 100G"
  },
  {
    "Brand_Product_Size": "Golden Circle Pineapple Crushed In Syrup 450g",
    "WOW Price": 3.75,
    "WOW Size": "450g",
    "WOW ppu": "$8.33 / 1KG"
  },
  {
    "Brand_Product_Size": "Korbond Scissors 23cm each",
    "WOW Price": 10,
    "WOW Size": "each",
    "WOW ppu": ""
  },
  {
    "Brand_Product_Size": "Remington Precision Haircut Kit each",
    "WOW Price": 39,
    "WOW Size": "each",
    "WOW ppu": "$39.00 / 1EA"
  },
  {
    "Brand_Product_Size": "Super Nature Super Foods Mediterranean Polenta 350g",
    "WOW Price": 6.3,
    "WOW Size": "350g",
    "WOW ppu": "$1.80 / 100G"
  },
  {
    "Brand_Product_Size": "L'oreal Revitalift Eye Cream 15mL",
    "WOW Price": 19.75,
    "WOW Size": "15mL",
    "WOW ppu": "$131.67 / 100ML"
  },
  {
    "Brand_Product_Size": "Macro Organic Tomatoes Diced No Added Salt 400g",
    "WOW Price": 1.2,
    "WOW Size": "400g",
    "WOW ppu": "$3.00 / 1KG"
  },
  {
    "Brand_Product_Size": "Sam's Pantry Strawberry Sundae Protein Bar 5 pack",
    "WOW Price": 3.5,
    "WOW Size": "5 pack",
    "WOW ppu": "$1.84 / 100G"
  },
  {
    "Brand_Product_Size": "Sam's Pantry Strawberry Sundae Protein Bar 5 pack",
    "WOW Price": 3.5,
    "WOW Size": "5 pack",
    "WOW ppu": "$1.84 / 100G"
  },
  {
    "Brand_Product_Size": "H2juice Berry Mix 1L",
    "WOW Price": 4,
    "WOW Size": "1L",
    "WOW ppu": "$4.00 / 1L"
  },
  {
    "Brand_Product_Size": "3m Command Medium Hooks Value Pack 6 pack",
    "WOW Price": 13.5,
    "WOW Size": "6 pack",
    "WOW ppu": "$2.25 / 1EA"
  },
  {
    "Brand_Product_Size": "Mainland Buttersoft Pure Salt Reduced Butter 375g",
    "WOW Price": 6.25,
    "WOW Size": "375g",
    "WOW ppu": "$1.67 / 100G"
  },
  {
    "Brand_Product_Size": "Golden Circle Fruit Juice Orange 6x200mL",
    "WOW Price": 3.7,
    "WOW Size": "6x200mL",
    "WOW ppu": "$3.08 / 1L"
  },
  {
    "Brand_Product_Size": "Golden Circle Fruit Juice Orange 6x200mL",
    "WOW Price": 3.7,
    "WOW Size": "6x200mL",
    "WOW ppu": "$3.08 / 1L"
  },
  {
    "Brand_Product_Size": "Csr Unrefined Coconut Sugar 250g",
    "WOW Price": 4,
    "WOW Size": "250g",
    "WOW ppu": "$1.60 / 100G"
  },
  {
    "Brand_Product_Size": "Siggi's 4% Yoghurt Black Cherry 125g",
    "WOW Price": 2,
    "WOW Size": "125g",
    "WOW ppu": "$1.60 / 100G"
  },
  {
    "Brand_Product_Size": "Nestle Milo Duo 340g",
    "WOW Price": 5.3,
    "WOW Size": "340g",
    "WOW ppu": "$1.56 / 100G"
  },
  {
    "Brand_Product_Size": "Tung Chun Hoisin Sauce 400g",
    "WOW Price": 3.6,
    "WOW Size": "400g",
    "WOW ppu": "$0.90 / 100G"
  },
  {
    "Brand_Product_Size": "Love Luna Lady Leaks Midi Brief Black 14 To 16 each",
    "WOW Price": 16,
    "WOW Size": "each",
    "WOW ppu": "$16.00 / 1EA"
  },
  {
    "Brand_Product_Size": "Deep Heat Neck & Joint Heat Patches 2 pack",
    "WOW Price": 7.2,
    "WOW Size": "2 pack",
    "WOW ppu": "$3.60 / 1EA"
  },
  {
    "Brand_Product_Size": "Saxa Natural Pink Himalayan Table Salt 500g",
    "WOW Price": 5,
    "WOW Size": "500g",
    "WOW ppu": "$0.10 / 10G"
  },
  {
    "Brand_Product_Size": "Oak Strawberry Flavoured Milk (3x250ml) 750mL",
    "WOW Price": 4.5,
    "WOW Size": "750mL",
    "WOW ppu": "$6.00 / 1L"
  },
  {
    "Brand_Product_Size": "Oak Strawberry Flavoured Milk (3x250ml) 750mL",
    "WOW Price": 4.5,
    "WOW Size": "750mL",
    "WOW ppu": "$6.00 / 1L"
  },
  {
    "Brand_Product_Size": "Oak Strawberry Flavoured Milk (3x250ml) 750mL",
    "WOW Price": 4.5,
    "WOW Size": "750mL",
    "WOW ppu": "$6.00 / 1L"
  },
  {
    "Brand_Product_Size": "Sprite No Sugar Bottle 1.25L",
    "WOW Price": 1.95,
    "WOW Size": "1.25L",
    "WOW ppu": "$1.56 / 1L"
  },
  {
    "Brand_Product_Size": "Fancy Feast Savory Centers Pat Mixed Gravy Selection Wet Cat Food 85g x12 pack",
    "WOW Price": 19,
    "WOW Size": "85g x12 pack",
    "WOW ppu": "$1.86 / 100G"
  },
  {
    "Brand_Product_Size": "Marzena Natural Body Wax Strips 40 pack",
    "WOW Price": 8,
    "WOW Size": "40 pack",
    "WOW ppu": "$0.20 / 1EA"
  },
  {
    "Brand_Product_Size": "Lucky Linseed Meal 300g",
    "WOW Price": 5.5,
    "WOW Size": "300g",
    "WOW ppu": "$18.33 / 1KG"
  },
  {
    "Brand_Product_Size": "Your Majesty Gourmet Gravy Selections Adult Wet Cat Food 12 pack",
    "WOW Price": 8.5,
    "WOW Size": "12 pack",
    "WOW ppu": "$0.83 / 100G"
  },
  {
    "Brand_Product_Size": "Hinterland Jersey Caramel Macadamia Ice Cream Tub 1L",
    "WOW Price": 10.5,
    "WOW Size": "1L",
    "WOW ppu": "$1.05 / 100ML"
  },
  {
    "Brand_Product_Size": "Tuckers Fruit & Seeded Crackers Blueberry, Chia & Sunflower 100g",
    "WOW Price": 4,
    "WOW Size": "100g",
    "WOW ppu": "$4.00 / 100G"
  },
  {
    "Brand_Product_Size": "Woolworths Long Life Custard 1L",
    "WOW Price": 1.9,
    "WOW Size": "1L",
    "WOW ppu": "$0.19 / 100ML"
  },
  {
    "Brand_Product_Size": "Moki Life Type-c To Type-c Syncharge Cable 90cm each",
    "WOW Price": 12,
    "WOW Size": "each",
    "WOW ppu": ""
  },
  {
    "Brand_Product_Size": "Coca-cola Cherry 330mL",
    "WOW Price": 2.35,
    "WOW Size": "330mL",
    "WOW ppu": "$7.12 / 1L"
  },
  {
    "Brand_Product_Size": "Spc Baked Beans Salt Reduced 4x220g",
    "WOW Price": 5,
    "WOW Size": "4x220g",
    "WOW ppu": "$0.57 / 100G"
  },
  {
    "Brand_Product_Size": "Leggos Pizza Paste Pizza 280g",
    "WOW Price": 2.6,
    "WOW Size": "280g",
    "WOW ppu": "$0.93 / 100G"
  },
  {
    "Brand_Product_Size": "Sunrice Flavour Your Rice Lemon, Chicken & Herb Paste 60g",
    "WOW Price": 4,
    "WOW Size": "60g",
    "WOW ppu": "$6.67 / 100G"
  },
  {
    "Brand_Product_Size": "Powerade Berry Ice 1.5L",
    "WOW Price": 3.9,
    "WOW Size": "1.5L",
    "WOW ppu": "$2.60 / 1L"
  },
  {
    "Brand_Product_Size": "Stagg Dynamite Hot Chili With Beans 425g",
    "WOW Price": 4,
    "WOW Size": "425g",
    "WOW ppu": "$0.94 / 100G"
  },
  {
    "Brand_Product_Size": "Nature's Way Protein Magnesium 375g",
    "WOW Price": 30,
    "WOW Size": "375g",
    "WOW ppu": "$8.00 / 100G"
  },
  {
    "Brand_Product_Size": "Cadbury Dairy Milk Vanilla Sticks 4 pack",
    "WOW Price": 6,
    "WOW Size": "4 pack",
    "WOW ppu": "$1.67 / 100ML"
  },
  {
    "Brand_Product_Size": "Eskal Pickled Fillets 375g",
    "WOW Price": 7,
    "WOW Size": "375g",
    "WOW ppu": "$18.67 / 1KG"
  },
  {
    "Brand_Product_Size": "Saxa Table Salt Plain 750g",
    "WOW Price": 2.95,
    "WOW Size": "750g",
    "WOW ppu": "$0.04 / 10G"
  },
  {
    "Brand_Product_Size": "Don Mini Kabana Original 160g",
    "WOW Price": 4.5,
    "WOW Size": "160g",
    "WOW ppu": "$28.13 / 1KG"
  },
  {
    "Brand_Product_Size": "Steggles Chicken Breast Schnitzel Panko & Quinoa 600g",
    "WOW Price": 9,
    "WOW Size": "600g",
    "WOW ppu": "$15.00 / 1KG"
  },
  {
    "Brand_Product_Size": "Energizer Glass Screen Protector Iphone X each",
    "WOW Price": 25,
    "WOW Size": "each",
    "WOW ppu": ""
  },
  {
    "Brand_Product_Size": "Cocobella Coconut Strawberry Yoghurt 150g",
    "WOW Price": 2,
    "WOW Size": "150g",
    "WOW ppu": "$1.33 / 100G"
  },
  {
    "Brand_Product_Size": "Vitapet Rawhide Barrels Filled With Chicken Liver 400g",
    "WOW Price": 16,
    "WOW Size": "400g",
    "WOW ppu": "$4.00 / 100G"
  },
  {
    "Brand_Product_Size": "Bushells Blue Label Loose Leaf Tea 250g",
    "WOW Price": 3,
    "WOW Size": "250g",
    "WOW ppu": "$1.20 / 100G"
  },
  {
    "Brand_Product_Size": "Bushells Blue Label Loose Leaf Tea 250g",
    "WOW Price": 3,
    "WOW Size": "250g",
    "WOW ppu": "$1.20 / 100G"
  },
  {
    "Brand_Product_Size": "Mountain Bread Rice Mountain Bread 200g",
    "WOW Price": 4,
    "WOW Size": "200g",
    "WOW ppu": "$2.00 / 100G"
  },
  {
    "Brand_Product_Size": "Patak's Korma Curry Paste 283g",
    "WOW Price": 4,
    "WOW Size": "283g",
    "WOW ppu": "$1.38 / 100G"
  },
  {
    "Brand_Product_Size": "Clairol Root Touch-up Color Blending Gel Medium Brown 45mL",
    "WOW Price": 18,
    "WOW Size": "45mL",
    "WOW ppu": "$40.00 / 100ML"
  },
  {
    "Brand_Product_Size": "Macro Organic Toasted Coconut Flakes With Sea Salt 140g",
    "WOW Price": 4.4,
    "WOW Size": "140g",
    "WOW ppu": "$3.14 / 100G"
  },
  {
    "Brand_Product_Size": "Barilla Mulino Bianco Panne Di Stelle 200g",
    "WOW Price": 4.5,
    "WOW Size": "200g",
    "WOW ppu": "$2.25 / 100G"
  },
  {
    "Brand_Product_Size": "Western Star Original Butter Block 250g",
    "WOW Price": 4,
    "WOW Size": "250g",
    "WOW ppu": "$1.60 / 100G"
  },
  {
    "Brand_Product_Size": "Maggie Beer Pate Pheasant Farm 120g",
    "WOW Price": 7,
    "WOW Size": "120g",
    "WOW ppu": "$58.33 / 1KG"
  },
  {
    "Brand_Product_Size": "Lucky Hazelnut Meal 150g",
    "WOW Price": 5.5,
    "WOW Size": "150g",
    "WOW ppu": "$36.67 / 1KG"
  },
  {
    "Brand_Product_Size": "Rana Egg Lasagne Fresh Pasta 250g",
    "WOW Price": 3.5,
    "WOW Size": "250g",
    "WOW ppu": "$1.40 / 100G"
  },
  {
    "Brand_Product_Size": "Woolworths Microwave Quick Pasta Macaroni 150g",
    "WOW Price": 1.5,
    "WOW Size": "150g",
    "WOW ppu": "$1.00 / 100G"
  },
  {
    "Brand_Product_Size": "Paperclick Comfort Earphones each",
    "WOW Price": 6,
    "WOW Size": "each",
    "WOW ppu": ""
  },
  {
    "Brand_Product_Size": "Sheer Relief Pantyhose Control Support Black Avg each",
    "WOW Price": 9,
    "WOW Size": "each",
    "WOW ppu": ""
  },
  {
    "Brand_Product_Size": "Ocean Blue Ocean Trout Natural 100g",
    "WOW Price": 6.3,
    "WOW Size": "100g",
    "WOW ppu": "$63.00 / 1KG"
  },
  {
    "Brand_Product_Size": "Help@hand Epsom Salt 1kg",
    "WOW Price": 6,
    "WOW Size": "1kg",
    "WOW ppu": "$0.60 / 100G"
  },
  {
    "Brand_Product_Size": "Essentials Cake Mix Vanilla 340g",
    "WOW Price": 0.75,
    "WOW Size": "340g",
    "WOW ppu": "$0.22 / 100G"
  },
  {
    "Brand_Product_Size": "Sara Lee Carrot Cake 400g",
    "WOW Price": 6.25,
    "WOW Size": "400g",
    "WOW ppu": "$1.56 / 100G"
  },
  {
    "Brand_Product_Size": "Mountain Valley Molasses 450g",
    "WOW Price": 3.5,
    "WOW Size": "450g",
    "WOW ppu": "$0.78 / 100G"
  },
  {
    "Brand_Product_Size": "Oz Guard Hand Sanitiser 60mL",
    "WOW Price": 4,
    "WOW Size": "60mL",
    "WOW ppu": "$6.67 / 100ML"
  },
  {
    "Brand_Product_Size": "Chevron Alkaline Aa 24 pack",
    "WOW Price": 10,
    "WOW Size": "24 pack",
    "WOW ppu": "$0.42 / 1EA"
  },
  {
    "Brand_Product_Size": "Pantene Pro-v Ultimate 10 Shampoo 900mL",
    "WOW Price": 8.5,
    "WOW Size": "900mL",
    "WOW ppu": "$0.94 / 100ML"
  },
  {
    "Brand_Product_Size": "Maybelline Superstay Matte Ink Liquid Lipstick - Poet 60 each",
    "WOW Price": 11,
    "WOW Size": "each",
    "WOW ppu": "$22.00 / 10ML"
  },
  {
    "Brand_Product_Size": "San Remo Bows Ties Pasta No 23 500g",
    "WOW Price": 2.6,
    "WOW Size": "500g",
    "WOW ppu": "$0.52 / 100G"
  },
  {
    "Brand_Product_Size": "Revlon Colorstay Lipliner Blush 0.28g",
    "WOW Price": 11.5,
    "WOW Size": "0.28g",
    "WOW ppu": "$410.71 / 10G"
  },
  {
    "Brand_Product_Size": "Sunsilk Summer Care Shampoo 350mL",
    "WOW Price": 5.5,
    "WOW Size": "350mL",
    "WOW ppu": "$1.57 / 100ML"
  },
  {
    "Brand_Product_Size": "Nivea Cleansing Lotion Refreshing Normal & Combination Skin 200mL",
    "WOW Price": 7.7,
    "WOW Size": "200mL",
    "WOW ppu": "$3.85 / 100ML"
  },
  {
    "Brand_Product_Size": "Schwarzkopf Extra Care Shampoo Supreme Length 400mL",
    "WOW Price": 4.8,
    "WOW Size": "400mL",
    "WOW ppu": "$1.20 / 100ML"
  },
  {
    "Brand_Product_Size": "Maybelline Fit Me Matte & Poreless Foundation - Ivory 115 30mL",
    "WOW Price": 11,
    "WOW Size": "30mL",
    "WOW ppu": "$3.67 / 10ML"
  },
  {
    "Brand_Product_Size": "Batiste Beautiful Brunette Dry Shampoo Plus 350mL",
    "WOW Price": 17.5,
    "WOW Size": "350mL",
    "WOW ppu": "$5.00 / 100ML"
  },
  {
    "Brand_Product_Size": "Breaka Chocolate Milk 6x250mL",
    "WOW Price": 5.7,
    "WOW Size": "6x250mL",
    "WOW ppu": "$3.80 / 1L"
  },
  {
    "Brand_Product_Size": "Breaka Chocolate Milk 6x250mL",
    "WOW Price": 5.7,
    "WOW Size": "6x250mL",
    "WOW ppu": "$3.80 / 1L"
  },
  {
    "Brand_Product_Size": "Moccona Freeze Dried Instant Coffee French Style 200g",
    "WOW Price": 13,
    "WOW Size": "200g",
    "WOW ppu": "$6.50 / 100G"
  },
  {
    "Brand_Product_Size": "Moccona Freeze Dried Instant Coffee French Style 200g",
    "WOW Price": 13,
    "WOW Size": "200g",
    "WOW ppu": "$6.50 / 100G"
  },
  {
    "Brand_Product_Size": "Bonds Zippy Wondersuit Size 0 each",
    "WOW Price": 14.4,
    "WOW Size": "each",
    "WOW ppu": ""
  },
  {
    "Brand_Product_Size": "Green's Scroll Mix Tomato & Olive Mix 500g",
    "WOW Price": 4,
    "WOW Size": "500g",
    "WOW ppu": "$8.00 / 1KG"
  },
  {
    "Brand_Product_Size": "Bonds Womens Socks Logo Low Cut Size 8-11 3 pack",
    "WOW Price": 15,
    "WOW Size": "3 pack",
    "WOW ppu": "$5.00 / 1EA"
  },
  {
    "Brand_Product_Size": "Pioneer Poultry Honey Smoked Chicken Breast Fillets 325g",
    "WOW Price": 10,
    "WOW Size": "325g",
    "WOW ppu": "$30.77 / 1KG"
  },
  {
    "Brand_Product_Size": "Smith's Oven Baked Chips Multipack Sea Salt 26g x5 pack",
    "WOW Price": 4.65,
    "WOW Size": "26g x5 pack",
    "WOW ppu": "$3.58 / 100G"
  },
  {
    "Brand_Product_Size": "Woolworths Pink Himalayan Salt Grinder 110g",
    "WOW Price": 2.6,
    "WOW Size": "110g",
    "WOW ppu": "$0.24 / 10G"
  },
  {
    "Brand_Product_Size": "Sard Wonder Ultra Whitening Stain Remover 1kg",
    "WOW Price": 5,
    "WOW Size": "1kg",
    "WOW ppu": "$5.00 / 1KG"
  },
  {
    "Brand_Product_Size": "Bulla Icy Pops Lemonade Raspberry & Cola 10 pack",
    "WOW Price": 3.6,
    "WOW Size": "10 pack",
    "WOW ppu": "$0.51 / 100ML"
  },
  {
    "Brand_Product_Size": "Country Chef Pear & Raspberry Loaf Slices 5 pack",
    "WOW Price": 4.5,
    "WOW Size": "5 pack",
    "WOW ppu": "$0.90 / 100G"
  },
  {
    "Brand_Product_Size": "Campbell's Chunky Canned Soup Roast Chicken & Vegetable 505g",
    "WOW Price": 1.75,
    "WOW Size": "505g",
    "WOW ppu": "$0.35 / 100G"
  },
  {
    "Brand_Product_Size": "La Zuppa Mexican Bean & Rice Pouch 540g",
    "WOW Price": 4.4,
    "WOW Size": "540g",
    "WOW ppu": "$0.81 / 100G"
  },
  {
    "Brand_Product_Size": "Maggi Fusian Noodle Malaysian Laksa 5pack 345g",
    "WOW Price": 3.95,
    "WOW Size": "345g",
    "WOW ppu": "$1.14 / 100G"
  },
  {
    "Brand_Product_Size": "Garnier Nutrisse Hair Colour 9.13 Natural Light Blonde each",
    "WOW Price": 7.46,
    "WOW Size": "each",
    "WOW ppu": ""
  },
  {
    "Brand_Product_Size": "Bickford's Cranberry Juice Drink 1L",
    "WOW Price": 5.35,
    "WOW Size": "1L",
    "WOW ppu": "$5.35 / 1L"
  },
  {
    "Brand_Product_Size": "Bell Farms Snap Frozen Broccoli Florets 500g",
    "WOW Price": 2.5,
    "WOW Size": "500g",
    "WOW ppu": "$5.00 / 1KG"
  },
  {
    "Brand_Product_Size": "Weight Watchers Classic Beef Bolognese 320g",
    "WOW Price": 4,
    "WOW Size": "320g",
    "WOW ppu": "$1.25 / 100G"
  },
  {
    "Brand_Product_Size": "Oak Flavoured Milk Chocolate 500mL",
    "WOW Price": 2.5,
    "WOW Size": "500mL",
    "WOW ppu": "$5.00 / 1L"
  },
  {
    "Brand_Product_Size": "Amy's Kitchen Mexican Burrito Cheddar & Rice 156g",
    "WOW Price": 4.9,
    "WOW Size": "156g",
    "WOW ppu": "$3.14 / 100G"
  },
  {
    "Brand_Product_Size": "Red Bull Energy Drink Zero 4x250mL",
    "WOW Price": 7.5,
    "WOW Size": "4x250mL",
    "WOW ppu": "$7.50 / 1L"
  },
  {
    "Brand_Product_Size": "Heilala Baking Blend Vanilla Bean Paste 65g",
    "WOW Price": 8,
    "WOW Size": "65g",
    "WOW ppu": "$12.31 / 100G"
  },
  {
    "Brand_Product_Size": "Nuttvia Hazelnut Spread 350g",
    "WOW Price": 6,
    "WOW Size": "350g",
    "WOW ppu": "$1.71 / 100G"
  },
  {
    "Brand_Product_Size": "Ayam Coconut Cream Light 270mL",
    "WOW Price": 2.6,
    "WOW Size": "270mL",
    "WOW ppu": "$0.96 / 100ML"
  },
  {
    "Brand_Product_Size": "Balnea Uplifting Pomegranate & Mango Extract Bar Soap 5 pack",
    "WOW Price": 2.2,
    "WOW Size": "5 pack",
    "WOW ppu": "$0.44 / 1EA"
  },
  {
    "Brand_Product_Size": "Pyrex 500ml Round Storage Bowl each",
    "WOW Price": 10,
    "WOW Size": "each",
    "WOW ppu": ""
  },
  {
    "Brand_Product_Size": "Kellogg's Crunchy Nut Cornflakes Breakfast Cereal 670g",
    "WOW Price": 8.5,
    "WOW Size": "670g",
    "WOW ppu": "$1.27 / 100G"
  },
  {
    "Brand_Product_Size": "Jacobs Snacks Original Twiglets 45g",
    "WOW Price": 2.15,
    "WOW Size": "45g",
    "WOW ppu": "$4.78 / 100G"
  },
  {
    "Brand_Product_Size": "I Pastai Vegan Ravioli 300g",
    "WOW Price": 7.5,
    "WOW Size": "300g",
    "WOW ppu": "$2.50 / 100G"
  },
  {
    "Brand_Product_Size": "Swisse Kids Immune Pastille Gummies 60 pack",
    "WOW Price": 19,
    "WOW Size": "60 pack",
    "WOW ppu": "$31.67 / 100EA"
  },
  {
    "Brand_Product_Size": "Almond Breeze Barista Blend Blue Diamond 1L",
    "WOW Price": 3,
    "WOW Size": "1L",
    "WOW ppu": "$3.00 / 1L"
  },
  {
    "Brand_Product_Size": "Almond Breeze Barista Blend Blue Diamond 1L",
    "WOW Price": 3,
    "WOW Size": "1L",
    "WOW ppu": "$3.00 / 1L"
  },
  {
    "Brand_Product_Size": "Nicorette Spearmint Gum 2mg 150 pack",
    "WOW Price": 48,
    "WOW Size": "150 pack",
    "WOW ppu": "$32.00 / 100EA"
  },
  {
    "Brand_Product_Size": "Schick Womens Razor Exacta 2 5 pack",
    "WOW Price": 3,
    "WOW Size": "5 pack",
    "WOW ppu": "$0.60 / 1EA"
  },
  {
    "Brand_Product_Size": "Frankie & Friends Small Bird Honey & Fruit Treat 330g",
    "WOW Price": 2.45,
    "WOW Size": "330g",
    "WOW ppu": "$0.74 / 100G"
  },
  {
    "Brand_Product_Size": "Fussy Cat Grain Free Kangaroo & Chicken With Carrots 85g",
    "WOW Price": 1.19,
    "WOW Size": "85g",
    "WOW ppu": "$1.40 / 100G"
  },
  {
    "Brand_Product_Size": "Garnier Pure Active Anti Acne Charcoal 3-in-1 Wash 150mL",
    "WOW Price": 7.8,
    "WOW Size": "150mL",
    "WOW ppu": "$5.20 / 100ML"
  },
  {
    "Brand_Product_Size": "Ovaltine Ovalteenies 135g pack",
    "WOW Price": 4,
    "WOW Size": "135g pack",
    "WOW ppu": "$2.96 / 100G"
  },
  {
    "Brand_Product_Size": "Colgate Peppa Pig Kids Toothbrush Extra Soft 2-5 Years each",
    "WOW Price": 3.5,
    "WOW Size": "each",
    "WOW ppu": "$3.50 / 1EA"
  },
  {
    "Brand_Product_Size": "Glow Lab Lemongrass & Lime Hand Wash Anitbacterial 300mL",
    "WOW Price": 8,
    "WOW Size": "300mL",
    "WOW ppu": "$2.67 / 100ML"
  },
  {
    "Brand_Product_Size": "Scotts Osmocote Plus Organics 800g",
    "WOW Price": 10.5,
    "WOW Size": "800g",
    "WOW ppu": "$1.31 / 100G"
  },
  {
    "Brand_Product_Size": "Well Naturally No Sugar Added Choc Coconut Bar 45g",
    "WOW Price": 2.85,
    "WOW Size": "45g",
    "WOW ppu": "$6.33 / 100G"
  },
  {
    "Brand_Product_Size": "Woolworths Ice Cream Cones Boysenberry 475mL",
    "WOW Price": 3.5,
    "WOW Size": "475mL",
    "WOW ppu": "$0.74 / 100ML"
  },
  {
    "Brand_Product_Size": "Bonds Mens Socks Logo 1/4 Crew Sports Size 11-14 3 pack",
    "WOW Price": 15,
    "WOW Size": "3 pack",
    "WOW ppu": "$5.00 / 1EA"
  },
  {
    "Brand_Product_Size": "John West Rainbow Trout Smoked Fillets In Chilli 115g",
    "WOW Price": 5.3,
    "WOW Size": "115g",
    "WOW ppu": "$46.09 / 1KG"
  },
  {
    "Brand_Product_Size": "Mdh Chunky Chat Mix 100g",
    "WOW Price": 2.5,
    "WOW Size": "100g",
    "WOW ppu": "$2.50 / 100G"
  },
  {
    "Brand_Product_Size": "Parle Glucose Biscuits Snack 376g",
    "WOW Price": 1.5,
    "WOW Size": "376g",
    "WOW ppu": "$0.40 / 100G"
  },
  {
    "Brand_Product_Size": "Western Star Soft 'n' Less Salt Spreadable 500g",
    "WOW Price": 5.5,
    "WOW Size": "500g",
    "WOW ppu": "$1.10 / 100G"
  },
  {
    "Brand_Product_Size": "Woolworths Essentials Underwear Women's Bikini Size 8-10 each",
    "WOW Price": 10,
    "WOW Size": "each",
    "WOW ppu": ""
  },
  {
    "Brand_Product_Size": "Bonds Zip Wondersuit Disney Mickey Pink Size 2 each",
    "WOW Price": 30,
    "WOW Size": "each",
    "WOW ppu": ""
  },
  {
    "Brand_Product_Size": "Woolworths Cook Beef Strips Bulgogi Style 500g",
    "WOW Price": 12,
    "WOW Size": "500g",
    "WOW ppu": "$24.00 / 1KG"
  },
  {
    "Brand_Product_Size": "Maybelline Brow Ultra Slim Eyebrow Pencil - Soft Brown 90mg",
    "WOW Price": 8,
    "WOW Size": "90mg",
    "WOW ppu": "$888.89 / 10G"
  },
  {
    "Brand_Product_Size": "Heinz Top Down Tomato Ketchup 220mL",
    "WOW Price": 1.5,
    "WOW Size": "220mL",
    "WOW ppu": "$0.68 / 100ML"
  },
  {
    "Brand_Product_Size": "Magic Stain Remover 10mL",
    "WOW Price": 5,
    "WOW Size": "10mL",
    "WOW ppu": "$5.00 / 1EA"
  },
  {
    "Brand_Product_Size": "Blue Frog Raspberry, Coconut & Toasted Almond Muesli 350g",
    "WOW Price": 14,
    "WOW Size": "350g",
    "WOW ppu": "$4.00 / 100G"
  },
  {
    "Brand_Product_Size": "Chris' Kalamata Olive Dip 200g",
    "WOW Price": 3.5,
    "WOW Size": "200g",
    "WOW ppu": "$1.75 / 100G"
  },
  {
    "Brand_Product_Size": "Strepfen Intensive Throat Lozenges Honey & Lemon 16 pack",
    "WOW Price": 10,
    "WOW Size": "16 pack",
    "WOW ppu": "$0.63 / 1EA"
  },
  {
    "Brand_Product_Size": "Hart & Soul Supergrain Butter Chicken 250g",
    "WOW Price": 5,
    "WOW Size": "250g",
    "WOW ppu": "$2.00 / 100G"
  },
  {
    "Brand_Product_Size": "Darrell Lea Dark Chocolate Block 170g",
    "WOW Price": 5,
    "WOW Size": "170g",
    "WOW ppu": "$2.94 / 100G"
  },
  {
    "Brand_Product_Size": "Macro Organic Brown Flaxseed Meal 500g",
    "WOW Price": 4,
    "WOW Size": "500g",
    "WOW ppu": "$0.80 / 100G"
  },
  {
    "Brand_Product_Size": "Prime Pantry Kangaroo Jerky Dog Treat 100g",
    "WOW Price": 5,
    "WOW Size": "100g",
    "WOW ppu": "$5.00 / 100G"
  },
  {
    "Brand_Product_Size": "Maybelline City Mini Palette Eye Shadow Rooftop Bronze 4g",
    "WOW Price": 10,
    "WOW Size": "4g",
    "WOW ppu": "$25.00 / 10G"
  },
  {
    "Brand_Product_Size": "Korbond 3d Happy Birthday Cake Banner On Picks Assorted each",
    "WOW Price": 3,
    "WOW Size": "each",
    "WOW ppu": "$3.00 / 1EA"
  },
  {
    "Brand_Product_Size": "Seriously Low Carb Seeded Bread Mix 300g",
    "WOW Price": 7.5,
    "WOW Size": "300g",
    "WOW ppu": "$25.00 / 1KG"
  },
  {
    "Brand_Product_Size": "Danone Activia Yoghurt Mango 4x125g",
    "WOW Price": 4.5,
    "WOW Size": "4x125g",
    "WOW ppu": "$0.90 / 100G"
  },
  {
    "Brand_Product_Size": "Csr Raw Sugar Low Gi Cane 750g",
    "WOW Price": 3.3,
    "WOW Size": "750g",
    "WOW ppu": "$0.44 / 100G"
  },
  {
    "Brand_Product_Size": "South Cape Trilogy Onion Chives & Smoked Cheddar Cheese 140g",
    "WOW Price": 5,
    "WOW Size": "140g",
    "WOW ppu": "$35.71 / 1KG"
  },
  {
    "Brand_Product_Size": "South Cape Trilogy Onion Chives & Smoked Cheddar Cheese 140g",
    "WOW Price": 5,
    "WOW Size": "140g",
    "WOW ppu": "$35.71 / 1KG"
  },
  {
    "Brand_Product_Size": "Woolworths Pork Rashers Medium 350g - 850g",
    "WOW Price": 17,
    "WOW Size": "350g - 850g",
    "WOW ppu": "$20.00 / 1KG"
  },
  {
    "Brand_Product_Size": "Essano Shampoo Nourishing Argan Oil 300mL",
    "WOW Price": 16,
    "WOW Size": "300mL",
    "WOW ppu": "$5.33 / 100ML"
  },
  {
    "Brand_Product_Size": "Queen Jel-it-in Vegetarian Gelling Powder 8x8 64g",
    "WOW Price": 4,
    "WOW Size": "64g",
    "WOW ppu": "$6.25 / 100G"
  },
  {
    "Brand_Product_Size": "Don Salami Hungarian Mild 180g",
    "WOW Price": 6.4,
    "WOW Size": "180g",
    "WOW ppu": "$35.56 / 1KG"
  },
  {
    "Brand_Product_Size": "Go Natural Twisters Snacks Strawberry & Apple 180g",
    "WOW Price": 6.5,
    "WOW Size": "180g",
    "WOW ppu": "$3.61 / 100G"
  },
  {
    "Brand_Product_Size": "Woolworths Corella Pear 750g",
    "WOW Price": 3.9,
    "WOW Size": "750g",
    "WOW ppu": "$5.20 / 1KG"
  },
  {
    "Brand_Product_Size": "Woolworths Corella Pear 750g",
    "WOW Price": 3.9,
    "WOW Size": "750g",
    "WOW ppu": "$5.20 / 1KG"
  },
  {
    "Brand_Product_Size": "Queen's Slipper Favour Playing Cards each",
    "WOW Price": 4.5,
    "WOW Size": "each",
    "WOW ppu": ""
  },
  {
    "Brand_Product_Size": "San Marino Outdoor Bred Leg Ham 100g",
    "WOW Price": 5.5,
    "WOW Size": "100g",
    "WOW ppu": "$55.00 / 1KG"
  },
  {
    "Brand_Product_Size": "Praise Burger Sauce Aioli 250mL",
    "WOW Price": 3,
    "WOW Size": "250mL",
    "WOW ppu": "$1.20 / 100ML"
  },
  {
    "Brand_Product_Size": "Pacific Corned Beef 453g",
    "WOW Price": 6.5,
    "WOW Size": "453g",
    "WOW ppu": "$14.35 / 1KG"
  },
  {
    "Brand_Product_Size": "Zafarelli Bucatini Pasta No 6 500g",
    "WOW Price": 1.2,
    "WOW Size": "500g",
    "WOW ppu": "$0.24 / 100G"
  },
  {
    "Brand_Product_Size": "Tassal Salmon Springwater 95g",
    "WOW Price": 2,
    "WOW Size": "95g",
    "WOW ppu": "$21.05 / 1KG"
  },
  {
    "Brand_Product_Size": "Pandaroo Drinks Coconut Water 310mL",
    "WOW Price": 1.75,
    "WOW Size": "310mL",
    "WOW ppu": "$5.65 / 1L"
  },
  {
    "Brand_Product_Size": "Mrs H.s.ball's Chutney Hot 470g",
    "WOW Price": 5,
    "WOW Size": "470g",
    "WOW ppu": "$10.64 / 1KG"
  },
  {
    "Brand_Product_Size": "Macro Cereal Granules Lecithin 250g",
    "WOW Price": 6,
    "WOW Size": "250g",
    "WOW ppu": "$2.40 / 100G"
  },
  {
    "Brand_Product_Size": "Csr Caster Sugar Raw 750g",
    "WOW Price": 3.3,
    "WOW Size": "750g",
    "WOW ppu": "$0.44 / 100G"
  },
  {
    "Brand_Product_Size": "Mission Street Mini Tacos 10 pack",
    "WOW Price": 4,
    "WOW Size": "10 pack",
    "WOW ppu": "$1.07 / 100G"
  },
  {
    "Brand_Product_Size": "Nutty Bruce Peanut Caramel Butter Bar 50g",
    "WOW Price": 2.4,
    "WOW Size": "50g",
    "WOW ppu": "$4.80 / 100G"
  },
  {
    "Brand_Product_Size": "Mainland Organic Butter 250g",
    "WOW Price": 4.5,
    "WOW Size": "250g",
    "WOW ppu": "$1.80 / 100G"
  },
  {
    "Brand_Product_Size": "Meadowlea Original Spread Original 1kg",
    "WOW Price": 4.5,
    "WOW Size": "1kg",
    "WOW ppu": "$0.45 / 100G"
  },
  {
    "Brand_Product_Size": "Meadowlea Original Spread Original 1kg",
    "WOW Price": 4.5,
    "WOW Size": "1kg",
    "WOW ppu": "$0.45 / 100G"
  },
  {
    "Brand_Product_Size": "Meadowlea Original Spread Original 1kg",
    "WOW Price": 4.5,
    "WOW Size": "1kg",
    "WOW ppu": "$0.45 / 100G"
  },
  {
    "Brand_Product_Size": "Woolworths Freshwater Basa Fillets Thawed per kg",
    "WOW Price": 10,
    "WOW Size": "per kg",
    "WOW ppu": "$10.00 / 1KG"
  },
  {
    "Brand_Product_Size": "Harpic Fresh Power Toilet Cleaner Tropical Blossom 700mL",
    "WOW Price": 2.5,
    "WOW Size": "700mL",
    "WOW ppu": "$0.36 / 100ML"
  },
  {
    "Brand_Product_Size": "Mckenzie's Pepper Black Corns Blended 200g",
    "WOW Price": 5.95,
    "WOW Size": "200g",
    "WOW ppu": "$0.30 / 10G"
  },
  {
    "Brand_Product_Size": "Just Gloves Ultra Sensitive Latex Free Disposable Gloves Medium 100 pack",
    "WOW Price": 17,
    "WOW Size": "100 pack",
    "WOW ppu": "$0.17 / 1EA"
  },
  {
    "Brand_Product_Size": "Huggies Baby Wipes Value Refill Cucumber & Aloe 400 pack",
    "WOW Price": 15,
    "WOW Size": "400 pack",
    "WOW ppu": "$3.75 / 100EA"
  },
  {
    "Brand_Product_Size": "Chux Magic Eraser Kitchen 2 pack",
    "WOW Price": 5.2,
    "WOW Size": "2 pack",
    "WOW ppu": "$2.60 / 1EA"
  },
  {
    "Brand_Product_Size": "Daily Juice Breakfast A C & E Juice 2L",
    "WOW Price": 5,
    "WOW Size": "2L",
    "WOW ppu": "$2.50 / 1L"
  },
  {
    "Brand_Product_Size": "Mirabella Solar Lights Stake 4 pack",
    "WOW Price": 6.4,
    "WOW Size": "4 pack",
    "WOW ppu": ""
  },
  {
    "Brand_Product_Size": "Slim Secrets Craving Crusher Cookies & Cream 40g",
    "WOW Price": 3,
    "WOW Size": "40g",
    "WOW ppu": "$7.50 / 100G"
  },
  {
    "Brand_Product_Size": "Mission Original Tortillas 12 pack",
    "WOW Price": 4.15,
    "WOW Size": "12 pack",
    "WOW ppu": "$0.72 / 100G"
  },
  {
    "Brand_Product_Size": "Deeko Mixed Cutlery Tube 18 pack",
    "WOW Price": 3,
    "WOW Size": "18 pack",
    "WOW ppu": "$3.00 / 1EA"
  },
  {
    "Brand_Product_Size": "Arizona Green Iced Tea 1.5L",
    "WOW Price": 3.4,
    "WOW Size": "1.5L",
    "WOW ppu": "$2.27 / 1L"
  },
  {
    "Brand_Product_Size": "Bell Farms French Fries 1kg",
    "WOW Price": 3,
    "WOW Size": "1kg",
    "WOW ppu": "$3.00 / 1KG"
  },
  {
    "Brand_Product_Size": "Jackson Protected Powerboard With 2x Usb Charging Outlets each",
    "WOW Price": 22,
    "WOW Size": "each",
    "WOW ppu": ""
  },
  {
    "Brand_Product_Size": "Mcobeauty Dual Sharpener each",
    "WOW Price": 4,
    "WOW Size": "each",
    "WOW ppu": "$4.00 / 1EA"
  },
  {
    "Brand_Product_Size": "Duck Toilet Fresh Disc Citrus 36mL",
    "WOW Price": 6,
    "WOW Size": "36mL",
    "WOW ppu": "$16.67 / 100ML"
  },
  {
    "Brand_Product_Size": "Dove Women Antiperspirant Go Fresh Cucumber & Green Tea 250mL",
    "WOW Price": 3.5,
    "WOW Size": "250mL",
    "WOW ppu": "$1.40 / 100ML"
  },
  {
    "Brand_Product_Size": "Mt Elephant Superfood Protein Ball Mix Salted Caramel 250g",
    "WOW Price": 10,
    "WOW Size": "250g",
    "WOW ppu": "$4.00 / 100G"
  },
  {
    "Brand_Product_Size": "Wiltshire Eat Smart Slotted Turner each",
    "WOW Price": 4.5,
    "WOW Size": "each",
    "WOW ppu": ""
  },
  {
    "Brand_Product_Size": "Rimmel Exaggerate Lip Liner Addiction 0.25g each",
    "WOW Price": 6.5,
    "WOW Size": "each",
    "WOW ppu": "$260.00 / 10G"
  },
  {
    "Brand_Product_Size": "Philips Led 470 Lumen Light Bulb Cool Daylight each",
    "WOW Price": 7,
    "WOW Size": "each",
    "WOW ppu": "$7.00 / 1EA"
  },
  {
    "Brand_Product_Size": "Bonds Bloody Comfy Period Bikini Moderate Days Size 8 each",
    "WOW Price": 15,
    "WOW Size": "each",
    "WOW ppu": "$15.00 / 1EA"
  },
  {
    "Brand_Product_Size": "Bonds Zip Romper Girls Size 000 To 2 each",
    "WOW Price": 13.2,
    "WOW Size": "each",
    "WOW ppu": ""
  },
  {
    "Brand_Product_Size": "Sonic B Regal Noise Isolating Wired Earphones each",
    "WOW Price": 14,
    "WOW Size": "each",
    "WOW ppu": ""
  },
  {
    "Brand_Product_Size": "Energizer Micro-usb Premium Steel Cable 1.2 Metre each",
    "WOW Price": 20,
    "WOW Size": "each",
    "WOW ppu": ""
  },
  {
    "Brand_Product_Size": "Vittoria Oro Ground Coffee Oro Gold Cafe Series 250g",
    "WOW Price": 5.4,
    "WOW Size": "250g",
    "WOW ppu": "$2.16 / 100G"
  },
  {
    "Brand_Product_Size": "Vittoria Oro Ground Coffee Oro Gold Cafe Series 250g",
    "WOW Price": 5.4,
    "WOW Size": "250g",
    "WOW ppu": "$2.16 / 100G"
  },
  {
    "Brand_Product_Size": "Bulla Cottage Cheese Original 200g",
    "WOW Price": 3,
    "WOW Size": "200g",
    "WOW ppu": "$15.00 / 1KG"
  },
  {
    "Brand_Product_Size": "Bulla Cottage Cheese Original 200g",
    "WOW Price": 3,
    "WOW Size": "200g",
    "WOW ppu": "$15.00 / 1KG"
  },
  {
    "Brand_Product_Size": "Nuby Teether Bug-a-loop each",
    "WOW Price": 11,
    "WOW Size": "each",
    "WOW ppu": ""
  },
  {
    "Brand_Product_Size": "Danone Yopro Pouch Banana Yoghurt 150g",
    "WOW Price": 2.4,
    "WOW Size": "150g",
    "WOW ppu": "$1.60 / 100G"
  },
  {
    "Brand_Product_Size": "Saxbys Ginger Beer 4x375mL",
    "WOW Price": 5.5,
    "WOW Size": "4x375mL",
    "WOW ppu": "$3.67 / 1L"
  },
  {
    "Brand_Product_Size": "Balnea Double Sided Cosmetic Mirror each",
    "WOW Price": 6,
    "WOW Size": "each",
    "WOW ppu": "$6.00 / 1EA"
  },
  {
    "Brand_Product_Size": "Energizer Vision Led Headlight 80 Lumens each",
    "WOW Price": 25,
    "WOW Size": "each",
    "WOW ppu": "$25.00 / 1EA"
  },
  {
    "Brand_Product_Size": "Tresemme Professional Hair Shampoo Moisture Rich 900mL",
    "WOW Price": 7,
    "WOW Size": "900mL",
    "WOW ppu": "$0.78 / 100ML"
  },
  {
    "Brand_Product_Size": "Coon Cheese Slices Tasty 750g",
    "WOW Price": 10,
    "WOW Size": "750g",
    "WOW ppu": "$13.33 / 1KG"
  },
  {
    "Brand_Product_Size": "Coon Cheese Slices Tasty 750g",
    "WOW Price": 10,
    "WOW Size": "750g",
    "WOW ppu": "$13.33 / 1KG"
  },
  {
    "Brand_Product_Size": "The Collective Dairy Free Plant Natural 450g",
    "WOW Price": 5,
    "WOW Size": "450g",
    "WOW ppu": "$1.11 / 100G"
  },
  {
    "Brand_Product_Size": "Nescafe Coffee Sachets Hazelnut 26 pack",
    "WOW Price": 11,
    "WOW Size": "26 pack",
    "WOW ppu": "$0.42 / 1EA"
  },
  {
    "Brand_Product_Size": "Nescafe Coffee Sachets Hazelnut 26 pack",
    "WOW Price": 11,
    "WOW Size": "26 pack",
    "WOW ppu": "$0.42 / 1EA"
  },
  {
    "Brand_Product_Size": "Mcobeauty Highlight & Contour Makeup Blender each",
    "WOW Price": 5,
    "WOW Size": "each",
    "WOW ppu": ""
  },
  {
    "Brand_Product_Size": "Surf Laundry Powder Top & Front Loader Tropical 4kg",
    "WOW Price": 13,
    "WOW Size": "4kg",
    "WOW ppu": "$3.25 / 1KG"
  },
  {
    "Brand_Product_Size": "Lakanto Monkfruit Sweetener Pure Icing Powder 200g",
    "WOW Price": 9.95,
    "WOW Size": "200g",
    "WOW ppu": "$4.98 / 100G"
  },
  {
    "Brand_Product_Size": "Tcc Coconut Cream 400mL",
    "WOW Price": 1.6,
    "WOW Size": "400mL",
    "WOW ppu": "$0.40 / 100G"
  },
  {
    "Brand_Product_Size": "Nivea Cellular Anti-age Day Cream Face Moisturiser Spf15 50mL",
    "WOW Price": 33,
    "WOW Size": "50mL",
    "WOW ppu": "$66.00 / 100ML"
  },
  {
    "Brand_Product_Size": "Napro Palette 7-0 Light Brown each",
    "WOW Price": 7.95,
    "WOW Size": "each",
    "WOW ppu": "$7.95 / 1EA"
  },
  {
    "Brand_Product_Size": "Toscano Raspberry Tartlets 9 pack",
    "WOW Price": 3.5,
    "WOW Size": "9 pack",
    "WOW ppu": "$2.59 / 100G"
  },
  {
    "Brand_Product_Size": "Dove Women Antiperspirant Aerosol Deodorant Original 169mL",
    "WOW Price": 5,
    "WOW Size": "169mL",
    "WOW ppu": "$2.96 / 100ML"
  },
  {
    "Brand_Product_Size": "Woolworths Milk Chocolate Peanuts 190g",
    "WOW Price": 2,
    "WOW Size": "190g",
    "WOW ppu": "$1.05 / 100G"
  },
  {
    "Brand_Product_Size": "Natures Organics Fruits Shampoo Restore Coconut Lime 500mL",
    "WOW Price": 1.9,
    "WOW Size": "500mL",
    "WOW ppu": "$0.38 / 100ML"
  },
  {
    "Brand_Product_Size": "Armada Cling Wrap 33cm x 60m",
    "WOW Price": 3,
    "WOW Size": "33cm x 60m",
    "WOW ppu": "$0.05 / 1M"
  },
  {
    "Brand_Product_Size": "Armada Cling Wrap 33cm x 60m",
    "WOW Price": 3,
    "WOW Size": "33cm x 60m",
    "WOW ppu": "$0.05 / 1M"
  },
  {
    "Brand_Product_Size": "Inspire Basic Fleece Throw each",
    "WOW Price": 6,
    "WOW Size": "each",
    "WOW ppu": ""
  },
  {
    "Brand_Product_Size": "Colgate Max Fresh Breath Toothpaste Cool Mint 190g",
    "WOW Price": 3.5,
    "WOW Size": "190g",
    "WOW ppu": "$1.84 / 100G"
  },
  {
    "Brand_Product_Size": "Red Rock Deli Gourmet Crackers Aged Cheddar & Caramelised Onion 130g",
    "WOW Price": 2.8,
    "WOW Size": "130g",
    "WOW ppu": "$2.15 / 100G"
  },
  {
    "Brand_Product_Size": "Mcobeauty Sophie Monk Pout Gloss Tickle (striptease Shade) 6mL",
    "WOW Price": 6,
    "WOW Size": "6mL",
    "WOW ppu": "$10.00 / 10ML"
  },
  {
    "Brand_Product_Size": "Continental Rice Spinach Ricotta Parmesan 105g",
    "WOW Price": 1.36,
    "WOW Size": "105g",
    "WOW ppu": "$1.30 / 100G"
  },
  {
    "Brand_Product_Size": "Queen Fairtrade Vanilla Extract With Seeds 50mL",
    "WOW Price": 8,
    "WOW Size": "50mL",
    "WOW ppu": "$1.60 / 10ML"
  },
  {
    "Brand_Product_Size": "The Spice Tailor Tandoori Marinade Spicy 170g",
    "WOW Price": 2.5,
    "WOW Size": "170g",
    "WOW ppu": "$1.47 / 100G"
  },
  {
    "Brand_Product_Size": "Clairol Nice N Easy 6rb Natural Chestnut Brown each",
    "WOW Price": 9,
    "WOW Size": "each",
    "WOW ppu": ""
  },
  {
    "Brand_Product_Size": "Welch's Tropical Fruits Fruit Snacks 160g",
    "WOW Price": 5,
    "WOW Size": "160g",
    "WOW ppu": "$3.13 / 100G"
  },
  {
    "Brand_Product_Size": "Aveeno Daily Moisturising Lotion 1L",
    "WOW Price": 26,
    "WOW Size": "1L",
    "WOW ppu": "$2.60 / 100ML"
  },
  {
    "Brand_Product_Size": "Rexona Women Antiperspirant Pump Deodorant Sport 150mL",
    "WOW Price": 7.3,
    "WOW Size": "150mL",
    "WOW ppu": "$4.87 / 100ML"
  },
  {
    "Brand_Product_Size": "Toscano Mini Waffle 200g",
    "WOW Price": 3.5,
    "WOW Size": "200g",
    "WOW ppu": "$1.75 / 100G"
  },
  {
    "Brand_Product_Size": "All Smiles Total Care Interdental Floss Brush 10 pack",
    "WOW Price": 3.75,
    "WOW Size": "10 pack",
    "WOW ppu": "$0.38 / 1EA"
  },
  {
    "Brand_Product_Size": "Nuttelex Buttery Table Spread 500g",
    "WOW Price": 3.5,
    "WOW Size": "500g",
    "WOW ppu": "$0.70 / 100G"
  },
  {
    "Brand_Product_Size": "Nuttelex Buttery Table Spread 500g",
    "WOW Price": 3.5,
    "WOW Size": "500g",
    "WOW ppu": "$0.70 / 100G"
  },
  {
    "Brand_Product_Size": "Mrs Macs Sausage Roll Microwave 175g",
    "WOW Price": 2.5,
    "WOW Size": "175g",
    "WOW ppu": "$1.43 / 100G"
  },
  {
    "Brand_Product_Size": "Bird Munchies Bird Food Gourmet Blend Parrot 1kg",
    "WOW Price": 5.3,
    "WOW Size": "1kg",
    "WOW ppu": "$0.53 / 100G"
  },
  {
    "Brand_Product_Size": "Arnott's Shapes Cheese & Bacon Crackers 180g",
    "WOW Price": 2.5,
    "WOW Size": "180g",
    "WOW ppu": "$1.39 / 100G"
  },
  {
    "Brand_Product_Size": "Valvoline Engine Armour 15w-40 1L",
    "WOW Price": 14.75,
    "WOW Size": "1L",
    "WOW ppu": "$1.48 / 100ML"
  },
  {
    "Brand_Product_Size": "Johnson's Body Care Dreamy Skin Body Wash 1L",
    "WOW Price": 8.5,
    "WOW Size": "1L",
    "WOW ppu": "$0.85 / 100ML"
  },
  {
    "Brand_Product_Size": "All Natural Bakery Bars Slice Oat Almond & Apricot 100g",
    "WOW Price": 2.7,
    "WOW Size": "100g",
    "WOW ppu": "$2.70 / 100G"
  },
  {
    "Brand_Product_Size": "Woolworths Salted Pistachios 250g",
    "WOW Price": 7,
    "WOW Size": "250g",
    "WOW ppu": "$28.00 / 1KG"
  },
  {
    "Brand_Product_Size": "San Remo Fettuccine Pasta 500g",
    "WOW Price": 2.6,
    "WOW Size": "500g",
    "WOW ppu": "$0.52 / 100G"
  },
  {
    "Brand_Product_Size": "Sunkist Zero Sugar 1.25L",
    "WOW Price": 2.35,
    "WOW Size": "1.25L",
    "WOW ppu": "$1.88 / 1L"
  },
  {
    "Brand_Product_Size": "Dettol Antibacterial Floor Cleaning Wipes Lemon And Lime 25 pack",
    "WOW Price": 9,
    "WOW Size": "25 pack",
    "WOW ppu": "$0.36 / 1EA"
  },
  {
    "Brand_Product_Size": "Praise Dressings Thousand Island 330mL",
    "WOW Price": 3,
    "WOW Size": "330mL",
    "WOW ppu": "$0.91 / 100ML"
  },
  {
    "Brand_Product_Size": "Hp Top Down Barbecue Sauce 390mL",
    "WOW Price": 5,
    "WOW Size": "390mL",
    "WOW ppu": "$1.28 / 100ML"
  },
  {
    "Brand_Product_Size": "Tutto Pasta Gluten Free Bolognese Lasagne 350g",
    "WOW Price": 4.4,
    "WOW Size": "350g",
    "WOW ppu": "$1.26 / 100G"
  },
  {
    "Brand_Product_Size": "Woolworths Essentials Can Opener Chrome each",
    "WOW Price": 3,
    "WOW Size": "each",
    "WOW ppu": ""
  },
  {
    "Brand_Product_Size": "Haldiram's Samosa 150g",
    "WOW Price": 2,
    "WOW Size": "150g",
    "WOW ppu": "$1.33 / 100G"
  },
  {
    "Brand_Product_Size": "Spirax Platinum Notebook A5 120pg each",
    "WOW Price": 6,
    "WOW Size": "each",
    "WOW ppu": ""
  },
  {
    "Brand_Product_Size": "Rexona Men Clinical Roll On Sport 50mL",
    "WOW Price": 8,
    "WOW Size": "50mL",
    "WOW ppu": "$16.00 / 100ML"
  },
  {
    "Brand_Product_Size": "Masterfoods Chilli Ground 27g",
    "WOW Price": 2.9,
    "WOW Size": "27g",
    "WOW ppu": "$1.07 / 10G"
  },
  {
    "Brand_Product_Size": "Ben & Jerry's Choc Fudge Brownie Non-dairy Frozen Dessert 458mL",
    "WOW Price": 12,
    "WOW Size": "458mL",
    "WOW ppu": "$2.62 / 100ML"
  },
  {
    "Brand_Product_Size": "Dr. Oetker Designer Icing White 140g",
    "WOW Price": 4,
    "WOW Size": "140g",
    "WOW ppu": "$2.86 / 100G"
  },
  {
    "Brand_Product_Size": "Kez's Kitchen Gluten & Dairy Free Melting Moment Biscuits 190g",
    "WOW Price": 7,
    "WOW Size": "190g",
    "WOW ppu": "$3.68 / 100G"
  },
  {
    "Brand_Product_Size": "Kez's Kitchen Gluten & Dairy Free Melting Moment Biscuits 190g",
    "WOW Price": 7,
    "WOW Size": "190g",
    "WOW ppu": "$3.68 / 100G"
  },
  {
    "Brand_Product_Size": "Biore Deep Cleansing Charcoal Pore Strip 6 pack",
    "WOW Price": 4.5,
    "WOW Size": "6 pack",
    "WOW ppu": "$0.75 / 1EA"
  },
  {
    "Brand_Product_Size": "White Wings Brownie Mix Chocolate Chunk 475g",
    "WOW Price": 3,
    "WOW Size": "475g",
    "WOW ppu": "$0.63 / 100G"
  },
  {
    "Brand_Product_Size": "Colgate Zigzag Deep Interdental Clean Toothbrush Medium 6 pack",
    "WOW Price": 10,
    "WOW Size": "6 pack",
    "WOW ppu": "$1.67 / 1EA"
  },
  {
    "Brand_Product_Size": "Ayam Coconut Milk Powder 150g",
    "WOW Price": 3.5,
    "WOW Size": "150g",
    "WOW ppu": "$2.33 / 100G"
  },
  {
    "Brand_Product_Size": "Bulla Murray Street Blackberry Swirl & Cookie Pieces 4 pack",
    "WOW Price": 5,
    "WOW Size": "4 pack",
    "WOW ppu": "$1.25 / 100ML"
  },
  {
    "Brand_Product_Size": "Cenovis Echinacea, Garlic, Zinc + C Tablets 125 pack",
    "WOW Price": 18.2,
    "WOW Size": "125 pack",
    "WOW ppu": "$14.56 / 100EA"
  },
  {
    "Brand_Product_Size": "Woolworths Uht Skim Milk 1L",
    "WOW Price": 1.25,
    "WOW Size": "1L",
    "WOW ppu": "$1.25 / 1L"
  },
  {
    "Brand_Product_Size": "Woolworths Uht Skim Milk 1L",
    "WOW Price": 1.25,
    "WOW Size": "1L",
    "WOW ppu": "$1.25 / 1L"
  },
  {
    "Brand_Product_Size": "Tefal Cook Right Frypan Black 28cm each",
    "WOW Price": 25.6,
    "WOW Size": "28cm each",
    "WOW ppu": ""
  },
  {
    "Brand_Product_Size": "Quest Bar Choc Chip Cookie Dough 60g",
    "WOW Price": 4,
    "WOW Size": "60g",
    "WOW ppu": "$6.67 / 100G"
  },
  {
    "Brand_Product_Size": "Sukin Signature Botanical Body Wash 500mL",
    "WOW Price": 8,
    "WOW Size": "500mL",
    "WOW ppu": "$1.60 / 100ML"
  },
  {
    "Brand_Product_Size": "Clairol Nice N Easy 6 Natural Light Brown each",
    "WOW Price": 9,
    "WOW Size": "each",
    "WOW ppu": ""
  },
  {
    "Brand_Product_Size": "Samyang Ramen Hot Chicken Original 5 pack",
    "WOW Price": 8,
    "WOW Size": "5 pack",
    "WOW ppu": "$1.14 / 100G"
  },
  {
    "Brand_Product_Size": "Jamie Oliver Fish Cakes Pollock 4 pack",
    "WOW Price": 5,
    "WOW Size": "4 pack",
    "WOW ppu": "$25.00 / 1KG"
  },
  {
    "Brand_Product_Size": "Trill Small Parrot Mix 1.8kg",
    "WOW Price": 6,
    "WOW Size": "1.8kg",
    "WOW ppu": "$0.33 / 100G"
  },
  {
    "Brand_Product_Size": "Clairol Root Touch Up Spray Dark Brown 100mL",
    "WOW Price": 15,
    "WOW Size": "100mL",
    "WOW ppu": "$150.00 / 1000ML"
  },
  {
    "Brand_Product_Size": "Haven Coastal Jasmine Soy Blend Candle In Tribal Pot each",
    "WOW Price": 15,
    "WOW Size": "each",
    "WOW ppu": ""
  },
  {
    "Brand_Product_Size": "Aerogard Insect Repellent Tropical Strength 20% Free 300g",
    "WOW Price": 10,
    "WOW Size": "300g",
    "WOW ppu": "$3.33 / 100G"
  },
  {
    "Brand_Product_Size": "Woolworths Qukes Baby Cucumbers Punnet 250g",
    "WOW Price": 4,
    "WOW Size": "250g",
    "WOW ppu": "$16.00 / 1KG"
  },
  {
    "Brand_Product_Size": "Woolworths Qukes Baby Cucumbers Punnet 250g",
    "WOW Price": 4,
    "WOW Size": "250g",
    "WOW ppu": "$16.00 / 1KG"
  },
  {
    "Brand_Product_Size": "Dove Nourishing Body Wash Glowing Mango & Almond Butter 1L",
    "WOW Price": 6.85,
    "WOW Size": "1L",
    "WOW ppu": "$0.69 / 100ML"
  },
  {
    "Brand_Product_Size": "Fluffy Fabric Softener Divine Blends Vanilla & Coconut 1.9L",
    "WOW Price": 13,
    "WOW Size": "1.9L",
    "WOW ppu": "$6.84 / 1L"
  },
  {
    "Brand_Product_Size": "Woolworths Almonds Natural 450g",
    "WOW Price": 7.7,
    "WOW Size": "450g",
    "WOW ppu": "$17.11 / 1KG"
  },
  {
    "Brand_Product_Size": "Tostitos Tortilla Corn Chips Lightly Salted Cantina Style 175g",
    "WOW Price": 4.2,
    "WOW Size": "175g",
    "WOW ppu": "$2.40 / 100G"
  },
  {
    "Brand_Product_Size": "Herbal Essences Hydrate Coconut Milk Conditioner 400mL",
    "WOW Price": 6,
    "WOW Size": "400mL",
    "WOW ppu": "$1.50 / 100ML"
  },
  {
    "Brand_Product_Size": "L'or Espresso Colombia Intensity 8 Coffee Capsules 10 pack",
    "WOW Price": 6,
    "WOW Size": "10 pack",
    "WOW ppu": "$0.60 / 1EA"
  },
  {
    "Brand_Product_Size": "L'or Espresso Colombia Intensity 8 Coffee Capsules 10 pack",
    "WOW Price": 6,
    "WOW Size": "10 pack",
    "WOW ppu": "$0.60 / 1EA"
  },
  {
    "Brand_Product_Size": "Revlon Volumazing Mascara Blackest Black 9mL",
    "WOW Price": 10,
    "WOW Size": "9mL",
    "WOW ppu": "$11.11 / 10ML"
  },
  {
    "Brand_Product_Size": "Metamucil Daily Fibre Supplement Orange Smooth 30 pack",
    "WOW Price": 10,
    "WOW Size": "30 pack",
    "WOW ppu": "$0.33 / 1EA"
  },
  {
    "Brand_Product_Size": "Durex Fetherlite Ultra Thin Feel Condoms 30 pack",
    "WOW Price": 15,
    "WOW Size": "30 pack",
    "WOW ppu": "$0.50 / 1EA"
  },
  {
    "Brand_Product_Size": "Oral-b Vitality Plus Floss Action Power Toothbrush each",
    "WOW Price": 45,
    "WOW Size": "each",
    "WOW ppu": "$45.00 / 1EA"
  },
  {
    "Brand_Product_Size": "Blackmores Superkids Immune Gummies 60 pack",
    "WOW Price": 10,
    "WOW Size": "60 pack",
    "WOW ppu": "$16.67 / 100EA"
  },
  {
    "Brand_Product_Size": "Latina Fresh Italian Tomato With Onion & Garlic Pasta Sauce 700g",
    "WOW Price": 6.5,
    "WOW Size": "700g",
    "WOW ppu": "$0.93 / 100G"
  },
  {
    "Brand_Product_Size": "Madura Green Leaf Tea Organic 150g",
    "WOW Price": 5.95,
    "WOW Size": "150g",
    "WOW ppu": "$3.97 / 100G"
  },
  {
    "Brand_Product_Size": "Madura Green Leaf Tea Organic 150g",
    "WOW Price": 5.95,
    "WOW Size": "150g",
    "WOW ppu": "$3.97 / 100G"
  },
  {
    "Brand_Product_Size": "Body Science High Protein Bar Low Carb Salted Caramel 60g",
    "WOW Price": 4,
    "WOW Size": "60g",
    "WOW ppu": "$6.67 / 100G"
  },
  {
    "Brand_Product_Size": "Woolworths Party Pies 24 pack",
    "WOW Price": 6.2,
    "WOW Size": "24 pack",
    "WOW ppu": "$0.55 / 100G"
  },
  {
    "Brand_Product_Size": "Bickford's Sugar Free Mixed Berry Flavoured Cordial 750mL",
    "WOW Price": 4,
    "WOW Size": "750mL",
    "WOW ppu": "$5.33 / 1L"
  },
  {
    "Brand_Product_Size": "Vevelle Titan Paper Towels White 3 Ply 240 Sheets 4 pack",
    "WOW Price": 4,
    "WOW Size": "4 pack",
    "WOW ppu": "$1.67 / 100SS"
  },
  {
    "Brand_Product_Size": "Table Of Plenty Mini Rice Cakes Dark Chocolate 6 pack",
    "WOW Price": 5.5,
    "WOW Size": "6 pack",
    "WOW ppu": "$6.55 / 100G"
  },
  {
    "Brand_Product_Size": "Table Of Plenty Mini Rice Cakes Dark Chocolate 6 pack",
    "WOW Price": 5.5,
    "WOW Size": "6 pack",
    "WOW ppu": "$6.55 / 100G"
  },
  {
    "Brand_Product_Size": "Air Wick Pure Beach Escapes Bondi Breeze Reed Diffuser 25mL",
    "WOW Price": 9.6,
    "WOW Size": "25mL",
    "WOW ppu": "$3.84 / 10ML"
  },
  {
    "Brand_Product_Size": "Schweppes Agrum Blood Orange Blood Orange 1.1L",
    "WOW Price": 1.25,
    "WOW Size": "1.1L",
    "WOW ppu": "$1.14 / 1L"
  },
  {
    "Brand_Product_Size": "Garnier Fructis Hair Food Nourishing Banana 390mL",
    "WOW Price": 7.2,
    "WOW Size": "390mL",
    "WOW ppu": "$1.85 / 100ML"
  },
  {
    "Brand_Product_Size": "Abe's Bagel Bakery Multigrain Bagels 360g 4 pack",
    "WOW Price": 5,
    "WOW Size": "360g 4 pack",
    "WOW ppu": "$1.25 / 1EA"
  },
  {
    "Brand_Product_Size": "Mrs H.s.ball's Chutney Peach 470g",
    "WOW Price": 5,
    "WOW Size": "470g",
    "WOW ppu": "$10.64 / 1KG"
  },
  {
    "Brand_Product_Size": "Woolworths Raspberry & White Choc Loaded Muffins 4 pack",
    "WOW Price": 6.5,
    "WOW Size": "4 pack",
    "WOW ppu": "$1.63 / 1EA"
  },
  {
    "Brand_Product_Size": "Fussy Cat Mince & Morsels Wet Cat Food 80g x24 pack",
    "WOW Price": 19.5,
    "WOW Size": "80g x24 pack",
    "WOW ppu": "$2.03 / 100G"
  },
  {
    "Brand_Product_Size": "Frankie & Friends Wild Bird Block 1.4kg",
    "WOW Price": 7.4,
    "WOW Size": "1.4kg",
    "WOW ppu": "$0.53 / 100G"
  },
  {
    "Brand_Product_Size": "Dine Slices With Succulent Chicken Wet Cat Food Tray 85g",
    "WOW Price": 0.8,
    "WOW Size": "85g",
    "WOW ppu": "$0.94 / 100G"
  },
  {
    "Brand_Product_Size": "Shelby's Almonds With Dark Chocolate & Raspberry 40g",
    "WOW Price": 3,
    "WOW Size": "40g",
    "WOW ppu": "$7.50 / 100G"
  },
  {
    "Brand_Product_Size": "Don Cocktail Frankfurts From The Deli per kg",
    "WOW Price": 7,
    "WOW Size": "per kg",
    "WOW ppu": "$7.00 / 1KG"
  },
  {
    "Brand_Product_Size": "Decor Glass Vent & Seal Leak Proof Oblong 600mL",
    "WOW Price": 9,
    "WOW Size": "600mL",
    "WOW ppu": ""
  },
  {
    "Brand_Product_Size": "Balnea Wild Cherry & Raspberry Body Wash 500mL",
    "WOW Price": 2.2,
    "WOW Size": "500mL",
    "WOW ppu": "$0.44 / 100ML"
  },
  {
    "Brand_Product_Size": "Cobs Popcorn Cheddar Cheese Gluten Free 100g",
    "WOW Price": 2.85,
    "WOW Size": "100g",
    "WOW ppu": "$2.85 / 100G"
  },
  {
    "Brand_Product_Size": "Niulife Cocomino Vegan Fysh Sauce 250mL",
    "WOW Price": 7,
    "WOW Size": "250mL",
    "WOW ppu": "$2.80 / 100ML"
  },
  {
    "Brand_Product_Size": "Maybelline Instant Age Rewind Concealer - Light 6mL",
    "WOW Price": 10,
    "WOW Size": "6mL",
    "WOW ppu": "$16.67 / 10ML"
  },
  {
    "Brand_Product_Size": "Continental Cup A Soup Tasty Tomato 54g",
    "WOW Price": 1.05,
    "WOW Size": "54g",
    "WOW ppu": "$1.94 / 100G"
  },
  {
    "Brand_Product_Size": "Pauls Smarter White Milk 2L",
    "WOW Price": 3.5,
    "WOW Size": "2L",
    "WOW ppu": "$1.75 / 1L"
  },
  {
    "Brand_Product_Size": "Mint Non-stick Coating Mini Muffin Pan 24 Cups each",
    "WOW Price": 6.4,
    "WOW Size": "each",
    "WOW ppu": ""
  },
  {
    "Brand_Product_Size": "Sunrice Super Grains Gluten Free Active Blend Cup 250g",
    "WOW Price": 3,
    "WOW Size": "250g",
    "WOW ppu": "$1.20 / 100G"
  },
  {
    "Brand_Product_Size": "Uncle Tobys Cereal Vita Brits 1kg",
    "WOW Price": 5,
    "WOW Size": "1kg",
    "WOW ppu": "$0.50 / 100G"
  },
  {
    "Brand_Product_Size": "President Comte 220g",
    "WOW Price": 11.6,
    "WOW Size": "220g",
    "WOW ppu": "$52.73 / 1KG"
  },
  {
    "Brand_Product_Size": "President Comte 220g",
    "WOW Price": 11.6,
    "WOW Size": "220g",
    "WOW ppu": "$52.73 / 1KG"
  },
  {
    "Brand_Product_Size": "Made With Plants Shredded Mozzarella Dairy Free 200g",
    "WOW Price": 5,
    "WOW Size": "200g",
    "WOW ppu": "$25.00 / 1KG"
  },
  {
    "Brand_Product_Size": "Belvita Milk & Cereal Breakfast Biscuits 300g",
    "WOW Price": 3,
    "WOW Size": "300g",
    "WOW ppu": "$1.00 / 100G"
  },
  {
    "Brand_Product_Size": "Belvita Milk & Cereal Breakfast Biscuits 300g",
    "WOW Price": 3,
    "WOW Size": "300g",
    "WOW ppu": "$1.00 / 100G"
  },
  {
    "Brand_Product_Size": "Glow Lab Rhubarb & Rose Body Wash 900mL",
    "WOW Price": 15,
    "WOW Size": "900mL",
    "WOW ppu": "$1.67 / 100ML"
  },
  {
    "Brand_Product_Size": "Yumi's Red Capsicum & Roasted Cashews Dip 3x65g",
    "WOW Price": 4,
    "WOW Size": "3x65g",
    "WOW ppu": "$2.05 / 100G"
  },
  {
    "Brand_Product_Size": "Waxworks Citronella Natural Mozzie Repellent Terrazzo Tin each",
    "WOW Price": 11,
    "WOW Size": "each",
    "WOW ppu": "$11.00 / 1EA"
  },
  {
    "Brand_Product_Size": "Mccain Beer Batter Steakhouse Chips 750g",
    "WOW Price": 3,
    "WOW Size": "750g",
    "WOW ppu": "$4.00 / 1KG"
  },
  {
    "Brand_Product_Size": "Sharpie Markers Metallic 3 pack",
    "WOW Price": 6,
    "WOW Size": "3 pack",
    "WOW ppu": ""
  },
  {
    "Brand_Product_Size": "Woolworths Green Olives With Chilli & Garlic 110g",
    "WOW Price": 3.5,
    "WOW Size": "110g",
    "WOW ppu": "$3.18 / 100G"
  },
  {
    "Brand_Product_Size": "Mckenzie's Oat Flour 250g",
    "WOW Price": 2.95,
    "WOW Size": "250g",
    "WOW ppu": "$11.80 / 1KG"
  },
  {
    "Brand_Product_Size": "Gatorade Sports Drink Watermelon 600mL",
    "WOW Price": 2.15,
    "WOW Size": "600mL",
    "WOW ppu": "$3.58 / 1L"
  },
  {
    "Brand_Product_Size": "Infuzions Veggie Straws Sour Cream & Herb Flavour 100g",
    "WOW Price": 2,
    "WOW Size": "100g",
    "WOW ppu": "$2.00 / 100G"
  },
  {
    "Brand_Product_Size": "Rimmel Powder Pressed Transparent 14g",
    "WOW Price": 6,
    "WOW Size": "14g",
    "WOW ppu": "$4.29 / 10G"
  },
  {
    "Brand_Product_Size": "Garlo's Beef & Mushroom Pie 200g",
    "WOW Price": 4.5,
    "WOW Size": "200g",
    "WOW ppu": "$2.25 / 100G"
  },
  {
    "Brand_Product_Size": "Bushells Turkish Coffee 250g",
    "WOW Price": 6.5,
    "WOW Size": "250g",
    "WOW ppu": "$2.60 / 100G"
  },
  {
    "Brand_Product_Size": "Bushells Turkish Coffee 250g",
    "WOW Price": 6.5,
    "WOW Size": "250g",
    "WOW ppu": "$2.60 / 100G"
  },
  {
    "Brand_Product_Size": "Arizona Ice Tea With Peach 500mL",
    "WOW Price": 2,
    "WOW Size": "500mL",
    "WOW ppu": "$4.00 / 1L"
  },
  {
    "Brand_Product_Size": "Woolworths Mexican Style Tuna Salad 185g",
    "WOW Price": 3,
    "WOW Size": "185g",
    "WOW ppu": "$16.22 / 1KG"
  },
  {
    "Brand_Product_Size": "Woolworths Beanette Pre Pack 400g punnet",
    "WOW Price": 4.9,
    "WOW Size": "400g punnet",
    "WOW ppu": "$12.25 / 1KG"
  },
  {
    "Brand_Product_Size": "Yankee Candle Home Inspiration Stony Cove Reed Diffuser 88mL",
    "WOW Price": 20,
    "WOW Size": "88mL",
    "WOW ppu": ""
  },
  {
    "Brand_Product_Size": "Armada Unicorn Paper Plates 10 pack",
    "WOW Price": 2,
    "WOW Size": "10 pack",
    "WOW ppu": ""
  },
  {
    "Brand_Product_Size": "Woolworths Beef Rump Steak Medium 270g - 750g",
    "WOW Price": 21.38,
    "WOW Size": "270g - 750g",
    "WOW ppu": "$28.50 / 1KG"
  },
  {
    "Brand_Product_Size": "Carefree Procomfort Tampons Super 32 pack",
    "WOW Price": 6.35,
    "WOW Size": "32 pack",
    "WOW ppu": "$0.20 / 1EA"
  },
  {
    "Brand_Product_Size": "Heinz Soup Of The Day Pouch Thai Chicken Chilli And Lime 430g",
    "WOW Price": 3,
    "WOW Size": "430g",
    "WOW ppu": "$0.70 / 100G"
  },
  {
    "Brand_Product_Size": "Plantry Plant Based Food Lasagne 350g",
    "WOW Price": 8,
    "WOW Size": "350g",
    "WOW ppu": "$2.29 / 100G"
  },
  {
    "Brand_Product_Size": "Maybelline Master Chrome Metallic Powder Highlighter - Molten Gold 6.7g",
    "WOW Price": 10,
    "WOW Size": "6.7g",
    "WOW ppu": "$14.93 / 10G"
  },
  {
    "Brand_Product_Size": "Continental Cup A Soup Italian Minestrone 52g",
    "WOW Price": 2,
    "WOW Size": "52g",
    "WOW ppu": "$3.85 / 100G"
  },
  {
    "Brand_Product_Size": "Woolworths Ice Cream Cookies & Cream 1L tub",
    "WOW Price": 5,
    "WOW Size": "1L tub",
    "WOW ppu": "$0.50 / 100ML"
  },
  {
    "Brand_Product_Size": "Bonds Instatan Sheer Stockings Slim Tight Medium Brown Large each",
    "WOW Price": 8,
    "WOW Size": "each",
    "WOW ppu": ""
  },
  {
    "Brand_Product_Size": "My Dog Lamb With Vegetables & Toppings Wet Dog Food Tray 100g",
    "WOW Price": 1,
    "WOW Size": "100g",
    "WOW ppu": "$1.00 / 100G"
  },
  {
    "Brand_Product_Size": "Paperclick Whiteboard Markers Black 2 pack",
    "WOW Price": 3,
    "WOW Size": "2 pack",
    "WOW ppu": ""
  },
  {
    "Brand_Product_Size": "Herbal Essences Sulfate Free Potent Aloe & Mango Conditioner 350mL",
    "WOW Price": 10,
    "WOW Size": "350mL",
    "WOW ppu": "$2.86 / 100ML"
  },
  {
    "Brand_Product_Size": "Aroma Essentials Diffuser French Pear 150mL",
    "WOW Price": 13,
    "WOW Size": "150mL",
    "WOW ppu": "$0.87 / 10ML"
  },
  {
    "Brand_Product_Size": "Lindt Excellence Rich Dark Chocolate 78% Cocoa 100g bLock",
    "WOW Price": 2.7,
    "WOW Size": "100g bLock",
    "WOW ppu": "$2.70 / 100G"
  },
  {
    "Brand_Product_Size": "Sanpellegrino Sparkling Mineral Water 1L",
    "WOW Price": 3.25,
    "WOW Size": "1L",
    "WOW ppu": "$3.25 / 1L"
  },
  {
    "Brand_Product_Size": "The Natural Confectionery Co. Party Mix Lollies 520g",
    "WOW Price": 5,
    "WOW Size": "520g",
    "WOW ppu": "$0.96 / 100G"
  },
  {
    "Brand_Product_Size": "La Molisana Pastificio Extra Di Lusso Egg Tagliatelle 250g",
    "WOW Price": 3,
    "WOW Size": "250g",
    "WOW ppu": "$1.20 / 100G"
  },
  {
    "Brand_Product_Size": "Sellotape Tape Gift Dispenser each",
    "WOW Price": 4,
    "WOW Size": "each",
    "WOW ppu": ""
  },
  {
    "Brand_Product_Size": "Ogx Extra Strength Argan Oil Morocco Hair Mask 168g",
    "WOW Price": 21,
    "WOW Size": "168g",
    "WOW ppu": "$12.50 / 100G"
  },
  {
    "Brand_Product_Size": "Erawan Rice Noodles Stick Pad Thai 200g",
    "WOW Price": 1.2,
    "WOW Size": "200g",
    "WOW ppu": "$0.60 / 100G"
  },
  {
    "Brand_Product_Size": "Sanitarium Weet-bix Bites Wild Berry Breakfast Cereal 500g",
    "WOW Price": 4,
    "WOW Size": "500g",
    "WOW ppu": "$0.80 / 100G"
  },
  {
    "Brand_Product_Size": "Woolworths Smokey Biltong 45g",
    "WOW Price": 3.5,
    "WOW Size": "45g",
    "WOW ppu": "$77.78 / 1KG"
  },
  {
    "Brand_Product_Size": "Streets Blue Ribbon Ice Cream Vanilla 2L",
    "WOW Price": 4.9,
    "WOW Size": "2L",
    "WOW ppu": "$0.25 / 100ML"
  },
  {
    "Brand_Product_Size": "Gourmet Delight Fish Selection 80g x12 pack",
    "WOW Price": 10,
    "WOW Size": "80g x12 pack",
    "WOW ppu": "$1.04 / 100G"
  },
  {
    "Brand_Product_Size": "Woolworths Essentials Nylon Turner each",
    "WOW Price": 2,
    "WOW Size": "each",
    "WOW ppu": ""
  },
  {
    "Brand_Product_Size": "Masterfoods Tomato Sauce 2L",
    "WOW Price": 7,
    "WOW Size": "2L",
    "WOW ppu": "$0.35 / 100ML"
  },
  {
    "Brand_Product_Size": "Lifesavers Fruit Tingles 34g",
    "WOW Price": 0.9,
    "WOW Size": "34g",
    "WOW ppu": "$2.65 / 100G"
  },
  {
    "Brand_Product_Size": "Yumi's Creamed Spinach Dip 200g",
    "WOW Price": 4,
    "WOW Size": "200g",
    "WOW ppu": "$2.00 / 100G"
  },
  {
    "Brand_Product_Size": "On The Menu Beef Lasagne 1kg",
    "WOW Price": 6,
    "WOW Size": "1kg",
    "WOW ppu": "$0.60 / 100G"
  },
  {
    "Brand_Product_Size": "Woolworths Ground Coffee Espresso 250g",
    "WOW Price": 4.5,
    "WOW Size": "250g",
    "WOW ppu": "$1.80 / 100G"
  },
  {
    "Brand_Product_Size": "Woolworths Ground Coffee Espresso 250g",
    "WOW Price": 4.5,
    "WOW Size": "250g",
    "WOW ppu": "$1.80 / 100G"
  },
  {
    "Brand_Product_Size": "Finish Quantum Ultimate Dishwasher Tablets Lemon 80 pack",
    "WOW Price": 32,
    "WOW Size": "80 pack",
    "WOW ppu": "$0.40 / 1EA"
  },
  {
    "Brand_Product_Size": "Kellogg's Lcms Froot Loops Snack Bars 12 pack",
    "WOW Price": 7,
    "WOW Size": "12 pack",
    "WOW ppu": "$2.92 / 100G"
  },
  {
    "Brand_Product_Size": "Swisse Argan Revitalising Eye Cream 15mL",
    "WOW Price": 8.5,
    "WOW Size": "15mL",
    "WOW ppu": "$56.67 / 100ML"
  },
  {
    "Brand_Product_Size": "V8 Power Blend Golden Glow 1.25L",
    "WOW Price": 3.5,
    "WOW Size": "1.25L",
    "WOW ppu": "$2.80 / 1L"
  },
  {
    "Brand_Product_Size": "Jackson 4 Outlet Individually Switched Powerboard With 1 Metre Lead each",
    "WOW Price": 20,
    "WOW Size": "each",
    "WOW ppu": "$20.00 / 1EA"
  },
  {
    "Brand_Product_Size": "Woolworths Chicken Thigh Skinless Fillets Small 500g - 1kg",
    "WOW Price": 13.5,
    "WOW Size": "500g - 1kg",
    "WOW ppu": "$13.50 / 1KG"
  },
  {
    "Brand_Product_Size": "Inspire Bathroom Set 4 pack",
    "WOW Price": 16,
    "WOW Size": "4 pack",
    "WOW ppu": ""
  },
  {
    "Brand_Product_Size": "On The Menu Ready Go Eat Burgers Fried Chicken 165g",
    "WOW Price": 2.9,
    "WOW Size": "165g",
    "WOW ppu": "$1.76 / 100G"
  },
  {
    "Brand_Product_Size": "Festiva Bbq Accessory Butane Gas Cannisters 4 pack",
    "WOW Price": 8,
    "WOW Size": "4 pack",
    "WOW ppu": "$2.00 / 1EA"
  },
  {
    "Brand_Product_Size": "Balnea Moisturising Milk & Honey Hand Wash Refill 1L",
    "WOW Price": 3,
    "WOW Size": "1L",
    "WOW ppu": "$0.30 / 100ML"
  },
  {
    "Brand_Product_Size": "Cheesebuddy Gluten Free Cheese Puffs 450g",
    "WOW Price": 6.6,
    "WOW Size": "450g",
    "WOW ppu": "$1.47 / 100G"
  },
  {
    "Brand_Product_Size": "Woolworths Lamb Easy Carve Leg Roast 850g - 1.7kg",
    "WOW Price": 34,
    "WOW Size": "850g - 1.7kg",
    "WOW ppu": "$20.00 / 1KG"
  },
  {
    "Brand_Product_Size": "Systane Complete Lubricant Eye Drop 10mL",
    "WOW Price": 17,
    "WOW Size": "10mL",
    "WOW ppu": "$170.00 / 100ML"
  },
  {
    "Brand_Product_Size": "Danone Yopro Yoghurt Strawberry 160g",
    "WOW Price": 2.4,
    "WOW Size": "160g",
    "WOW ppu": "$1.50 / 100G"
  },
  {
    "Brand_Product_Size": "Nestle Kitkat Mint Chocolate Fudge 45g",
    "WOW Price": 1,
    "WOW Size": "45g",
    "WOW ppu": "$2.22 / 100G"
  },
  {
    "Brand_Product_Size": "Wiltshire Classico Whisky Glasses 300ml 4 pack",
    "WOW Price": 10,
    "WOW Size": "4 pack",
    "WOW ppu": ""
  },
  {
    "Brand_Product_Size": "San Remo La Pasta Macaroni Cheese Single Snack 80g",
    "WOW Price": 1,
    "WOW Size": "80g",
    "WOW ppu": "$1.25 / 100G"
  },
  {
    "Brand_Product_Size": "Barilla Pasta Sauce Red Wine & Garlic 400g",
    "WOW Price": 3.75,
    "WOW Size": "400g",
    "WOW ppu": "$0.94 / 100G"
  },
  {
    "Brand_Product_Size": "Schwarzkopf Extra Care Mousse Ultra Styling Extreme Hold 150g",
    "WOW Price": 5.1,
    "WOW Size": "150g",
    "WOW ppu": "$3.40 / 100G"
  },
  {
    "Brand_Product_Size": "Metamucil Natural Granular Smooth Powder 798g",
    "WOW Price": 31.5,
    "WOW Size": "798g",
    "WOW ppu": "$3.95 / 100G"
  },
  {
    "Brand_Product_Size": "Always Fresh Olives Pitted Kalamata 2kg",
    "WOW Price": 14,
    "WOW Size": "2kg",
    "WOW ppu": "$7.00 / 1KG"
  },
  {
    "Brand_Product_Size": "Nature's Own Glucosamine Sulfate With Chondroitin Tablets 200 pack",
    "WOW Price": 30,
    "WOW Size": "200 pack",
    "WOW ppu": "$15.00 / 100EA"
  },
  {
    "Brand_Product_Size": "Maybelline Lifter Gloss Ice 5.4mL",
    "WOW Price": 9.5,
    "WOW Size": "5.4mL",
    "WOW ppu": "$17.59 / 10ML"
  },
  {
    "Brand_Product_Size": "Frozen Hair Tie & Clips each",
    "WOW Price": 3.5,
    "WOW Size": "each",
    "WOW ppu": ""
  },
  {
    "Brand_Product_Size": "Nature's Way Beauty Collagen Liquid Apple Flavoured 500mL",
    "WOW Price": 29.4,
    "WOW Size": "500mL",
    "WOW ppu": "$5.88 / 100ML"
  },
  {
    "Brand_Product_Size": "Yoplait Mini Go Strawberry & Vanilla 145g",
    "WOW Price": 1.2,
    "WOW Size": "145g",
    "WOW ppu": "$0.83 / 100G"
  },
  {
    "Brand_Product_Size": "Batiste Limited Edition Eden Dry Shampoo 200mL",
    "WOW Price": 10,
    "WOW Size": "200mL",
    "WOW ppu": "$5.00 / 100ML"
  },
  {
    "Brand_Product_Size": "Norco Elbo Style Cheese Slices 250g",
    "WOW Price": 6.6,
    "WOW Size": "250g",
    "WOW ppu": "$26.40 / 1KG"
  },
  {
    "Brand_Product_Size": "Good-o Adult Dog Food Minis Chicken & Veal 3kg",
    "WOW Price": 12,
    "WOW Size": "3kg",
    "WOW ppu": "$0.40 / 100G"
  },
  {
    "Brand_Product_Size": "Inspire Tumbler each",
    "WOW Price": 6,
    "WOW Size": "each",
    "WOW ppu": ""
  },
  {
    "Brand_Product_Size": "Papermate Profile Gel Pens 0.7mm Assorted 4 pack",
    "WOW Price": 7.7,
    "WOW Size": "4 pack",
    "WOW ppu": ""
  },
  {
    "Brand_Product_Size": "Woolworths Rosemary Lamb Shanks 800g",
    "WOW Price": 16,
    "WOW Size": "800g",
    "WOW ppu": "$2.00 / 100G"
  },
  {
    "Brand_Product_Size": "Colgate Max White Medium Toothbrush 3 pack",
    "WOW Price": 10,
    "WOW Size": "3 pack",
    "WOW ppu": "$3.33 / 1EA"
  },
  {
    "Brand_Product_Size": "Air Wick Pure Beach Escapes Bondi Breeze Air Freshener Aerosol 159g",
    "WOW Price": 7,
    "WOW Size": "159g",
    "WOW ppu": "$4.40 / 100G"
  },
  {
    "Brand_Product_Size": "Illooms Balloons Led Light Up Faces 5 pack",
    "WOW Price": 6,
    "WOW Size": "5 pack",
    "WOW ppu": "$1.20 / 1EA"
  },
  {
    "Brand_Product_Size": "Dairy Farmers Heart Active Light Milk 1L",
    "WOW Price": 3.2,
    "WOW Size": "1L",
    "WOW ppu": "$3.20 / 1L"
  },
  {
    "Brand_Product_Size": "Lo Bros Organic Kombucha Peach & Ginger 330mL",
    "WOW Price": 2.5,
    "WOW Size": "330mL",
    "WOW ppu": "$7.58 / 1L"
  },
  {
    "Brand_Product_Size": "Plumrose Ham Spiced 340g",
    "WOW Price": 2.5,
    "WOW Size": "340g",
    "WOW ppu": "$7.35 / 1KG"
  },
  {
    "Brand_Product_Size": "Red Rock Deli Gourmet Crackers Sundried Tomato & Italian Herbs 130g",
    "WOW Price": 2.8,
    "WOW Size": "130g",
    "WOW ppu": "$2.15 / 100G"
  },
  {
    "Brand_Product_Size": "Danone Yopro Protein 15g Limited Edition Yoghurt 150g",
    "WOW Price": 2.4,
    "WOW Size": "150g",
    "WOW ppu": "$1.60 / 100G"
  },
  {
    "Brand_Product_Size": "Farmers Own Full Cream Milk Unhomogenised 2L",
    "WOW Price": 3.2,
    "WOW Size": "2L",
    "WOW ppu": "$1.60 / 1L"
  },
  {
    "Brand_Product_Size": "Arnott's Classic Assorted 500g",
    "WOW Price": 4.5,
    "WOW Size": "500g",
    "WOW ppu": "$0.90 / 100G"
  },
  {
    "Brand_Product_Size": "Lynx For Men Shower Gel Black 400mL",
    "WOW Price": 4,
    "WOW Size": "400mL",
    "WOW ppu": "$1.00 / 100ML"
  },
  {
    "Brand_Product_Size": "Uhu Super Glue Minis 1ml 3 pack",
    "WOW Price": 3.25,
    "WOW Size": "3 pack",
    "WOW ppu": ""
  },
  {
    "Brand_Product_Size": "Woolworths Aussie Salad Kit 360g",
    "WOW Price": 5,
    "WOW Size": "360g",
    "WOW ppu": "$13.89 / 1KG"
  },
  {
    "Brand_Product_Size": "Woolworths Aussie Salad Kit 360g",
    "WOW Price": 5,
    "WOW Size": "360g",
    "WOW ppu": "$13.89 / 1KG"
  },
  {
    "Brand_Product_Size": "Macro White Chia Seeds 350g",
    "WOW Price": 6,
    "WOW Size": "350g",
    "WOW ppu": "$1.71 / 100G"
  },
  {
    "Brand_Product_Size": "Macro Organic Cacao & Coconut Clusters 400g",
    "WOW Price": 7,
    "WOW Size": "400g",
    "WOW ppu": "$1.75 / 100G"
  },
  {
    "Brand_Product_Size": "Just Caught Crumbed Pollock Fillets 1kg",
    "WOW Price": 11,
    "WOW Size": "1kg",
    "WOW ppu": "$11.00 / 1KG"
  },
  {
    "Brand_Product_Size": "Just Caught Crumbed Pollock Fillets 1kg",
    "WOW Price": 11,
    "WOW Size": "1kg",
    "WOW ppu": "$11.00 / 1KG"
  },
  {
    "Brand_Product_Size": "Woolworths Cook Lamb Shanks With Red Wine & Rosemary 850g - 1.25kg",
    "WOW Price": 21.25,
    "WOW Size": "850g - 1.25kg",
    "WOW ppu": "$17.00 / 1KG"
  },
  {
    "Brand_Product_Size": "Gillette Fusion Proglide Active Sport Sensitive Shaving Foam 245g",
    "WOW Price": 8.5,
    "WOW Size": "245g",
    "WOW ppu": "$3.47 / 100G"
  },
  {
    "Brand_Product_Size": "Dettol Instant Hand Sanitiser Refresh With Aloe Vera Clip On 50mL",
    "WOW Price": 4,
    "WOW Size": "50mL",
    "WOW ppu": "$8.00 / 100ML"
  },
  {
    "Brand_Product_Size": "Masterfoods Satay Chicken Stir Fry Recipe Base 175g",
    "WOW Price": 2.2,
    "WOW Size": "175g",
    "WOW ppu": "$1.26 / 100G"
  },
  {
    "Brand_Product_Size": "Chobani Fit X Rocky Road Rumble 140g",
    "WOW Price": 2.5,
    "WOW Size": "140g",
    "WOW ppu": "$1.79 / 100G"
  },
  {
    "Brand_Product_Size": "Goulburn Valley Peach Sliced In Mango Nectar 700g",
    "WOW Price": 3.7,
    "WOW Size": "700g",
    "WOW ppu": "$5.29 / 1KG"
  },
  {
    "Brand_Product_Size": "Bonds Instatan Sheer Stockings Slim Tight Medium Brown Medium each",
    "WOW Price": 8,
    "WOW Size": "each",
    "WOW ppu": ""
  },
  {
    "Brand_Product_Size": "Sanpellegrino Sparkling Natural Mineral Water Slim Cans 8x330mL",
    "WOW Price": 11,
    "WOW Size": "8x330mL",
    "WOW ppu": "$4.17 / 1L"
  },
  {
    "Brand_Product_Size": "Mint Kitchen Scissors each",
    "WOW Price": 10,
    "WOW Size": "each",
    "WOW ppu": ""
  },
  {
    "Brand_Product_Size": "Brite Semi Permanent Hair Colour Colour Pastel Purple 75mL",
    "WOW Price": 10,
    "WOW Size": "75mL",
    "WOW ppu": "$13.33 / 100ML"
  },
  {
    "Brand_Product_Size": "Decor Lunch Box Ice Pack Small Assorted 2 pack",
    "WOW Price": 3.5,
    "WOW Size": "2 pack",
    "WOW ppu": ""
  },
  {
    "Brand_Product_Size": "Decor Lunch Box Ice Pack Small Assorted 2 pack",
    "WOW Price": 3.5,
    "WOW Size": "2 pack",
    "WOW ppu": ""
  },
  {
    "Brand_Product_Size": "Mint Soft Grip Solid Spoon each",
    "WOW Price": 4,
    "WOW Size": "each",
    "WOW ppu": ""
  },
  {
    "Brand_Product_Size": "Mccain Family Pizza Sausage Sizzle 500g",
    "WOW Price": 7,
    "WOW Size": "500g",
    "WOW ppu": "$1.40 / 100G"
  },
  {
    "Brand_Product_Size": "Singletons Cheese Wensleydale & Cranberries per kg",
    "WOW Price": 49,
    "WOW Size": "per kg",
    "WOW ppu": "$49.00 / 1KG"
  },
  {
    "Brand_Product_Size": "Singletons Cheese Wensleydale & Cranberries per kg",
    "WOW Price": 49,
    "WOW Size": "per kg",
    "WOW ppu": "$49.00 / 1KG"
  },
  {
    "Brand_Product_Size": "Lynx Black Deodorant Bodyspray 165mL",
    "WOW Price": 3.5,
    "WOW Size": "165mL",
    "WOW ppu": "$2.12 / 100ML"
  },
  {
    "Brand_Product_Size": "David Beckham Instinct Deodorant Body Spray 150mL",
    "WOW Price": 8,
    "WOW Size": "150mL",
    "WOW ppu": "$5.33 / 100ML"
  },
  {
    "Brand_Product_Size": "Crayola Color & Sticker Paw Patrol each",
    "WOW Price": 3.5,
    "WOW Size": "each",
    "WOW ppu": ""
  },
  {
    "Brand_Product_Size": "Keep It Cleaner Egg White Protein Peanut Butter Caramel Bar 40g",
    "WOW Price": 3.5,
    "WOW Size": "40g",
    "WOW ppu": "$8.75 / 100G"
  },
  {
    "Brand_Product_Size": "Hans Mild Hungarian Salami Knobs 200g",
    "WOW Price": 8.5,
    "WOW Size": "200g",
    "WOW ppu": "$42.50 / 1KG"
  },
  {
    "Brand_Product_Size": "Revlon Kiss Glow Lip Oil Beige 6mL",
    "WOW Price": 10,
    "WOW Size": "6mL",
    "WOW ppu": "$16.67 / 10ML"
  },
  {
    "Brand_Product_Size": "Vital Strength Ripped Protein Powder Vanilla 600g",
    "WOW Price": 29.75,
    "WOW Size": "600g",
    "WOW ppu": "$4.96 / 100G"
  },
  {
    "Brand_Product_Size": "The Juice Brothers Apple & Raspberry 500mL",
    "WOW Price": 3.5,
    "WOW Size": "500mL",
    "WOW ppu": "$7.00 / 1L"
  },
  {
    "Brand_Product_Size": "Moccona Wholebean Barista Smooth Espresso 175g",
    "WOW Price": 12,
    "WOW Size": "175g",
    "WOW ppu": "$6.86 / 100G"
  },
  {
    "Brand_Product_Size": "Moccona Wholebean Barista Smooth Espresso 175g",
    "WOW Price": 12,
    "WOW Size": "175g",
    "WOW ppu": "$6.86 / 100G"
  },
  {
    "Brand_Product_Size": "Arnott's Iced Vo Vo Lamington 210g",
    "WOW Price": 3,
    "WOW Size": "210g",
    "WOW ppu": "$1.43 / 100G"
  },
  {
    "Brand_Product_Size": "Old El Paso Medium Taco Sauce 200g",
    "WOW Price": 3.2,
    "WOW Size": "200g",
    "WOW ppu": "$1.60 / 100G"
  },
  {
    "Brand_Product_Size": "Woolworths Lightly Sparkling Spring Water 20 pack",
    "WOW Price": 11.7,
    "WOW Size": "20 pack",
    "WOW ppu": "$1.17 / 1L"
  },
  {
    "Brand_Product_Size": "3m Command Utensil Hooks Clear Value Pack 6 pack",
    "WOW Price": 13,
    "WOW Size": "6 pack",
    "WOW ppu": "$2.17 / 1EA"
  },
  {
    "Brand_Product_Size": "Garnier Moisture Match Goodbye Dry Makeup Remover Wipes 25 pack",
    "WOW Price": 4.2,
    "WOW Size": "25 pack",
    "WOW ppu": "$0.17 / 1EA"
  },
  {
    "Brand_Product_Size": "Woolworths Cook Butterflied Lamb Leg With Garlic & Herbs 750g - 1.4kg",
    "WOW Price": 28,
    "WOW Size": "750g - 1.4kg",
    "WOW ppu": "$20.00 / 1KG"
  },
  {
    "Brand_Product_Size": "Macro Sebago Organic Potato 1kg punnet",
    "WOW Price": 5,
    "WOW Size": "1kg punnet",
    "WOW ppu": "$5.00 / 1KG"
  },
  {
    "Brand_Product_Size": "Lindt Lindor Chocolate Balls Assorted 235g box",
    "WOW Price": 20,
    "WOW Size": "235g box",
    "WOW ppu": "$8.51 / 100G"
  },
  {
    "Brand_Product_Size": "Heinz Beans Broad 500g",
    "WOW Price": 3.1,
    "WOW Size": "500g",
    "WOW ppu": "$6.20 / 1KG"
  },
  {
    "Brand_Product_Size": "Balance Water 1L bottLe",
    "WOW Price": 2.1,
    "WOW Size": "1L bottLe",
    "WOW ppu": "$2.10 / 1L"
  },
  {
    "Brand_Product_Size": "Balance Water 1L bottLe",
    "WOW Price": 2.1,
    "WOW Size": "1L bottLe",
    "WOW ppu": "$2.10 / 1L"
  },
  {
    "Brand_Product_Size": "Roar Protein Lean Chicken Breast, Roasted Almonds & Cheese 75g",
    "WOW Price": 5,
    "WOW Size": "75g",
    "WOW ppu": "$66.67 / 1KG"
  },
  {
    "Brand_Product_Size": "Woolworths Cook Butterflied Chicken Bone In Peri Peri Style Marinade",
    "WOW Price": 10,
    "WOW Size": "",
    "WOW ppu": "$10.00 / 1KG"
  },
  {
    "Brand_Product_Size": "Tyrrell's Chips Lightly Salted 165g bag",
    "WOW Price": 3.5,
    "WOW Size": "165g bag",
    "WOW ppu": "$2.12 / 100G"
  },
  {
    "Brand_Product_Size": "Sara Lee French Cream Cheesecake 360g",
    "WOW Price": 6.25,
    "WOW Size": "360g",
    "WOW ppu": "$1.74 / 100G"
  },
  {
    "Brand_Product_Size": "Woolworths Red Kidney Beans No Added Salt 420g",
    "WOW Price": 0.8,
    "WOW Size": "420g",
    "WOW ppu": "$0.19 / 100G"
  },
  {
    "Brand_Product_Size": "Lexar Usb 2.0 S60 16gb 3 pack",
    "WOW Price": 20.3,
    "WOW Size": "3 pack",
    "WOW ppu": ""
  },
  {
    "Brand_Product_Size": "Eclipse Spearmint Mints Sugar Free Large Tin 40g",
    "WOW Price": 3,
    "WOW Size": "40g",
    "WOW ppu": "$7.50 / 100G"
  },
  {
    "Brand_Product_Size": "Kleenex Aloe Vera Facial Tissues 95 pack",
    "WOW Price": 2.6,
    "WOW Size": "95 pack",
    "WOW ppu": "$2.74 / 100SS"
  },
  {
    "Brand_Product_Size": "Kleenex Aloe Vera Facial Tissues 95 pack",
    "WOW Price": 2.6,
    "WOW Size": "95 pack",
    "WOW ppu": "$2.74 / 100SS"
  },
  {
    "Brand_Product_Size": "Garnier Olia Permanent Hair Colour 4.15 Iced Chocolate each",
    "WOW Price": 17,
    "WOW Size": "each",
    "WOW ppu": ""
  },
  {
    "Brand_Product_Size": "Praise Aioli Mayonnaise Deli Style Chipotle 250mL",
    "WOW Price": 3,
    "WOW Size": "250mL",
    "WOW ppu": "$1.20 / 100ML"
  },
  {
    "Brand_Product_Size": "Schick Intuition Razor Pure Nourish Cartridges 3 pack",
    "WOW Price": 13,
    "WOW Size": "3 pack",
    "WOW ppu": "$4.33 / 1EA"
  },
  {
    "Brand_Product_Size": "Saxa Natural Sea Salt Grinder 90g",
    "WOW Price": 5,
    "WOW Size": "90g",
    "WOW ppu": "$0.56 / 10G"
  },
  {
    "Brand_Product_Size": "Huggies Ultra Dry Nappies Crawler 6-11kg Boy 44 pack buLk",
    "WOW Price": 16,
    "WOW Size": "44 pack buLk",
    "WOW ppu": "$0.36 / 1EA"
  },
  {
    "Brand_Product_Size": "Vitapet Jerhigh Duck Sticks 80g",
    "WOW Price": 4.9,
    "WOW Size": "80g",
    "WOW ppu": "$6.13 / 100G"
  },
  {
    "Brand_Product_Size": "Schwarzkopf Extra Care Shampoo Fibre Therapy 400mL",
    "WOW Price": 4.8,
    "WOW Size": "400mL",
    "WOW ppu": "$1.20 / 100ML"
  },
  {
    "Brand_Product_Size": "Woolworths Coffee Beans Espresso 1kg",
    "WOW Price": 12,
    "WOW Size": "1kg",
    "WOW ppu": "$1.20 / 100G"
  },
  {
    "Brand_Product_Size": "Woolworths Coffee Beans Espresso 1kg",
    "WOW Price": 12,
    "WOW Size": "1kg",
    "WOW ppu": "$1.20 / 100G"
  },
  {
    "Brand_Product_Size": "Danone Activia Fibre Blueberry Chia 125g x4 pack",
    "WOW Price": 5,
    "WOW Size": "125g x4 pack",
    "WOW ppu": "$1.00 / 100G"
  },
  {
    "Brand_Product_Size": "Spam Ham Lite 340g",
    "WOW Price": 4,
    "WOW Size": "340g",
    "WOW ppu": "$11.76 / 1KG"
  },
  {
    "Brand_Product_Size": "Golden Days Bars Sesame Snaps Dark Chocolate 120g",
    "WOW Price": 3.3,
    "WOW Size": "120g",
    "WOW ppu": "$2.75 / 100G"
  },
  {
    "Brand_Product_Size": "Golden Days Bars Sesame Snaps Dark Chocolate 120g",
    "WOW Price": 3.3,
    "WOW Size": "120g",
    "WOW ppu": "$2.75 / 100G"
  },
  {
    "Brand_Product_Size": "Baxter's Straps Beef 500g",
    "WOW Price": 7,
    "WOW Size": "500g",
    "WOW ppu": "$1.40 / 100G"
  },
  {
    "Brand_Product_Size": "Special K High Protein 380g",
    "WOW Price": 4.5,
    "WOW Size": "380g",
    "WOW ppu": "$1.18 / 100G"
  },
  {
    "Brand_Product_Size": "Rosella Apple Cider Vinegar & Brandy Chutney 250g",
    "WOW Price": 6,
    "WOW Size": "250g",
    "WOW ppu": "$2.40 / 100G"
  },
  {
    "Brand_Product_Size": "Lemnos Organic Fetta Cheese 180g",
    "WOW Price": 6.1,
    "WOW Size": "180g",
    "WOW ppu": "$33.89 / 1KG"
  },
  {
    "Brand_Product_Size": "Lemnos Organic Fetta Cheese 180g",
    "WOW Price": 6.1,
    "WOW Size": "180g",
    "WOW ppu": "$33.89 / 1KG"
  },
  {
    "Brand_Product_Size": "Essentials Dog Food Lamb 1.2kg",
    "WOW Price": 1.79,
    "WOW Size": "1.2kg",
    "WOW ppu": "$0.15 / 100G"
  },
  {
    "Brand_Product_Size": "Sprite Bottle 600mL",
    "WOW Price": 3.65,
    "WOW Size": "600mL",
    "WOW ppu": "$6.08 / 1L"
  },
  {
    "Brand_Product_Size": "Banana Boat Ultra Spf 50+ Sunscreen 200g",
    "WOW Price": 16.5,
    "WOW Size": "200g",
    "WOW ppu": "$8.25 / 100G"
  },
  {
    "Brand_Product_Size": "Bertolli Organic Fruity Taste Extra Virgin Olive Oil 3L",
    "WOW Price": 35,
    "WOW Size": "3L",
    "WOW ppu": "$1.17 / 100ML"
  },
  {
    "Brand_Product_Size": "La Ice Cola Bottle 2L",
    "WOW Price": 1.6,
    "WOW Size": "2L",
    "WOW ppu": "$0.80 / 1L"
  },
  {
    "Brand_Product_Size": "Il Molino Instant Pizza Dough Mix 1kg",
    "WOW Price": 3,
    "WOW Size": "1kg",
    "WOW ppu": ""
  },
  {
    "Brand_Product_Size": "Philadelphia Original Spread Tub 140g",
    "WOW Price": 4,
    "WOW Size": "140g",
    "WOW ppu": "$28.57 / 1KG"
  },
  {
    "Brand_Product_Size": "Clairol Natural Instincts 5r Medium Auburn each",
    "WOW Price": 16,
    "WOW Size": "each",
    "WOW ppu": ""
  },
  {
    "Brand_Product_Size": "Kambrook 5 Cup Rice Cooker each",
    "WOW Price": 39,
    "WOW Size": "each",
    "WOW ppu": ""
  },
  {
    "Brand_Product_Size": "Elastoplast Sport Cushioning Tape each",
    "WOW Price": 14,
    "WOW Size": "each",
    "WOW ppu": "$14.00 / 1EA"
  },
  {
    "Brand_Product_Size": "Essentials Brown Vinegar 1L",
    "WOW Price": 1.05,
    "WOW Size": "1L",
    "WOW ppu": "$0.11 / 100ML"
  },
  {
    "Brand_Product_Size": "My Dog Tender Chicken & Turkey Loaf Classics Wet Dog Food Can 680g",
    "WOW Price": 3.4,
    "WOW Size": "680g",
    "WOW ppu": "$0.50 / 100G"
  },
  {
    "Brand_Product_Size": "Woolworths Lunch Serviettes Red 2 Ply 50 pack",
    "WOW Price": 3,
    "WOW Size": "50 pack",
    "WOW ppu": "$0.06 / 1EA"
  },
  {
    "Brand_Product_Size": "Danone Yopro Protein 20g Apple Cinnamon Nut Protein Bar 68g",
    "WOW Price": 3,
    "WOW Size": "68g",
    "WOW ppu": "$4.41 / 100G"
  },
  {
    "Brand_Product_Size": "Campbell's Chunky Ham & Pea Ham & Pea 505g",
    "WOW Price": 1.75,
    "WOW Size": "505g",
    "WOW ppu": "$0.35 / 100G"
  },
  {
    "Brand_Product_Size": "Breeders Choice Paper Cat Litter 6L",
    "WOW Price": 7.5,
    "WOW Size": "6L",
    "WOW ppu": "$1.25 / 1L"
  },
  {
    "Brand_Product_Size": "Mint Bamboo Chopboard 40x30cm each",
    "WOW Price": 14,
    "WOW Size": "each",
    "WOW ppu": ""
  },
  {
    "Brand_Product_Size": "Campbell's Canned Soup Vegetable & Beef 420g",
    "WOW Price": 1.7,
    "WOW Size": "420g",
    "WOW ppu": "$0.40 / 100G"
  },
  {
    "Brand_Product_Size": "Food For Health Fruit Free Bars With Sea Salt & Caramel 6 pack",
    "WOW Price": 7,
    "WOW Size": "6 pack",
    "WOW ppu": "$4.67 / 100G"
  },
  {
    "Brand_Product_Size": "Praise Whole Egg Mayonnaise Whole Egg 670g",
    "WOW Price": 5.5,
    "WOW Size": "670g",
    "WOW ppu": "$0.82 / 100G"
  },
  {
    "Brand_Product_Size": "Tasmanian Pate Smoked Salmon & Cracked Pepper Pate 130g",
    "WOW Price": 5,
    "WOW Size": "130g",
    "WOW ppu": "$38.46 / 1KG"
  },
  {
    "Brand_Product_Size": "Tasmanian Pate Smoked Salmon & Cracked Pepper Pate 130g",
    "WOW Price": 5,
    "WOW Size": "130g",
    "WOW ppu": "$38.46 / 1KG"
  },
  {
    "Brand_Product_Size": "Woolworths Dressing 99% Fat Free Italian 300mL",
    "WOW Price": 1.8,
    "WOW Size": "300mL",
    "WOW ppu": "$0.60 / 100ML"
  },
  {
    "Brand_Product_Size": "Campos Superior Coffee Beans 1kg",
    "WOW Price": 45,
    "WOW Size": "1kg",
    "WOW ppu": "$4.50 / 100G"
  },
  {
    "Brand_Product_Size": "Campos Superior Coffee Beans 1kg",
    "WOW Price": 45,
    "WOW Size": "1kg",
    "WOW ppu": "$4.50 / 100G"
  },
  {
    "Brand_Product_Size": "Kellogg's Crunchy Nut Peanut Snack Bars 6 pack",
    "WOW Price": 2.5,
    "WOW Size": "6 pack",
    "WOW ppu": "$1.39 / 100G"
  },
  {
    "Brand_Product_Size": "Kellogg's Crunchy Nut Peanut Snack Bars 6 pack",
    "WOW Price": 2.5,
    "WOW Size": "6 pack",
    "WOW ppu": "$1.39 / 100G"
  },
  {
    "Brand_Product_Size": "Sunny Queen On The Go Peeled Boiled Eggs 85g",
    "WOW Price": 3.5,
    "WOW Size": "85g",
    "WOW ppu": "$4.12 / 100G"
  },
  {
    "Brand_Product_Size": "Nivea Naturally Good Avocado & Pampering Body Lotion 350mL",
    "WOW Price": 6.3,
    "WOW Size": "350mL",
    "WOW ppu": "$1.80 / 100ML"
  },
  {
    "Brand_Product_Size": "Woolworths Chicken Sweet Chilli 85g",
    "WOW Price": 1.29,
    "WOW Size": "85g",
    "WOW ppu": "$15.18 / 1KG"
  },
  {
    "Brand_Product_Size": "Organic Choice Limited Edition Dishwashing Liquid 500mL",
    "WOW Price": 5,
    "WOW Size": "500mL",
    "WOW ppu": "$1.00 / 100ML"
  },
  {
    "Brand_Product_Size": "Lean Cuisine Vegan Plant Protein Spiced Cauliflower Nutri Bowl 280g",
    "WOW Price": 4.5,
    "WOW Size": "280g",
    "WOW ppu": "$1.61 / 100G"
  },
  {
    "Brand_Product_Size": "Maille Mustard Wholegrain Mild 210g",
    "WOW Price": 4.2,
    "WOW Size": "210g",
    "WOW ppu": "$2.00 / 100G"
  },
  {
    "Brand_Product_Size": "Naturale 100% Recycled Paper Towel 2 Ply 140 Sheets 2 pack",
    "WOW Price": 2.5,
    "WOW Size": "2 pack",
    "WOW ppu": "$1.79 / 100SS"
  },
  {
    "Brand_Product_Size": "Pauls Vanilla Custard 70g",
    "WOW Price": 1.5,
    "WOW Size": "70g",
    "WOW ppu": "$2.14 / 100G"
  },
  {
    "Brand_Product_Size": "Band-aid Waterproof Tough Strips 20 pack",
    "WOW Price": 4,
    "WOW Size": "20 pack",
    "WOW ppu": "$0.20 / 1EA"
  },
  {
    "Brand_Product_Size": "Savu Bamboo Pulp Serviettes 50 pack",
    "WOW Price": 2.5,
    "WOW Size": "50 pack",
    "WOW ppu": "$5.00 / 100EA"
  },
  {
    "Brand_Product_Size": "Four'n Twenty Philly Cheese Steak Pie 160g",
    "WOW Price": 3.2,
    "WOW Size": "160g",
    "WOW ppu": "$2.00 / 100G"
  },
  {
    "Brand_Product_Size": "Cadbury Baking Chocolate Chips White 200g",
    "WOW Price": 3,
    "WOW Size": "200g",
    "WOW ppu": "$1.50 / 100G"
  },
  {
    "Brand_Product_Size": "Woolworths Ricotta Cheese 375g",
    "WOW Price": 3,
    "WOW Size": "375g",
    "WOW ppu": "$8.00 / 1KG"
  },
  {
    "Brand_Product_Size": "Woolworths Ricotta Cheese 375g",
    "WOW Price": 3,
    "WOW Size": "375g",
    "WOW ppu": "$8.00 / 1KG"
  },
  {
    "Brand_Product_Size": "Essentials Olive Oil 500mL",
    "WOW Price": 3,
    "WOW Size": "500mL",
    "WOW ppu": "$0.60 / 100ML"
  },
  {
    "Brand_Product_Size": "Thankyou. Thick Baby Wipes 80 pack",
    "WOW Price": 6,
    "WOW Size": "80 pack",
    "WOW ppu": "$7.50 / 100EA"
  },
  {
    "Brand_Product_Size": "Wildly Good Beetroot & Black Bean Burgers 250g",
    "WOW Price": 5,
    "WOW Size": "250g",
    "WOW ppu": "$20.00 / 1KG"
  },
  {
    "Brand_Product_Size": "Pauls Choc Mint Custard 170g",
    "WOW Price": 2.5,
    "WOW Size": "170g",
    "WOW ppu": "$1.47 / 100G"
  },
  {
    "Brand_Product_Size": "Woolworths Pork Forequarter Chops 800g - 1.45kg",
    "WOW Price": 17.4,
    "WOW Size": "800g - 1.45kg",
    "WOW ppu": "$12.00 / 1KG"
  },
  {
    "Brand_Product_Size": "Kettle Multipack Sea Salt 5 pack",
    "WOW Price": 3.35,
    "WOW Size": "5 pack",
    "WOW ppu": "$3.64 / 100G"
  },
  {
    "Brand_Product_Size": "Kettle Multipack Sea Salt 5 pack",
    "WOW Price": 3.35,
    "WOW Size": "5 pack",
    "WOW ppu": "$3.64 / 100G"
  },
  {
    "Brand_Product_Size": "Mint Soft Grip Garlic Crusher each",
    "WOW Price": 6,
    "WOW Size": "each",
    "WOW ppu": ""
  },
  {
    "Brand_Product_Size": "Carman's No Added Sugar Almond, Cashew & Coconut Muesli 500g",
    "WOW Price": 4.5,
    "WOW Size": "500g",
    "WOW ppu": "$0.90 / 100G"
  },
  {
    "Brand_Product_Size": "Humpty Doo Barramundi Skin Off 260g",
    "WOW Price": 12,
    "WOW Size": "260g",
    "WOW ppu": "$46.15 / 1KG"
  },
  {
    "Brand_Product_Size": "Smith's Thinly Cut Potato Chips Original Share Pack 175g",
    "WOW Price": 2,
    "WOW Size": "175g",
    "WOW ppu": "$1.14 / 100G"
  },
  {
    "Brand_Product_Size": "Carefree Original Tampons Regular 20 pack",
    "WOW Price": 4.25,
    "WOW Size": "20 pack",
    "WOW ppu": "$0.21 / 1EA"
  },
  {
    "Brand_Product_Size": "Armada Serviettes 20 pack",
    "WOW Price": 2,
    "WOW Size": "20 pack",
    "WOW ppu": ""
  },
  {
    "Brand_Product_Size": "Praise Japanese Dressing 330mL",
    "WOW Price": 3,
    "WOW Size": "330mL",
    "WOW ppu": "$0.91 / 100ML"
  },
  {
    "Brand_Product_Size": "Tresemme Botanique Restore & Shine Conditioner 350mL",
    "WOW Price": 4.5,
    "WOW Size": "350mL",
    "WOW ppu": "$1.29 / 100ML"
  },
  {
    "Brand_Product_Size": "Listerine Total Care Mouthwash 500mL",
    "WOW Price": 9.3,
    "WOW Size": "500mL",
    "WOW ppu": "$1.86 / 100ML"
  },
  {
    "Brand_Product_Size": "Baxter's Puppy Mini Bones 200g",
    "WOW Price": 4,
    "WOW Size": "200g",
    "WOW ppu": "$2.00 / 100G"
  },
  {
    "Brand_Product_Size": "Mc Yee Egg Noodles Traditional 375g",
    "WOW Price": 2.2,
    "WOW Size": "375g",
    "WOW ppu": "$5.87 / 1KG"
  },
  {
    "Brand_Product_Size": "Dairyworks Grated 3 Cheese Mix 250g",
    "WOW Price": 4.5,
    "WOW Size": "250g",
    "WOW ppu": "$18.00 / 1KG"
  },
  {
    "Brand_Product_Size": "Essentials Non-stick 26cm Frypan each",
    "WOW Price": 8,
    "WOW Size": "each",
    "WOW ppu": ""
  },
  {
    "Brand_Product_Size": "Bikano Besan Ladoo 400g",
    "WOW Price": 6,
    "WOW Size": "400g",
    "WOW ppu": "$1.50 / 100G"
  },
  {
    "Brand_Product_Size": "Woolworths Lamingtons Jam Filled 6 pack",
    "WOW Price": 2.5,
    "WOW Size": "6 pack",
    "WOW ppu": "$0.71 / 100G"
  },
  {
    "Brand_Product_Size": "Woolworths Lamingtons Jam Filled 6 pack",
    "WOW Price": 2.5,
    "WOW Size": "6 pack",
    "WOW ppu": "$0.71 / 100G"
  },
  {
    "Brand_Product_Size": "Messina Espresso Dulce De Leche Gelato Bar 4 pack",
    "WOW Price": 5,
    "WOW Size": "4 pack",
    "WOW ppu": "$1.25 / 100ML"
  },
  {
    "Brand_Product_Size": "Essentials Aluminium Foil 30cmx30m",
    "WOW Price": 2.7,
    "WOW Size": "30cmx30m",
    "WOW ppu": "$0.09 / 1M"
  },
  {
    "Brand_Product_Size": "Energizer 392 Battery each",
    "WOW Price": 3.99,
    "WOW Size": "each",
    "WOW ppu": "$3.99 / 1EA"
  },
  {
    "Brand_Product_Size": "Strike 2 In 1 Flat Mop Refill each",
    "WOW Price": 6.99,
    "WOW Size": "each",
    "WOW ppu": "$6.99 / 1EA"
  },
  {
    "Brand_Product_Size": "Blackmores Bio Magnesium 50 pack",
    "WOW Price": 20,
    "WOW Size": "50 pack",
    "WOW ppu": "$40.00 / 100EA"
  },
  {
    "Brand_Product_Size": "Pumpkin Jarrahdale Whole each",
    "WOW Price": 12,
    "WOW Size": "each",
    "WOW ppu": "$12.00 / 1EA"
  },
  {
    "Brand_Product_Size": "Mug Shot Tomato & Herb Pasta 64g",
    "WOW Price": 1,
    "WOW Size": "64g",
    "WOW ppu": "$1.56 / 100G"
  },
  {
    "Brand_Product_Size": "Western Star Original Spreadable 500g",
    "WOW Price": 5.5,
    "WOW Size": "500g",
    "WOW ppu": "$1.10 / 100G"
  },
  {
    "Brand_Product_Size": "Western Star Original Spreadable 500g",
    "WOW Price": 5.5,
    "WOW Size": "500g",
    "WOW ppu": "$1.10 / 100G"
  },
  {
    "Brand_Product_Size": "Western Star Original Spreadable 500g",
    "WOW Price": 5.5,
    "WOW Size": "500g",
    "WOW ppu": "$1.10 / 100G"
  },
  {
    "Brand_Product_Size": "Pb2 Powdered Peanut Butter 184g",
    "WOW Price": 10,
    "WOW Size": "184g",
    "WOW ppu": "$5.43 / 100G"
  },
  {
    "Brand_Product_Size": "Woolworths Cook Porchetta Roast With Garlic & Herb Seasoning 1.2kg - 1.7kg",
    "WOW Price": 37.4,
    "WOW Size": "1.2kg - 1.7kg",
    "WOW ppu": "$22.00 / 1KG"
  },
  {
    "Brand_Product_Size": "Yoplait Petit Miam Strawberry & Banana Yoghurt 70g",
    "WOW Price": 1,
    "WOW Size": "70g",
    "WOW ppu": "$1.43 / 100G"
  },
  {
    "Brand_Product_Size": "Doritos Cool Ranch 150g",
    "WOW Price": 2.75,
    "WOW Size": "150g",
    "WOW ppu": "$1.83 / 100G"
  },
  {
    "Brand_Product_Size": "Femfresh Deodorising Wash 250mL",
    "WOW Price": 5.4,
    "WOW Size": "250mL",
    "WOW ppu": "$2.16 / 100ML"
  },
  {
    "Brand_Product_Size": "Confidere Incontinence Pants Mens Large 8 pack",
    "WOW Price": 9,
    "WOW Size": "8 pack",
    "WOW ppu": "$1.13 / 1EA"
  },
  {
    "Brand_Product_Size": "Bref Scent Switch Apple & Water Lily 50g",
    "WOW Price": 6,
    "WOW Size": "50g",
    "WOW ppu": "$12.00 / 100G"
  },
  {
    "Brand_Product_Size": "Bondi Sands Spf50 Fragrance Free Lotion 150mL",
    "WOW Price": 13,
    "WOW Size": "150mL",
    "WOW ppu": ""
  },
  {
    "Brand_Product_Size": "Squeek Twist And Chew High Chair Toy each",
    "WOW Price": 10,
    "WOW Size": "each",
    "WOW ppu": "$10.00 / 1EA"
  },
  {
    "Brand_Product_Size": "Sabco Stainless Steel Pegs 15 pack",
    "WOW Price": 9,
    "WOW Size": "15 pack",
    "WOW ppu": ""
  },
  {
    "Brand_Product_Size": "Woolworths Mini Cup Cake Choc Mud 9 pack",
    "WOW Price": 4.8,
    "WOW Size": "9 pack",
    "WOW ppu": "$0.53 / 1EA"
  },
  {
    "Brand_Product_Size": "Woolworths Mini Cup Cake Choc Mud 9 pack",
    "WOW Price": 4.8,
    "WOW Size": "9 pack",
    "WOW ppu": "$0.53 / 1EA"
  },
  {
    "Brand_Product_Size": "Macro Organic Spirals Pasta 500g",
    "WOW Price": 1.65,
    "WOW Size": "500g",
    "WOW ppu": "$0.33 / 100G"
  },
  {
    "Brand_Product_Size": "Arctic Zone Hydration Jug 2.5L",
    "WOW Price": 18,
    "WOW Size": "2.5L",
    "WOW ppu": ""
  },
  {
    "Brand_Product_Size": "Old El Paso Bulk Enchilada Kit 1.04kg",
    "WOW Price": 9,
    "WOW Size": "1.04kg",
    "WOW ppu": "$0.87 / 100G"
  },
  {
    "Brand_Product_Size": "Uhu Super Glue Control 3g",
    "WOW Price": 2.5,
    "WOW Size": "3g",
    "WOW ppu": ""
  },
  {
    "Brand_Product_Size": "Sunrice Gourmet Rice Forbidden Black 500g",
    "WOW Price": 5,
    "WOW Size": "500g",
    "WOW ppu": "$1.00 / 100G"
  },
  {
    "Brand_Product_Size": "Gravox Gravy Mix Roast Meat Red Wine Garlic 165g",
    "WOW Price": 2.5,
    "WOW Size": "165g",
    "WOW ppu": "$1.52 / 100G"
  },
  {
    "Brand_Product_Size": "Oscar Orsen Nail Polish Remover Acetone Free 125mL",
    "WOW Price": 2.8,
    "WOW Size": "125mL",
    "WOW ppu": "$0.22 / 10ML"
  },
  {
    "Brand_Product_Size": "Nudie Nothing But Oranges Pulp Free Juice 2L",
    "WOW Price": 6.5,
    "WOW Size": "2L",
    "WOW ppu": "$3.25 / 1L"
  },
  {
    "Brand_Product_Size": "Woolworths Canola Cooking Spray 400g",
    "WOW Price": 1.85,
    "WOW Size": "400g",
    "WOW ppu": "$0.46 / 100G"
  },
  {
    "Brand_Product_Size": "Danone Yopro Vanilla Yoghurt 700g",
    "WOW Price": 6,
    "WOW Size": "700g",
    "WOW ppu": "$0.86 / 100G"
  },
  {
    "Brand_Product_Size": "Margaret River Dairy Company Original Club Cheddar Cheese 150g",
    "WOW Price": 6.15,
    "WOW Size": "150g",
    "WOW ppu": "$41.00 / 1KG"
  },
  {
    "Brand_Product_Size": "Margaret River Dairy Company Original Club Cheddar Cheese 150g",
    "WOW Price": 6.15,
    "WOW Size": "150g",
    "WOW ppu": "$41.00 / 1KG"
  },
  {
    "Brand_Product_Size": "Vege Chips Rice Crackers Sour Cream & Chives 75g",
    "WOW Price": 1.9,
    "WOW Size": "75g",
    "WOW ppu": "$2.53 / 100G"
  },
  {
    "Brand_Product_Size": "Macro Certified Organic Salad Mix 100g",
    "WOW Price": 3.8,
    "WOW Size": "100g",
    "WOW ppu": "$38.00 / 1KG"
  },
  {
    "Brand_Product_Size": "Bar None Shampoo Damaged Hair 400mL",
    "WOW Price": 20,
    "WOW Size": "400mL",
    "WOW ppu": "$5.00 / 100ML"
  },
  {
    "Brand_Product_Size": "Coco & Lucas' Butter Chicken & Jasmine Rice 220g",
    "WOW Price": 4,
    "WOW Size": "220g",
    "WOW ppu": "$1.82 / 100G"
  },
  {
    "Brand_Product_Size": "Okf Aloe Vera Drink 1.5L",
    "WOW Price": 4.15,
    "WOW Size": "1.5L",
    "WOW ppu": "$0.28 / 100ML"
  },
  {
    "Brand_Product_Size": "Carbonell Extra Virgin Olive Oil 3L",
    "WOW Price": 16,
    "WOW Size": "3L",
    "WOW ppu": "$0.53 / 100ML"
  },
  {
    "Brand_Product_Size": "Hoyt's Paprika Sweet Smoked 140g",
    "WOW Price": 4.99,
    "WOW Size": "140g",
    "WOW ppu": "$0.36 / 10G"
  },
  {
    "Brand_Product_Size": "Energizer 12v Batteries 2 pack",
    "WOW Price": 5.5,
    "WOW Size": "2 pack",
    "WOW ppu": "$2.75 / 1EA"
  },
  {
    "Brand_Product_Size": "Benefiber Natural Fibre Supplement 155g",
    "WOW Price": 11.95,
    "WOW Size": "155g",
    "WOW ppu": "$7.71 / 100G"
  },
  {
    "Brand_Product_Size": "Cc's Corn Chips Nacho Cheese 175g",
    "WOW Price": 3.5,
    "WOW Size": "175g",
    "WOW ppu": "$2.00 / 100G"
  },
  {
    "Brand_Product_Size": "Gourmet Brioche Butter Loaf 400g",
    "WOW Price": 7,
    "WOW Size": "400g",
    "WOW ppu": "$1.75 / 100G"
  },
  {
    "Brand_Product_Size": "Mcobeauty Cheek & Lip Tint Dusk each",
    "WOW Price": 5,
    "WOW Size": "each",
    "WOW ppu": "$147.06 / 10ML"
  },
  {
    "Brand_Product_Size": "Essentials Dinnerware Small Bowl White each",
    "WOW Price": 3,
    "WOW Size": "each",
    "WOW ppu": ""
  },
  {
    "Brand_Product_Size": "Batiste Original Dry Shampoo 350mL",
    "WOW Price": 14,
    "WOW Size": "350mL",
    "WOW ppu": "$4.00 / 100ML"
  },
  {
    "Brand_Product_Size": "Arnott's Royals Milk Chocolate 200g",
    "WOW Price": 4,
    "WOW Size": "200g",
    "WOW ppu": "$2.00 / 100G"
  },
  {
    "Brand_Product_Size": "Spc Spaghetti Tomato & Cheese Sauce 4x220g",
    "WOW Price": 5,
    "WOW Size": "4x220g",
    "WOW ppu": "$0.57 / 100G"
  },
  {
    "Brand_Product_Size": "Sunrice Rice Cakes Thin Sour Cream & Chives 195g",
    "WOW Price": 2.7,
    "WOW Size": "195g",
    "WOW ppu": "$1.38 / 100G"
  },
  {
    "Brand_Product_Size": "Sunrice Rice Cakes Thin Sour Cream & Chives 195g",
    "WOW Price": 2.7,
    "WOW Size": "195g",
    "WOW ppu": "$1.38 / 100G"
  },
  {
    "Brand_Product_Size": "Marcalan Nipple Cream 50g",
    "WOW Price": 14.95,
    "WOW Size": "50g",
    "WOW ppu": "$29.90 / 100G"
  },
  {
    "Brand_Product_Size": "White Wings Cornflour 300g",
    "WOW Price": 2.7,
    "WOW Size": "300g",
    "WOW ppu": "$9.00 / 1KG"
  },
  {
    "Brand_Product_Size": "Nestle Kitkat Large Share Pack 18 pack",
    "WOW Price": 5,
    "WOW Size": "18 pack",
    "WOW ppu": "$1.63 / 100G"
  },
  {
    "Brand_Product_Size": "Energizer Batteries 1616 each",
    "WOW Price": 5,
    "WOW Size": "each",
    "WOW ppu": "$5.00 / 1EA"
  },
  {
    "Brand_Product_Size": "Woolworths Lower Carb Seeded Wrap 5 pack",
    "WOW Price": 5,
    "WOW Size": "5 pack",
    "WOW ppu": "$2.22 / 100G"
  },
  {
    "Brand_Product_Size": "Bosisto's Insect Spray Dust Mites Eucalyptus 200g",
    "WOW Price": 11.95,
    "WOW Size": "200g",
    "WOW ppu": "$5.98 / 100G"
  },
  {
    "Brand_Product_Size": "Essentials Tomato Paste 500g",
    "WOW Price": 1.25,
    "WOW Size": "500g",
    "WOW ppu": "$0.25 / 100G"
  },
  {
    "Brand_Product_Size": "Masterfoods Sesame Seeds 37g",
    "WOW Price": 2.7,
    "WOW Size": "37g",
    "WOW ppu": "$0.73 / 10G"
  },
  {
    "Brand_Product_Size": "Disney Ravensburger Puzzle Assorted each",
    "WOW Price": 20,
    "WOW Size": "each",
    "WOW ppu": ""
  },
  {
    "Brand_Product_Size": "Dollar Sweets Striped Party Pans Small 100 pack",
    "WOW Price": 3,
    "WOW Size": "100 pack",
    "WOW ppu": ""
  },
  {
    "Brand_Product_Size": "Papermate Correction Liquid Paper White 2 pack",
    "WOW Price": 4.5,
    "WOW Size": "2 pack",
    "WOW ppu": ""
  },
  {
    "Brand_Product_Size": "Bonds Ladies Midi Seamless Size 16 Assorted 2 pack",
    "WOW Price": 24,
    "WOW Size": "2 pack",
    "WOW ppu": ""
  },
  {
    "Brand_Product_Size": "Isocol Multipurpose Anti-bacterial Lotion Spray 75mL",
    "WOW Price": 6,
    "WOW Size": "75mL",
    "WOW ppu": "$8.00 / 100ML"
  },
  {
    "Brand_Product_Size": "Vittoria Mountain Grown Nespresso Compatible Coffee Capsules 40 pack",
    "WOW Price": 18,
    "WOW Size": "40 pack",
    "WOW ppu": "$0.45 / 1EA"
  },
  {
    "Brand_Product_Size": "Vittoria Mountain Grown Nespresso Compatible Coffee Capsules 40 pack",
    "WOW Price": 18,
    "WOW Size": "40 pack",
    "WOW ppu": "$0.45 / 1EA"
  },
  {
    "Brand_Product_Size": "Schweppes Lemonade 1.1L",
    "WOW Price": 1.25,
    "WOW Size": "1.1L",
    "WOW ppu": "$1.14 / 1L"
  },
  {
    "Brand_Product_Size": "Mamee Monster Rice Stick Chicken Flavour 200g",
    "WOW Price": 6,
    "WOW Size": "200g",
    "WOW ppu": "$3.00 / 100G"
  },
  {
    "Brand_Product_Size": "Chum Adult Dog Food Beef & Kidney 1.2kg",
    "WOW Price": 3.2,
    "WOW Size": "1.2kg",
    "WOW ppu": "$0.27 / 100G"
  },
  {
    "Brand_Product_Size": "Pantalica Parmesan Cheese 100g",
    "WOW Price": 2.4,
    "WOW Size": "100g",
    "WOW ppu": "$24.00 / 1KG"
  },
  {
    "Brand_Product_Size": "Pantalica Parmesan Cheese 100g",
    "WOW Price": 2.4,
    "WOW Size": "100g",
    "WOW ppu": "$24.00 / 1KG"
  },
  {
    "Brand_Product_Size": "Heinz Cauliflower & Salmon Risotto 120g",
    "WOW Price": 2,
    "WOW Size": "120g",
    "WOW ppu": "$1.67 / 100G"
  },
  {
    "Brand_Product_Size": "Brita Marella Blue Filter Jug 2.4L",
    "WOW Price": 33,
    "WOW Size": "2.4L",
    "WOW ppu": ""
  },
  {
    "Brand_Product_Size": "Sam's Pantry Roasted Hazelnut Protein Bar 5 pack",
    "WOW Price": 3.5,
    "WOW Size": "5 pack",
    "WOW ppu": "$1.84 / 100G"
  },
  {
    "Brand_Product_Size": "Hill St Dough Base Baking Mix 390g",
    "WOW Price": 6.5,
    "WOW Size": "390g",
    "WOW ppu": "$1.67 / 100G"
  },
  {
    "Brand_Product_Size": "Essentials Non-stick 30cm Frypan each",
    "WOW Price": 10,
    "WOW Size": "each",
    "WOW ppu": ""
  },
  {
    "Brand_Product_Size": "Ogx Extra Volume Biotin & Collagen Conditioner 385mL",
    "WOW Price": 21,
    "WOW Size": "385mL",
    "WOW ppu": "$5.45 / 100ML"
  },
  {
    "Brand_Product_Size": "Razzamatazz Body Magic Pantyhose Control Soft Tan Medium each",
    "WOW Price": 9,
    "WOW Size": "each",
    "WOW ppu": ""
  },
  {
    "Brand_Product_Size": "Optimum Adult Wet Dog Food Beef & Rice Can 700g",
    "WOW Price": 2.6,
    "WOW Size": "700g",
    "WOW ppu": "$0.37 / 100G"
  },
  {
    "Brand_Product_Size": "Schweppes Lime Soda Water Lime 1.1L",
    "WOW Price": 1.25,
    "WOW Size": "1.1L",
    "WOW ppu": "$1.14 / 1L"
  },
  {
    "Brand_Product_Size": "Gippsland Choc Fudge Honeycomb Yoghurt 140g",
    "WOW Price": 2.5,
    "WOW Size": "140g",
    "WOW ppu": "$1.79 / 100G"
  },
  {
    "Brand_Product_Size": "Nad's Natural Sugar Wax Kit 370g",
    "WOW Price": 15,
    "WOW Size": "370g",
    "WOW ppu": "$4.05 / 100G"
  },
  {
    "Brand_Product_Size": "Nutella Hazelnut Spread 750g",
    "WOW Price": 9.3,
    "WOW Size": "750g",
    "WOW ppu": "$1.24 / 100G"
  },
  {
    "Brand_Product_Size": "Nutella Hazelnut Spread 750g",
    "WOW Price": 9.3,
    "WOW Size": "750g",
    "WOW ppu": "$1.24 / 100G"
  },
  {
    "Brand_Product_Size": "Smitten Cat Milk 250mL 3 pack",
    "WOW Price": 4,
    "WOW Size": "250mL 3 pack",
    "WOW ppu": "$0.53 / 100ML"
  },
  {
    "Brand_Product_Size": "Hoyt's Sesame Seeds Jar 230g",
    "WOW Price": 4.5,
    "WOW Size": "230g",
    "WOW ppu": "$0.20 / 10G"
  },
  {
    "Brand_Product_Size": "Sunrice Microwave Fragrant Jasmine Rice Family 450g",
    "WOW Price": 3.5,
    "WOW Size": "450g",
    "WOW ppu": "$0.78 / 100G"
  },
  {
    "Brand_Product_Size": "Arnott's Tee Vee Snacks Original 175g",
    "WOW Price": 4,
    "WOW Size": "175g",
    "WOW ppu": "$2.29 / 100G"
  },
  {
    "Brand_Product_Size": "Queen Teal Food Colour Gel 15g",
    "WOW Price": 2.5,
    "WOW Size": "15g",
    "WOW ppu": "$16.67 / 100G"
  },
  {
    "Brand_Product_Size": "Passage To India Simmer Sauce Butter Chicken 375g",
    "WOW Price": 4.7,
    "WOW Size": "375g",
    "WOW ppu": "$1.25 / 100G"
  },
  {
    "Brand_Product_Size": "Sally Hansen Nail Hard As Nails Nylon Natural 13.3mL",
    "WOW Price": 10,
    "WOW Size": "13.3mL",
    "WOW ppu": "$7.52 / 10ML"
  },
  {
    "Brand_Product_Size": "Woolworths Coriander Leaves Leaves 5g",
    "WOW Price": 2.5,
    "WOW Size": "5g",
    "WOW ppu": "$5.00 / 10G"
  },
  {
    "Brand_Product_Size": "Bisolvon Duo Syrup 100mL",
    "WOW Price": 12,
    "WOW Size": "100mL",
    "WOW ppu": "$12.00 / 100ML"
  },
  {
    "Brand_Product_Size": "Mud Soft Touch Matte Finish Foundation 02 Soft Beige 25mL",
    "WOW Price": 8,
    "WOW Size": "25mL",
    "WOW ppu": "$3.20 / 10ML"
  },
  {
    "Brand_Product_Size": "Patak's Korma Curry Simmer Sauce Sauce 450g",
    "WOW Price": 3.5,
    "WOW Size": "450g",
    "WOW ppu": "$0.78 / 100G"
  },
  {
    "Brand_Product_Size": "Nyal Cold & Flu Fighter Day & Night Tablets 24 pack",
    "WOW Price": 13,
    "WOW Size": "24 pack",
    "WOW ppu": "$0.54 / 1EA"
  },
  {
    "Brand_Product_Size": "Sonic B Incognito Wireless Bluetooth Classic Headphones each",
    "WOW Price": 40,
    "WOW Size": "each",
    "WOW ppu": ""
  },
  {
    "Brand_Product_Size": "Forbidden Foods Brekky Black Rice, Honey & Cinnamon Pudding 125g",
    "WOW Price": 3,
    "WOW Size": "125g",
    "WOW ppu": "$2.40 / 100G"
  },
  {
    "Brand_Product_Size": "Revlon Kiss Lip Balm Berry Burst 2.6g",
    "WOW Price": 4,
    "WOW Size": "2.6g",
    "WOW ppu": "$15.38 / 10G"
  },
  {
    "Brand_Product_Size": "Clearblue Rapid Detection Pregnancy Test each",
    "WOW Price": 9,
    "WOW Size": "each",
    "WOW ppu": "$9.00 / 1EA"
  },
  {
    "Brand_Product_Size": "Masterfoods Dried Italian Herbs 10g",
    "WOW Price": 2.35,
    "WOW Size": "10g",
    "WOW ppu": "$2.35 / 10G"
  },
  {
    "Brand_Product_Size": "Sharwood's Ingredients Chutney Mango 354g",
    "WOW Price": 4,
    "WOW Size": "354g",
    "WOW ppu": "$1.13 / 100G"
  },
  {
    "Brand_Product_Size": "Farmers Union Greek Yogurt 4 pack",
    "WOW Price": 5,
    "WOW Size": "4 pack",
    "WOW ppu": "$0.78 / 100G"
  },
  {
    "Brand_Product_Size": "Chris' Homestyle Hommus 1kg",
    "WOW Price": 5.5,
    "WOW Size": "1kg",
    "WOW ppu": "$0.55 / 100G"
  },
  {
    "Brand_Product_Size": "Berocca Energy Vitamin Mango & Orange Effervescent Tablets 45 pack",
    "WOW Price": 17,
    "WOW Size": "45 pack",
    "WOW ppu": "$37.78 / 100EA"
  },
  {
    "Brand_Product_Size": "Katoomba Garlic & Ginger 1kg",
    "WOW Price": 4.5,
    "WOW Size": "1kg",
    "WOW ppu": "$0.05 / 10G"
  },
  {
    "Brand_Product_Size": "Bic Hybrid 3 Comfort Shaver 12 pack",
    "WOW Price": 14,
    "WOW Size": "12 pack",
    "WOW ppu": "$1.17 / 1EA"
  },
  {
    "Brand_Product_Size": "Rafferty's Garden Ready To Eat Porridge 6 Months Pear Apple & Cinnamon 120g",
    "WOW Price": 1.65,
    "WOW Size": "120g",
    "WOW ppu": "$1.38 / 100G"
  },
  {
    "Brand_Product_Size": "Woolworths Spring Onion & Chive Cream Cheese 200g",
    "WOW Price": 3.1,
    "WOW Size": "200g",
    "WOW ppu": "$15.50 / 1KG"
  },
  {
    "Brand_Product_Size": "Woolworths Spring Onion & Chive Cream Cheese 200g",
    "WOW Price": 3.1,
    "WOW Size": "200g",
    "WOW ppu": "$15.50 / 1KG"
  },
  {
    "Brand_Product_Size": "Sally Hansen Miracle Gel Little Peonie each",
    "WOW Price": 8.5,
    "WOW Size": "each",
    "WOW ppu": "$5.67 / 10ML"
  },
  {
    "Brand_Product_Size": "Chux Dishwand Handle each",
    "WOW Price": 4.5,
    "WOW Size": "each",
    "WOW ppu": "$4.50 / 1EA"
  },
  {
    "Brand_Product_Size": "Mortein Powergard Control Bomb 2ea",
    "WOW Price": 12.5,
    "WOW Size": "2ea",
    "WOW ppu": "$6.25 / 1EA"
  },
  {
    "Brand_Product_Size": "Yates Garden Lawn Weeder 2L",
    "WOW Price": 18,
    "WOW Size": "2L",
    "WOW ppu": "$0.90 / 100ML"
  },
  {
    "Brand_Product_Size": "Banana Boat Spf 50+ Sunscreen Sport 200g",
    "WOW Price": 16.5,
    "WOW Size": "200g",
    "WOW ppu": "$8.25 / 100G"
  },
  {
    "Brand_Product_Size": "Scotch 19mm Magic Tape 16.5m With Dispenser each",
    "WOW Price": 5.5,
    "WOW Size": "each",
    "WOW ppu": ""
  },
  {
    "Brand_Product_Size": "Revlon Colorstay Full Coverage Foundation Natural Beige 30mL",
    "WOW Price": 15,
    "WOW Size": "30mL",
    "WOW ppu": "$5.00 / 10ML"
  },
  {
    "Brand_Product_Size": "Mamee Chef Curry Laksa Cup 72g",
    "WOW Price": 1.15,
    "WOW Size": "72g",
    "WOW ppu": "$1.60 / 100G"
  },
  {
    "Brand_Product_Size": "Woolworths Premium Roast Beef 97% Fat Free Sliced From The Deli per kg",
    "WOW Price": 27,
    "WOW Size": "per kg",
    "WOW ppu": "$27.00 / 1KG"
  },
  {
    "Brand_Product_Size": "Kraft Mac & Cheese Dinner Original 410g",
    "WOW Price": 4,
    "WOW Size": "410g",
    "WOW ppu": "$0.98 / 100G"
  },
  {
    "Brand_Product_Size": "Sanitarium Up&go Liquid Breakfast No Added Sugar Choc Ice 250mL x12 pack",
    "WOW Price": 14,
    "WOW Size": "250mL x12 pack",
    "WOW ppu": "$4.67 / 1L"
  },
  {
    "Brand_Product_Size": "Golden Circle Puree Pineapple & Mango 120g",
    "WOW Price": 1.5,
    "WOW Size": "120g",
    "WOW ppu": "$12.50 / 1KG"
  },
  {
    "Brand_Product_Size": "Golden Circle Puree Pineapple & Mango 120g",
    "WOW Price": 1.5,
    "WOW Size": "120g",
    "WOW ppu": "$12.50 / 1KG"
  },
  {
    "Brand_Product_Size": "Woolworths Sunflower Oil 750mL",
    "WOW Price": 2.5,
    "WOW Size": "750mL",
    "WOW ppu": "$0.33 / 100ML"
  },
  {
    "Brand_Product_Size": "Mcobeauty Precision Brow Super Fine Liner 0.22g",
    "WOW Price": 6,
    "WOW Size": "0.22g",
    "WOW ppu": "$272.73 / 10G"
  },
  {
    "Brand_Product_Size": "Covergirl Clean Fresh Skin Milk Foundation Light/medium 30mL",
    "WOW Price": 10,
    "WOW Size": "30mL",
    "WOW ppu": "$3.33 / 10ML"
  },
  {
    "Brand_Product_Size": "Supercoat Adult Large Breed Chicken Dry Dog Food 7.5kg",
    "WOW Price": 29,
    "WOW Size": "7.5kg",
    "WOW ppu": "$0.39 / 100G"
  },
  {
    "Brand_Product_Size": "V Energy Pure Bottle 330mL",
    "WOW Price": 3.15,
    "WOW Size": "330mL",
    "WOW ppu": "$9.55 / 1L"
  },
  {
    "Brand_Product_Size": "Woolworths Italian Cheese Blend 250g",
    "WOW Price": 4.2,
    "WOW Size": "250g",
    "WOW ppu": "$16.80 / 1KG"
  },
  {
    "Brand_Product_Size": "Cadbury Milk Tray 180g",
    "WOW Price": 10,
    "WOW Size": "180g",
    "WOW ppu": "$5.56 / 100G"
  },
  {
    "Brand_Product_Size": "Jinmailang Stew Beef Noodle Stew Beef 5 pack",
    "WOW Price": 3.3,
    "WOW Size": "5 pack",
    "WOW ppu": "$6.00 / 1KG"
  },
  {
    "Brand_Product_Size": "Macro Organic Sweetened Puffed Multigrain Blend 100g",
    "WOW Price": 4.5,
    "WOW Size": "100g",
    "WOW ppu": "$4.50 / 100G"
  },
  {
    "Brand_Product_Size": "Birds Eye Deli Seasoned Chips Parmesan, Garlic & Basil 600g",
    "WOW Price": 4,
    "WOW Size": "600g",
    "WOW ppu": "$6.67 / 1KG"
  },
  {
    "Brand_Product_Size": "Tampax Regular Tampons Light Flow With Applicator 20 pack",
    "WOW Price": 5.9,
    "WOW Size": "20 pack",
    "WOW ppu": "$0.30 / 1EA"
  },
  {
    "Brand_Product_Size": "Colgate Total Advanced Whitening Antibacterial Toothpaste 200g",
    "WOW Price": 8,
    "WOW Size": "200g",
    "WOW ppu": "$4.00 / 100G"
  },
  {
    "Brand_Product_Size": "Maggi 2 Minute Instant Beef Noodles 5 pack",
    "WOW Price": 3.8,
    "WOW Size": "5 pack",
    "WOW ppu": "$1.03 / 100G"
  },
  {
    "Brand_Product_Size": "Tresemme Conditioner Thick & Full 350mL",
    "WOW Price": 4.5,
    "WOW Size": "350mL",
    "WOW ppu": "$1.29 / 100ML"
  },
  {
    "Brand_Product_Size": "Omo Active Clean Laundry Liquid Detergent Front & Top Loader 4L",
    "WOW Price": 24,
    "WOW Size": "4L",
    "WOW ppu": "$6.00 / 1L"
  },
  {
    "Brand_Product_Size": "Energizer Button Battery 1.5v 377bp each",
    "WOW Price": 4,
    "WOW Size": "each",
    "WOW ppu": "$4.00 / 1EA"
  },
  {
    "Brand_Product_Size": "Masterfoods Mustard Mild American Squeeze 550g",
    "WOW Price": 3.85,
    "WOW Size": "550g",
    "WOW ppu": "$0.70 / 100G"
  },
  {
    "Brand_Product_Size": "Donna Hay Gluten Free Plain Flour 500g",
    "WOW Price": 10,
    "WOW Size": "500g",
    "WOW ppu": "$2.00 / 100G"
  },
  {
    "Brand_Product_Size": "Kleenex Facial Tissue Soft Pack 60 pack",
    "WOW Price": 1.5,
    "WOW Size": "60 pack",
    "WOW ppu": "$2.50 / 100SS"
  },
  {
    "Brand_Product_Size": "Kleenex Facial Tissue Soft Pack 60 pack",
    "WOW Price": 1.5,
    "WOW Size": "60 pack",
    "WOW ppu": "$2.50 / 100SS"
  },
  {
    "Brand_Product_Size": "Jack Hammer Snap Hook Carabiner 3 pack",
    "WOW Price": 7,
    "WOW Size": "3 pack",
    "WOW ppu": ""
  },
  {
    "Brand_Product_Size": "Dairy Farmers Thick & Creamy Blueberry Yoghurt 150g",
    "WOW Price": 1.5,
    "WOW Size": "150g",
    "WOW ppu": "$1.00 / 100G"
  },
  {
    "Brand_Product_Size": "Moving Mountains Plant Based Vegan Burger 2 pack",
    "WOW Price": 4.5,
    "WOW Size": "2 pack",
    "WOW ppu": "$20.45 / 1KG"
  },
  {
    "Brand_Product_Size": "No Nasties 50% Less Sugar Cocoa Bombs Cereal 285g",
    "WOW Price": 5,
    "WOW Size": "285g",
    "WOW ppu": "$1.75 / 100G"
  },
  {
    "Brand_Product_Size": "The Dutch Company European Foods Rusks Toast 100g",
    "WOW Price": 2.5,
    "WOW Size": "100g",
    "WOW ppu": "$2.50 / 100G"
  },
  {
    "Brand_Product_Size": "Colgate Extra Clean Soft Toothbrush With Rubber Tongue Cleaner each",
    "WOW Price": 2,
    "WOW Size": "each",
    "WOW ppu": "$2.00 / 1EA"
  },
  {
    "Brand_Product_Size": "Kellogg's Guardian Psyllium Breakfast Cereal 360g",
    "WOW Price": 4.7,
    "WOW Size": "360g",
    "WOW ppu": "$1.31 / 100G"
  },
  {
    "Brand_Product_Size": "Clean Boost Laundry Sanitiser 1L",
    "WOW Price": 4,
    "WOW Size": "1L",
    "WOW ppu": "$4.00 / 1L"
  },
  {
    "Brand_Product_Size": "Bonds Kids Cushioned Low Cut Socks Size 5-8 3 pack",
    "WOW Price": 9.1,
    "WOW Size": "3 pack",
    "WOW ppu": ""
  },
  {
    "Brand_Product_Size": "Hart & Soul Mediterranean Risotto 150g",
    "WOW Price": 3.8,
    "WOW Size": "150g",
    "WOW ppu": "$2.53 / 100G"
  },
  {
    "Brand_Product_Size": "Nature's Way Kids Smart Vita Gummies Vitamin C Plus Zinc 120 pack",
    "WOW Price": 13,
    "WOW Size": "120 pack",
    "WOW ppu": "$10.83 / 100EA"
  },
  {
    "Brand_Product_Size": "Carman's Fibre Rich Probiotic Porridge Sachets Creamy Honey & Almond 6 pack",
    "WOW Price": 6,
    "WOW Size": "6 pack",
    "WOW ppu": "$2.50 / 100G"
  },
  {
    "Brand_Product_Size": "Pyrex 950ml Round Storage Bowl each",
    "WOW Price": 13,
    "WOW Size": "each",
    "WOW ppu": ""
  },
  {
    "Brand_Product_Size": "Obela Plant Based Hommus Bowl Quinoa Tabouli Salad 285g",
    "WOW Price": 7.5,
    "WOW Size": "285g",
    "WOW ppu": "$2.63 / 100G"
  },
  {
    "Brand_Product_Size": "Ayam Light Soy Sauce 210mL",
    "WOW Price": 3.2,
    "WOW Size": "210mL",
    "WOW ppu": "$1.52 / 100ML"
  },
  {
    "Brand_Product_Size": "Lean Cuisine Beef In Red Wine Sauce With Garlic Mash 280g",
    "WOW Price": 4.5,
    "WOW Size": "280g",
    "WOW ppu": "$1.61 / 100G"
  },
  {
    "Brand_Product_Size": "Naturopathica Fat Blaster Chocolate Shake 430g",
    "WOW Price": 20,
    "WOW Size": "430g",
    "WOW ppu": "$4.65 / 100G"
  },
  {
    "Brand_Product_Size": "Heinz Burger Sauce Original 295mL",
    "WOW Price": 4,
    "WOW Size": "295mL",
    "WOW ppu": "$1.36 / 100ML"
  },
  {
    "Brand_Product_Size": "Super Nature Super Green Sri Lankan Bowl 350g",
    "WOW Price": 6.3,
    "WOW Size": "350g",
    "WOW ppu": "$1.80 / 100G"
  },
  {
    "Brand_Product_Size": "Nuttelex Pulse Buttery Margarine Spread 500g",
    "WOW Price": 4.7,
    "WOW Size": "500g",
    "WOW ppu": "$0.94 / 100G"
  },
  {
    "Brand_Product_Size": "Nuttelex Pulse Buttery Margarine Spread 500g",
    "WOW Price": 4.7,
    "WOW Size": "500g",
    "WOW ppu": "$0.94 / 100G"
  },
  {
    "Brand_Product_Size": "Annalisa Diced Tomatoes 800g",
    "WOW Price": 2,
    "WOW Size": "800g",
    "WOW ppu": "$2.50 / 1KG"
  },
  {
    "Brand_Product_Size": "Tilda Microwave Steamed Pure Basmati Rice 250g",
    "WOW Price": 3,
    "WOW Size": "250g",
    "WOW ppu": "$1.20 / 100G"
  },
  {
    "Brand_Product_Size": "Applaws Cat Food Pouch: Tuna & Salmon 70g",
    "WOW Price": 2,
    "WOW Size": "70g",
    "WOW ppu": "$2.86 / 100G"
  },
  {
    "Brand_Product_Size": "Masterfoods Seasoning Garlic Steak 50g",
    "WOW Price": 3.4,
    "WOW Size": "50g",
    "WOW ppu": "$0.68 / 10G"
  },
  {
    "Brand_Product_Size": "Purina One Adult Chicken In Gravy Wet Cat Food 70g",
    "WOW Price": 1.8,
    "WOW Size": "70g",
    "WOW ppu": "$2.57 / 100G"
  },
  {
    "Brand_Product_Size": "Betadine Anaesthetic Lozenges Berry Flavour 36 pack",
    "WOW Price": 12,
    "WOW Size": "36 pack",
    "WOW ppu": "$0.33 / 1EA"
  },
  {
    "Brand_Product_Size": "Seymours Collapse Storage Basket Teal each",
    "WOW Price": 10,
    "WOW Size": "each",
    "WOW ppu": ""
  },
  {
    "Brand_Product_Size": "Jack Hammer Sports Pump With Inflate Needle each",
    "WOW Price": 7.5,
    "WOW Size": "each",
    "WOW ppu": ""
  },
  {
    "Brand_Product_Size": "Oli & Vine Creamy Ranch 250mL",
    "WOW Price": 5,
    "WOW Size": "250mL",
    "WOW ppu": "$2.00 / 100ML"
  },
  {
    "Brand_Product_Size": "Toni & Guy Marble Look Clips Assorted 2 pack",
    "WOW Price": 5.6,
    "WOW Size": "2 pack",
    "WOW ppu": ""
  },
  {
    "Brand_Product_Size": "Schick Mens Razor Exacta 2 Disposable Sensitive 18 pack",
    "WOW Price": 10,
    "WOW Size": "18 pack",
    "WOW ppu": "$0.56 / 1EA"
  },
  {
    "Brand_Product_Size": "Red Bull Energy Drink 4x250mL",
    "WOW Price": 7.5,
    "WOW Size": "4x250mL",
    "WOW ppu": "$7.50 / 1L"
  },
  {
    "Brand_Product_Size": "Khao Shong Wasabi Coated Green Peas 280g",
    "WOW Price": 6.4,
    "WOW Size": "280g",
    "WOW ppu": "$2.29 / 100G"
  },
  {
    "Brand_Product_Size": "Corelle Winter Frost White Serving Platter 31cm each",
    "WOW Price": 11.5,
    "WOW Size": "each",
    "WOW ppu": ""
  },
  {
    "Brand_Product_Size": "La Famiglia Garlic Bread Slices 270g",
    "WOW Price": 2.6,
    "WOW Size": "270g",
    "WOW ppu": "$0.96 / 100G"
  },
  {
    "Brand_Product_Size": "Herbert Adams Pies King Island Beef 2 pack",
    "WOW Price": 7.8,
    "WOW Size": "2 pack",
    "WOW ppu": "$1.86 / 100G"
  },
  {
    "Brand_Product_Size": "Arcosteel Stainless Steel 5l Casserole With Lid 24x12cm each",
    "WOW Price": 30,
    "WOW Size": "each",
    "WOW ppu": ""
  },
  {
    "Brand_Product_Size": "Nerf Light Up Ball Dog Toy 2 pack",
    "WOW Price": 7,
    "WOW Size": "2 pack",
    "WOW ppu": "$7.00 / 1EA"
  },
  {
    "Brand_Product_Size": "Korbond Elastic Braided 12mm X4m each",
    "WOW Price": 7,
    "WOW Size": "each",
    "WOW ppu": ""
  },
  {
    "Brand_Product_Size": "Garnier Micellar Cleansing Water 700mL",
    "WOW Price": 12,
    "WOW Size": "700mL",
    "WOW ppu": "$1.71 / 100ML"
  },
  {
    "Brand_Product_Size": "Pringles Original Salted Potato Chips 134g",
    "WOW Price": 3,
    "WOW Size": "134g",
    "WOW ppu": "$2.24 / 100G"
  },
  {
    "Brand_Product_Size": "Kirks Lemonade Sugar Free Cans 375mL x10 pack",
    "WOW Price": 6.2,
    "WOW Size": "375mL x10 pack",
    "WOW ppu": "$1.65 / 1L"
  },
  {
    "Brand_Product_Size": "Oli & Vine Rich Honey Mustard Dressing 250mL",
    "WOW Price": 5,
    "WOW Size": "250mL",
    "WOW ppu": "$2.00 / 100ML"
  },
  {
    "Brand_Product_Size": "Oak Iced Coffee 600mL",
    "WOW Price": 3.1,
    "WOW Size": "600mL",
    "WOW ppu": "$5.17 / 1L"
  },
  {
    "Brand_Product_Size": "Old El Paso Stand 'n Stuff Soft Taco Kit 348g",
    "WOW Price": 7,
    "WOW Size": "348g",
    "WOW ppu": "$2.01 / 100G"
  },
  {
    "Brand_Product_Size": "Smith's Thinly Cut Potato Chips Share Pack Salt & Vinegar 175g",
    "WOW Price": 2,
    "WOW Size": "175g",
    "WOW ppu": "$1.14 / 100G"
  },
  {
    "Brand_Product_Size": "Essentials Diced Tomatoes 400g",
    "WOW Price": 0.6,
    "WOW Size": "400g",
    "WOW ppu": "$1.50 / 1KG"
  },
  {
    "Brand_Product_Size": "Woolworths Chicken Tenderloins 450g - 800g",
    "WOW Price": 12.8,
    "WOW Size": "450g - 800g",
    "WOW ppu": "$16.00 / 1KG"
  },
  {
    "Brand_Product_Size": "Tabasco Sriracha Sauce 256mL",
    "WOW Price": 6,
    "WOW Size": "256mL",
    "WOW ppu": "$2.34 / 100ML"
  },
  {
    "Brand_Product_Size": "Feijoa Fresh each",
    "WOW Price": 1.5,
    "WOW Size": "each",
    "WOW ppu": "$1.50 / 1EA"
  },
  {
    "Brand_Product_Size": "Eastcoast Orange Juice 100 Percent 2L",
    "WOW Price": 5.5,
    "WOW Size": "2L",
    "WOW ppu": "$2.75 / 1L"
  },
  {
    "Brand_Product_Size": "Tradie Baby Short Sleeve Zipster Girl each",
    "WOW Price": 15,
    "WOW Size": "each",
    "WOW ppu": ""
  },
  {
    "Brand_Product_Size": "Frankie & Friends Budgie & Canary Bar 220g",
    "WOW Price": 4,
    "WOW Size": "220g",
    "WOW ppu": "$1.82 / 100G"
  },
  {
    "Brand_Product_Size": "Masterfoods Finely Crushed Garlic 170g",
    "WOW Price": 2.7,
    "WOW Size": "170g",
    "WOW ppu": "$0.16 / 10G"
  },
  {
    "Brand_Product_Size": "Brunswick Sardines Tomato Sauce 106g",
    "WOW Price": 1.9,
    "WOW Size": "106g",
    "WOW ppu": "$17.92 / 1KG"
  },
  {
    "Brand_Product_Size": "Schick Razor Intuition Pure Nourish Kit each",
    "WOW Price": 12.8,
    "WOW Size": "each",
    "WOW ppu": "$12.80 / 1EA"
  },
  {
    "Brand_Product_Size": "Connoisseur Ice Cream Caramel Honey Macadamia 1L tub",
    "WOW Price": 11,
    "WOW Size": "1L tub",
    "WOW ppu": "$1.10 / 100ML"
  },
  {
    "Brand_Product_Size": "Woolworths Pasta Fettuccine 500g",
    "WOW Price": 1,
    "WOW Size": "500g",
    "WOW ppu": "$0.20 / 100G"
  },
  {
    "Brand_Product_Size": "Mediterranean Delite Fetta & Olive Dip 200g",
    "WOW Price": 3.5,
    "WOW Size": "200g",
    "WOW ppu": "$1.75 / 100G"
  },
  {
    "Brand_Product_Size": "Golden Circle Guava Nectar 1L",
    "WOW Price": 3,
    "WOW Size": "1L",
    "WOW ppu": "$3.00 / 1L"
  },
  {
    "Brand_Product_Size": "D'orsogna Middle Bacon per kg",
    "WOW Price": 11,
    "WOW Size": "per kg",
    "WOW ppu": "$11.00 / 1KG"
  },
  {
    "Brand_Product_Size": "Mint Stainless Steel Cappuccino Shaker each",
    "WOW Price": 6,
    "WOW Size": "each",
    "WOW ppu": ""
  },
  {
    "Brand_Product_Size": "Play-doh Foam Assorted each",
    "WOW Price": 5,
    "WOW Size": "each",
    "WOW ppu": ""
  },
  {
    "Brand_Product_Size": "Dove Nutritive Solutions Shampoo Intensive Repair 640mL",
    "WOW Price": 8.4,
    "WOW Size": "640mL",
    "WOW ppu": "$1.31 / 100ML"
  },
  {
    "Brand_Product_Size": "Macro Natural Raw Nuts Mix 500g",
    "WOW Price": 13,
    "WOW Size": "500g",
    "WOW ppu": "$26.00 / 1KG"
  },
  {
    "Brand_Product_Size": "Sard Wonder Super Power Stain Remover Spray Refill 450mL",
    "WOW Price": 3.5,
    "WOW Size": "450mL",
    "WOW ppu": "$0.78 / 100ML"
  },
  {
    "Brand_Product_Size": "Fuze Ice Tea Mango 1.25L",
    "WOW Price": 1.95,
    "WOW Size": "1.25L",
    "WOW ppu": "$1.56 / 1L"
  },
  {
    "Brand_Product_Size": "Pasta Italia Beef Tortellini 400g",
    "WOW Price": 7.5,
    "WOW Size": "400g",
    "WOW ppu": "$1.88 / 100G"
  },
  {
    "Brand_Product_Size": "Australian Botanical Soap Goats Milk 200g",
    "WOW Price": 3.2,
    "WOW Size": "200g",
    "WOW ppu": "$1.60 / 100G"
  },
  {
    "Brand_Product_Size": "Health Lab Salted Caramel Protein Ball Ball 200g",
    "WOW Price": 12,
    "WOW Size": "200g",
    "WOW ppu": "$6.00 / 100G"
  },
  {
    "Brand_Product_Size": "Arnott's Biscuits Shortbread Cream 250g",
    "WOW Price": 2,
    "WOW Size": "250g",
    "WOW ppu": "$0.80 / 100G"
  },
  {
    "Brand_Product_Size": "Always Fresh Capers Vinegar 230g",
    "WOW Price": 3.25,
    "WOW Size": "230g",
    "WOW ppu": "$14.13 / 1KG"
  },
  {
    "Brand_Product_Size": "Energizer Iphone Flat Cable Blue 1.2 Metre each",
    "WOW Price": 14,
    "WOW Size": "each",
    "WOW ppu": ""
  },
  {
    "Brand_Product_Size": "Gravox Gravy Liquid Best Ever Bbq Chook Gravy 165g",
    "WOW Price": 2.5,
    "WOW Size": "165g",
    "WOW ppu": "$1.52 / 100G"
  },
  {
    "Brand_Product_Size": "Jade Phoenix Shiitake Mushrooms 100g",
    "WOW Price": 5.5,
    "WOW Size": "100g",
    "WOW ppu": "$55.00 / 1KG"
  },
  {
    "Brand_Product_Size": "Balnea Premium Body Lotion Verbena & Cedarwood 500mL",
    "WOW Price": 7.5,
    "WOW Size": "500mL",
    "WOW ppu": "$1.50 / 100ML"
  },
  {
    "Brand_Product_Size": "Mission Blue Corn Chip 200g",
    "WOW Price": 4,
    "WOW Size": "200g",
    "WOW ppu": "$2.00 / 100G"
  },
  {
    "Brand_Product_Size": "Clio Eco Sheer Pantyhose 20d Natural T/xt each",
    "WOW Price": 8,
    "WOW Size": "each",
    "WOW ppu": ""
  },
  {
    "Brand_Product_Size": "Woolworths Spaghetti In Tomato Sauce 420g",
    "WOW Price": 0.65,
    "WOW Size": "420g",
    "WOW ppu": "$0.15 / 100G"
  },
  {
    "Brand_Product_Size": "Head & Shoulders Ultra Men Shampoo Sports Fresh 400mL",
    "WOW Price": 10.5,
    "WOW Size": "400mL",
    "WOW ppu": "$2.63 / 100ML"
  },
  {
    "Brand_Product_Size": "Schweppes Natural Mineral Water Pineapple & Lemon 1.1L",
    "WOW Price": 1.25,
    "WOW Size": "1.1L",
    "WOW ppu": "$1.14 / 1L"
  },
  {
    "Brand_Product_Size": "Campbell's Real Beef Stock 250mL",
    "WOW Price": 1.65,
    "WOW Size": "250mL",
    "WOW ppu": "$0.66 / 100ML"
  },
  {
    "Brand_Product_Size": "Optus X Pro each",
    "WOW Price": 149,
    "WOW Size": "each",
    "WOW ppu": ""
  },
  {
    "Brand_Product_Size": "Palmolive Men's Anti Dandruff Shampoo 350mL",
    "WOW Price": 5,
    "WOW Size": "350mL",
    "WOW ppu": "$1.43 / 100ML"
  },
  {
    "Brand_Product_Size": "Super Nature Super Foods Sweet Potato Cottage Pie 350g",
    "WOW Price": 6.3,
    "WOW Size": "350g",
    "WOW ppu": "$1.80 / 100G"
  },
  {
    "Brand_Product_Size": "Kale Fresh bunch",
    "WOW Price": 3.5,
    "WOW Size": "bunch",
    "WOW ppu": "$3.50 / 1EA"
  },
  {
    "Brand_Product_Size": "Olsent Led Gls Bc 6w 500lm Cw 2 pack",
    "WOW Price": 10,
    "WOW Size": "2 pack",
    "WOW ppu": "$5.00 / 1EA"
  },
  {
    "Brand_Product_Size": "Pink Ribbon Air Freshener Summer Breeze 1 pack",
    "WOW Price": 2.5,
    "WOW Size": "1 pack",
    "WOW ppu": ""
  },
  {
    "Brand_Product_Size": "Bic Clic 4 Colour Pen 3 pack",
    "WOW Price": 5.6,
    "WOW Size": "3 pack",
    "WOW ppu": ""
  },
  {
    "Brand_Product_Size": "Nudie Proactive Antioxidant 400mL",
    "WOW Price": 3.6,
    "WOW Size": "400mL",
    "WOW ppu": "$9.00 / 1L"
  },
  {
    "Brand_Product_Size": "Natvia Raspberry Fruit Spread 240g",
    "WOW Price": 6,
    "WOW Size": "240g",
    "WOW ppu": "$2.50 / 100G"
  },
  {
    "Brand_Product_Size": "Inspire Plastic Storage Box With Lid each",
    "WOW Price": 8,
    "WOW Size": "each",
    "WOW ppu": ""
  },
  {
    "Brand_Product_Size": "Infuzions Potato Mix Thai Sweet Chilli Flavour 100g",
    "WOW Price": 2,
    "WOW Size": "100g",
    "WOW ppu": "$2.00 / 100G"
  },
  {
    "Brand_Product_Size": "L'oreal Age Perfect Face Cream Intense Nutrition Night Moist 50mL",
    "WOW Price": 21,
    "WOW Size": "50mL",
    "WOW ppu": "$42.00 / 100ML"
  },
  {
    "Brand_Product_Size": "Nature's Way Super Foods Green Boost 100g",
    "WOW Price": 10,
    "WOW Size": "100g",
    "WOW ppu": "$10.00 / 100G"
  },
  {
    "Brand_Product_Size": "Carbonell Extra Virgin Olive Oil 4L",
    "WOW Price": 27,
    "WOW Size": "4L",
    "WOW ppu": "$0.68 / 100ML"
  },
  {
    "Brand_Product_Size": "Earth Choice Lemon Burst Dishwash 500mL",
    "WOW Price": 3,
    "WOW Size": "500mL",
    "WOW ppu": "$0.60 / 100ML"
  },
  {
    "Brand_Product_Size": "Mission Corn Chips Extreme Cheese 230g",
    "WOW Price": 3.1,
    "WOW Size": "230g",
    "WOW ppu": "$1.35 / 100G"
  },
  {
    "Brand_Product_Size": "Comfort Fabric Softener Conditioner Sky Blue 800mL",
    "WOW Price": 7,
    "WOW Size": "800mL",
    "WOW ppu": "$8.75 / 1L"
  },
  {
    "Brand_Product_Size": "Air Wick Essential Mist Prime each",
    "WOW Price": 30,
    "WOW Size": "each",
    "WOW ppu": "$30.00 / 1EA"
  },
  {
    "Brand_Product_Size": "Oxfam Fair Organic Fair Trade Ground World Blend Coffee 250g",
    "WOW Price": 9,
    "WOW Size": "250g",
    "WOW ppu": "$3.60 / 100G"
  },
  {
    "Brand_Product_Size": "Oxfam Fair Organic Fair Trade Ground World Blend Coffee 250g",
    "WOW Price": 9,
    "WOW Size": "250g",
    "WOW ppu": "$3.60 / 100G"
  },
  {
    "Brand_Product_Size": "Fountain Barbecue Sauce 2L",
    "WOW Price": 5.4,
    "WOW Size": "2L",
    "WOW ppu": "$0.27 / 100ML"
  },
  {
    "Brand_Product_Size": "Mccain Hawaiian Pizza Pockets 400g",
    "WOW Price": 5,
    "WOW Size": "400g",
    "WOW ppu": "$1.25 / 100G"
  },
  {
    "Brand_Product_Size": "Fluffy Fabric Softener Summer Breeze Long Lasting Fragrance 2L",
    "WOW Price": 5,
    "WOW Size": "2L",
    "WOW ppu": "$2.50 / 1L"
  },
  {
    "Brand_Product_Size": "Essentials Pasta Penne 500g",
    "WOW Price": 0.8,
    "WOW Size": "500g",
    "WOW ppu": "$0.16 / 100G"
  },
  {
    "Brand_Product_Size": "Only Organic Blueberry & Purple Carrot Rice Cakes 20g",
    "WOW Price": 1.8,
    "WOW Size": "20g",
    "WOW ppu": "$9.00 / 100G"
  },
  {
    "Brand_Product_Size": "Diploma Full Cream Long Life Milk Powder 400g",
    "WOW Price": 6,
    "WOW Size": "400g",
    "WOW ppu": "$1.50 / 100G"
  },
  {
    "Brand_Product_Size": "Diploma Full Cream Long Life Milk Powder 400g",
    "WOW Price": 6,
    "WOW Size": "400g",
    "WOW ppu": "$1.50 / 100G"
  },
  {
    "Brand_Product_Size": "Chux Extra Comfort Gloves Sensitive Skin Large 1 pair",
    "WOW Price": 3,
    "WOW Size": "1 pair",
    "WOW ppu": "$3.00 / 1EA"
  },
  {
    "Brand_Product_Size": "Double D Eucalyptus & Honey Drops 150g",
    "WOW Price": 1.75,
    "WOW Size": "150g",
    "WOW ppu": "$1.17 / 100G"
  },
  {
    "Brand_Product_Size": "Essentials Candle Pillar 150mm X 70mm each",
    "WOW Price": 4.6,
    "WOW Size": "each",
    "WOW ppu": ""
  },
  {
    "Brand_Product_Size": "Colgate Optic White High Impact Teeth Whitening Toothpaste 85g",
    "WOW Price": 8,
    "WOW Size": "85g",
    "WOW ppu": "$9.41 / 100G"
  },
  {
    "Brand_Product_Size": "Nestle Carnation Lite Cooking Cream 300mL",
    "WOW Price": 3,
    "WOW Size": "300mL",
    "WOW ppu": "$10.00 / 1L"
  },
  {
    "Brand_Product_Size": "Lo Bros Kombucha Ginger Beer 4 pack",
    "WOW Price": 12,
    "WOW Size": "4 pack",
    "WOW ppu": "$9.09 / 1L"
  },
  {
    "Brand_Product_Size": "Woolworths Door Draught Stopper each",
    "WOW Price": 4,
    "WOW Size": "each",
    "WOW ppu": ""
  },
  {
    "Brand_Product_Size": "Betty Crocker Milk Chocolate Chunk Cookie Mix 485g",
    "WOW Price": 5.2,
    "WOW Size": "485g",
    "WOW ppu": "$1.07 / 100G"
  },
  {
    "Brand_Product_Size": "Dairy Farmers Classic Caramel 500mL",
    "WOW Price": 2.4,
    "WOW Size": "500mL",
    "WOW ppu": "$4.80 / 1L"
  },
  {
    "Brand_Product_Size": "Ceres Organic Chickpea Crisps Turmeric & Black Pepper 100g",
    "WOW Price": 3.5,
    "WOW Size": "100g",
    "WOW ppu": "$3.50 / 100G"
  },
  {
    "Brand_Product_Size": "Swisse Ultiboost Mega B + Tablets 60 pack",
    "WOW Price": 42,
    "WOW Size": "60 pack",
    "WOW ppu": "$70.00 / 100EA"
  },
  {
    "Brand_Product_Size": "Ecotools Brow Shaping Duo each",
    "WOW Price": 7,
    "WOW Size": "each",
    "WOW ppu": ""
  },
  {
    "Brand_Product_Size": "Woolworths Thickened Cream 600mL",
    "WOW Price": 3,
    "WOW Size": "600mL",
    "WOW ppu": "$0.50 / 100ML"
  },
  {
    "Brand_Product_Size": "Twinings Green Tea With Lemon Tea Bags 50 pack",
    "WOW Price": 6,
    "WOW Size": "50 pack",
    "WOW ppu": "$0.12 / 1EA"
  },
  {
    "Brand_Product_Size": "Twinings Green Tea With Lemon Tea Bags 50 pack",
    "WOW Price": 6,
    "WOW Size": "50 pack",
    "WOW ppu": "$0.12 / 1EA"
  },
  {
    "Brand_Product_Size": "Golden Circle Cordial Lime Crush 2L",
    "WOW Price": 3,
    "WOW Size": "2L",
    "WOW ppu": "$1.50 / 1L"
  },
  {
    "Brand_Product_Size": "Arnott's Monte Carlo 250g",
    "WOW Price": 2,
    "WOW Size": "250g",
    "WOW ppu": "$0.80 / 100G"
  },
  {
    "Brand_Product_Size": "Extra Soft Chew White Spearmint Chewing Gum Sugar Free Bottle 67g",
    "WOW Price": 4,
    "WOW Size": "67g",
    "WOW ppu": "$5.97 / 100G"
  },
  {
    "Brand_Product_Size": "Woolworths Onion Brown P/p 1kg",
    "WOW Price": 1.5,
    "WOW Size": "1kg",
    "WOW ppu": "$1.50 / 1KG"
  },
  {
    "Brand_Product_Size": "Four'n Twenty Party Pies 12 pack",
    "WOW Price": 6,
    "WOW Size": "12 pack",
    "WOW ppu": "$1.00 / 100G"
  },
  {
    "Brand_Product_Size": "Foster Clark's Snak Pack Custard Pouch Vanilla 120g",
    "WOW Price": 1.5,
    "WOW Size": "120g",
    "WOW ppu": "$1.25 / 100G"
  },
  {
    "Brand_Product_Size": "Kellogg's Just Right Apricot & Sultana Cereal Value Pack 1.2kg",
    "WOW Price": 10,
    "WOW Size": "1.2kg",
    "WOW ppu": "$0.83 / 100G"
  },
  {
    "Brand_Product_Size": "Eclipse Chewy Mints Peppermint Tin Peppermint 27g",
    "WOW Price": 1.2,
    "WOW Size": "27g",
    "WOW ppu": "$4.44 / 100G"
  },
  {
    "Brand_Product_Size": "Primo Cabanossi 300g",
    "WOW Price": 4.75,
    "WOW Size": "300g",
    "WOW ppu": "$15.83 / 1KG"
  },
  {
    "Brand_Product_Size": "One Night In Mexico Lime & Jalapeno Chicken Taco Kit 435g",
    "WOW Price": 5,
    "WOW Size": "435g",
    "WOW ppu": "$1.15 / 100G"
  },
  {
    "Brand_Product_Size": "Nair Sensitive Strip Free Wax 400g",
    "WOW Price": 22,
    "WOW Size": "400g",
    "WOW ppu": "$5.50 / 100G"
  },
  {
    "Brand_Product_Size": "Supreme Clean White Bleach Lemon 2L",
    "WOW Price": 3.99,
    "WOW Size": "2L",
    "WOW ppu": "$2.00 / 1L"
  },
  {
    "Brand_Product_Size": "Woolworths Peanuts Roasted & Salted 750g pack",
    "WOW Price": 7,
    "WOW Size": "750g pack",
    "WOW ppu": "$9.33 / 1KG"
  },
  {
    "Brand_Product_Size": "Johnson's Baby Wash Bedtime Bath 500mL",
    "WOW Price": 9.5,
    "WOW Size": "500mL",
    "WOW ppu": "$1.90 / 100ML"
  },
  {
    "Brand_Product_Size": "La Zuppa Microwave Soup Pumpkin 420g",
    "WOW Price": 4,
    "WOW Size": "420g",
    "WOW ppu": "$0.95 / 100G"
  },
  {
    "Brand_Product_Size": "Woolworths Traditional Bocconcini 220g",
    "WOW Price": 4,
    "WOW Size": "220g",
    "WOW ppu": "$18.18 / 1KG"
  },
  {
    "Brand_Product_Size": "Woolworths Traditional Bocconcini 220g",
    "WOW Price": 4,
    "WOW Size": "220g",
    "WOW ppu": "$18.18 / 1KG"
  },
  {
    "Brand_Product_Size": "Massel Ultracubes Salt Reduced Chicken 105g",
    "WOW Price": 3.4,
    "WOW Size": "105g",
    "WOW ppu": "$0.32 / 10G"
  },
  {
    "Brand_Product_Size": "Meander Valley Clotted Cream 100mL",
    "WOW Price": 4.55,
    "WOW Size": "100mL",
    "WOW ppu": "$4.55 / 100ML"
  },
  {
    "Brand_Product_Size": "Manicare Precision Tweezers Pink each",
    "WOW Price": 6.25,
    "WOW Size": "each",
    "WOW ppu": ""
  },
  {
    "Brand_Product_Size": "Woolworths Quick Oats 750g",
    "WOW Price": 1.4,
    "WOW Size": "750g",
    "WOW ppu": "$0.19 / 100G"
  },
  {
    "Brand_Product_Size": "Green's Pancake Mix Original Shake 375g",
    "WOW Price": 2.2,
    "WOW Size": "375g",
    "WOW ppu": "$0.59 / 100G"
  },
  {
    "Brand_Product_Size": "Sheer Relief Pantyhose Control Support Black Tall each",
    "WOW Price": 9,
    "WOW Size": "each",
    "WOW ppu": ""
  },
  {
    "Brand_Product_Size": "Brown Brothers Prosecco Nv 4x200mL",
    "WOW Price": 18,
    "WOW Size": "4x200mL",
    "WOW ppu": ""
  },
  {
    "Brand_Product_Size": "Woolworths Almond Meal 665g",
    "WOW Price": 10.5,
    "WOW Size": "665g",
    "WOW ppu": "$15.79 / 1KG"
  },
  {
    "Brand_Product_Size": "Pastoral Oven Roasted Pork Herb Crusted Sliced From The Deli per kg",
    "WOW Price": 25,
    "WOW Size": "per kg",
    "WOW ppu": "$25.00 / 1KG"
  },
  {
    "Brand_Product_Size": "Jack The Barber Medium Pomade Firm Hold 95g",
    "WOW Price": 7.5,
    "WOW Size": "95g",
    "WOW ppu": "$7.89 / 100G"
  },
  {
    "Brand_Product_Size": "Vicks Vapodrops Honey Lemon Menthol Lozenges 36 pack",
    "WOW Price": 7.2,
    "WOW Size": "36 pack",
    "WOW ppu": "$0.20 / 1EA"
  },
  {
    "Brand_Product_Size": "Mcobeauty Ultra Stay Flawless Foundation Natural Beige 35mL",
    "WOW Price": 13,
    "WOW Size": "35mL",
    "WOW ppu": "$3.71 / 10ML"
  },
  {
    "Brand_Product_Size": "L'oreal Wrinkle Expert 45+ 50mL",
    "WOW Price": 15,
    "WOW Size": "50mL",
    "WOW ppu": "$30.00 / 100ML"
  },
  {
    "Brand_Product_Size": "Blackmores Odourless Omega Triple Concentration Fish Oil Caps 60 pack",
    "WOW Price": 25,
    "WOW Size": "60 pack",
    "WOW ppu": "$41.67 / 100EA"
  },
  {
    "Brand_Product_Size": "Woolworths Cook Pork Steaks With Sweet & Smokey Bbq Glaze 250g",
    "WOW Price": 7.5,
    "WOW Size": "250g",
    "WOW ppu": "$30.00 / 1KG"
  },
  {
    "Brand_Product_Size": "Balnea Refreshing Lime Zest Anti Bacterial Hand Wash Refill 1L",
    "WOW Price": 3,
    "WOW Size": "1L",
    "WOW ppu": "$0.30 / 100ML"
  },
  {
    "Brand_Product_Size": "Macro Maca Powder 150g",
    "WOW Price": 4.5,
    "WOW Size": "150g",
    "WOW ppu": "$3.00 / 100G"
  },
  {
    "Brand_Product_Size": "Schlossgold Non Alcoholic Beer Beer 6x500mL",
    "WOW Price": 11.65,
    "WOW Size": "6x500mL",
    "WOW ppu": "$3.88 / 1L"
  },
  {
    "Brand_Product_Size": "Woolworths Rspca Approved Chicken Breast Fillet min. 350g",
    "WOW Price": 9.5,
    "WOW Size": "min. 350g",
    "WOW ppu": "$9.50 / 1KG"
  },
  {
    "Brand_Product_Size": "Colgate Total Original Antibacterial Fluoride Toothpaste 115g",
    "WOW Price": 3,
    "WOW Size": "115g",
    "WOW ppu": "$2.61 / 100G"
  },
  {
    "Brand_Product_Size": "Woolworths Lean Beef Mince 1kg",
    "WOW Price": 15,
    "WOW Size": "1kg",
    "WOW ppu": "$15.00 / 1KG"
  },
  {
    "Brand_Product_Size": "Air Wick Pure Aerosol Fresh Berries 159g",
    "WOW Price": 7,
    "WOW Size": "159g",
    "WOW ppu": "$4.40 / 100G"
  },
  {
    "Brand_Product_Size": "Kettle Thai Chilli & Lime Potato Chips 150g",
    "WOW Price": 3.25,
    "WOW Size": "150g",
    "WOW ppu": "$2.17 / 100G"
  },
  {
    "Brand_Product_Size": "Hans Pepperoni Hot Rocket 15g",
    "WOW Price": 1,
    "WOW Size": "15g",
    "WOW ppu": "$66.67 / 1KG"
  },
  {
    "Brand_Product_Size": "Bundaberg Tropical Mango Sparkling Drink 4x375mL",
    "WOW Price": 6.35,
    "WOW Size": "4x375mL",
    "WOW ppu": "$4.23 / 1L"
  },
  {
    "Brand_Product_Size": "Australia's Own Barista Macadamia Milk 1L",
    "WOW Price": 4.5,
    "WOW Size": "1L",
    "WOW ppu": "$4.50 / 1L"
  },
  {
    "Brand_Product_Size": "Australia's Own Barista Macadamia Milk 1L",
    "WOW Price": 4.5,
    "WOW Size": "1L",
    "WOW ppu": "$4.50 / 1L"
  },
  {
    "Brand_Product_Size": "Tasmanian Pate Smoked Salmon & Orange Brandy Pate 190g",
    "WOW Price": 5.4,
    "WOW Size": "190g",
    "WOW ppu": "$28.42 / 1KG"
  },
  {
    "Brand_Product_Size": "Angas Park Pitted Dates 500g",
    "WOW Price": 5,
    "WOW Size": "500g",
    "WOW ppu": "$10.00 / 1KG"
  },
  {
    "Brand_Product_Size": "Korbond Instant Iron On Hemming Web 10m each",
    "WOW Price": 4,
    "WOW Size": "each",
    "WOW ppu": ""
  },
  {
    "Brand_Product_Size": "Dove Nutritive Solutions Conditioner Daily Moisture 640mL",
    "WOW Price": 8.4,
    "WOW Size": "640mL",
    "WOW ppu": "$1.31 / 100ML"
  },
  {
    "Brand_Product_Size": "Sanofi Hydrogen Peroxide 200mL",
    "WOW Price": 4,
    "WOW Size": "200mL",
    "WOW ppu": "$2.00 / 100ML"
  },
  {
    "Brand_Product_Size": "Woolworths Basmati Rice Microwave Cup 2 x125g",
    "WOW Price": 2,
    "WOW Size": "2 x125g",
    "WOW ppu": "$0.80 / 100G"
  },
  {
    "Brand_Product_Size": "Woolworths Colby Cheese Slices 500g",
    "WOW Price": 6.5,
    "WOW Size": "500g",
    "WOW ppu": "$13.00 / 1KG"
  },
  {
    "Brand_Product_Size": "Woolworths Colby Cheese Slices 500g",
    "WOW Price": 6.5,
    "WOW Size": "500g",
    "WOW ppu": "$13.00 / 1KG"
  },
  {
    "Brand_Product_Size": "Vittoria Mountain Grown Ground Coffee 1kg",
    "WOW Price": 36.5,
    "WOW Size": "1kg",
    "WOW ppu": "$3.65 / 100G"
  },
  {
    "Brand_Product_Size": "Vittoria Mountain Grown Ground Coffee 1kg",
    "WOW Price": 36.5,
    "WOW Size": "1kg",
    "WOW ppu": "$3.65 / 100G"
  },
  {
    "Brand_Product_Size": "Woolworths Berry Smoothie 1L",
    "WOW Price": 3.5,
    "WOW Size": "1L",
    "WOW ppu": "$3.50 / 1L"
  },
  {
    "Brand_Product_Size": "Uncle Tobys Rolled Oats Big Bowl Quick Sachets Original 8 pack",
    "WOW Price": 5,
    "WOW Size": "8 pack",
    "WOW ppu": "$1.36 / 100G"
  },
  {
    "Brand_Product_Size": "Oak Thickshake Cookies & Cream 425mL",
    "WOW Price": 2.85,
    "WOW Size": "425mL",
    "WOW ppu": "$6.71 / 1L"
  },
  {
    "Brand_Product_Size": "Mayver's Hulled Tahini Spread 385g",
    "WOW Price": 5.3,
    "WOW Size": "385g",
    "WOW ppu": "$1.38 / 100G"
  },
  {
    "Brand_Product_Size": "Primo Chicken Dippers Sweet Chilli 85g",
    "WOW Price": 4,
    "WOW Size": "85g",
    "WOW ppu": "$47.06 / 1KG"
  },
  {
    "Brand_Product_Size": "Woolworths Tuna Chunks In Spring Water 425g",
    "WOW Price": 3,
    "WOW Size": "425g",
    "WOW ppu": "$7.06 / 1KG"
  },
  {
    "Brand_Product_Size": "Brown Brothers Prosecco Nv 200mL",
    "WOW Price": 5,
    "WOW Size": "200mL",
    "WOW ppu": ""
  },
  {
    "Brand_Product_Size": "Woolworths Chips Crinkle Cut Original 175g",
    "WOW Price": 1.8,
    "WOW Size": "175g",
    "WOW ppu": "$1.03 / 100G"
  },
  {
    "Brand_Product_Size": "Woolworths Caramel Bar Slice 260g",
    "WOW Price": 6.5,
    "WOW Size": "260g",
    "WOW ppu": "$2.50 / 100G"
  },
  {
    "Brand_Product_Size": "Latina Fresh Spinach & Ricotta Agnolotti 625g",
    "WOW Price": 6,
    "WOW Size": "625g",
    "WOW ppu": "$0.96 / 100G"
  },
  {
    "Brand_Product_Size": "Olsent Led Gls Bc 9w 810lm Ww 2 pack",
    "WOW Price": 10,
    "WOW Size": "2 pack",
    "WOW ppu": "$5.00 / 1EA"
  },
  {
    "Brand_Product_Size": "Revlon Colorstay Full Coverage Foundation Nude 30mL",
    "WOW Price": 15,
    "WOW Size": "30mL",
    "WOW ppu": "$5.00 / 10ML"
  },
  {
    "Brand_Product_Size": "Sup Hair Skin & Nails Gummies Raspberry Flavour 60 pack",
    "WOW Price": 12,
    "WOW Size": "60 pack",
    "WOW ppu": "$20.00 / 100EA"
  },
  {
    "Brand_Product_Size": "Fussy Cat Grain Free Cat Food Chicken & Turkey With Cranberry 85g",
    "WOW Price": 1.19,
    "WOW Size": "85g",
    "WOW ppu": "$1.40 / 100G"
  },
  {
    "Brand_Product_Size": "Optislim Life Optibiome Vanilla Shake 10 pack",
    "WOW Price": 36,
    "WOW Size": "10 pack",
    "WOW ppu": "$6.00 / 100G"
  },
  {
    "Brand_Product_Size": "Fisherman's Friend Mints Extra Strong 25g pack",
    "WOW Price": 1.8,
    "WOW Size": "25g pack",
    "WOW ppu": "$7.20 / 100G"
  },
  {
    "Brand_Product_Size": "Stubb's Sticky Sweet Bar-b-q Sauce 510g",
    "WOW Price": 6,
    "WOW Size": "510g",
    "WOW ppu": "$1.18 / 100G"
  },
  {
    "Brand_Product_Size": "Earthwise Baby Body Wash Goats Milk 275mL",
    "WOW Price": 8,
    "WOW Size": "275mL",
    "WOW ppu": "$2.91 / 100ML"
  },
  {
    "Brand_Product_Size": "Gillette Mach3+ Blades 8 pack",
    "WOW Price": 26,
    "WOW Size": "8 pack",
    "WOW ppu": "$3.25 / 1EA"
  },
  {
    "Brand_Product_Size": "Ansell Gloves Dermo Plus Small 1 pair",
    "WOW Price": 4,
    "WOW Size": "1 pair",
    "WOW ppu": "$4.00 / 1EA"
  },
  {
    "Brand_Product_Size": "Vittoria Espresso Ground Coffee 1kg",
    "WOW Price": 28,
    "WOW Size": "1kg",
    "WOW ppu": "$2.80 / 100G"
  },
  {
    "Brand_Product_Size": "Vittoria Espresso Ground Coffee 1kg",
    "WOW Price": 28,
    "WOW Size": "1kg",
    "WOW ppu": "$2.80 / 100G"
  },
  {
    "Brand_Product_Size": "Redwin Sorbolene Body Moisturiser With Vitamin E 1L",
    "WOW Price": 6.3,
    "WOW Size": "1L",
    "WOW ppu": "$0.63 / 100ML"
  },
  {
    "Brand_Product_Size": "L'oreal Paris Magic Retouch Hair Colour 5 Blonde each",
    "WOW Price": 12.75,
    "WOW Size": "each",
    "WOW ppu": "$17.00 / 100ML"
  },
  {
    "Brand_Product_Size": "Steggles Sweet Chilli Chicken Tenders 1kg",
    "WOW Price": 11,
    "WOW Size": "1kg",
    "WOW ppu": "$11.00 / 1KG"
  },
  {
    "Brand_Product_Size": "Omo 3in1 Capsule Active 728g",
    "WOW Price": 22,
    "WOW Size": "728g",
    "WOW ppu": "$0.79 / 1EA"
  },
  {
    "Brand_Product_Size": "Juicy Isle Organic Apple Juice 1.5L",
    "WOW Price": 5.5,
    "WOW Size": "1.5L",
    "WOW ppu": "$3.67 / 1L"
  },
  {
    "Brand_Product_Size": "Finish Powerball Quantum Ultimate Dishwasher Tablets Lemon 18 pack",
    "WOW Price": 10,
    "WOW Size": "18 pack",
    "WOW ppu": "$0.56 / 1EA"
  },
  {
    "Brand_Product_Size": "Remedy Organic Kombucha Raspberry Lemonade 750mL",
    "WOW Price": 5,
    "WOW Size": "750mL",
    "WOW ppu": "$6.67 / 1L"
  },
  {
    "Brand_Product_Size": "Tena Ultra Thin Pads Standard Length 12 pack",
    "WOW Price": 3.5,
    "WOW Size": "12 pack",
    "WOW ppu": "$0.29 / 1EA"
  },
  {
    "Brand_Product_Size": "Birds Eye Potato Gems 1kg",
    "WOW Price": 4.3,
    "WOW Size": "1kg",
    "WOW ppu": "$4.30 / 1KG"
  },
  {
    "Brand_Product_Size": "Woolworths Tropical Smoothie 1L",
    "WOW Price": 3.5,
    "WOW Size": "1L",
    "WOW ppu": "$3.50 / 1L"
  },
  {
    "Brand_Product_Size": "Golden Wok Diana Chan Korean Beef Dumpling 230g",
    "WOW Price": 5,
    "WOW Size": "230g",
    "WOW ppu": "$2.17 / 100G"
  },
  {
    "Brand_Product_Size": "Rufus & Coco Dog Breath Buddy Water Additive 150mL",
    "WOW Price": 13.44,
    "WOW Size": "150mL",
    "WOW ppu": "$8.96 / 100ML"
  },
  {
    "Brand_Product_Size": "Harpic Plat Pro Shield Toilet Liquid Marine Explosion 500mL",
    "WOW Price": 5,
    "WOW Size": "500mL",
    "WOW ppu": "$1.00 / 100ML"
  },
  {
    "Brand_Product_Size": "Kellogg's All-bran Flakes Honey Almond Cereal 420g",
    "WOW Price": 4.85,
    "WOW Size": "420g",
    "WOW ppu": "$1.15 / 100G"
  },
  {
    "Brand_Product_Size": "Underworks Ladies Athleisure Hi-cut 16 3 pack",
    "WOW Price": 14,
    "WOW Size": "3 pack",
    "WOW ppu": ""
  },
  {
    "Brand_Product_Size": "Ambi Pur Bathroom Spray Fresh Sky 275g",
    "WOW Price": 7,
    "WOW Size": "275g",
    "WOW ppu": "$2.55 / 100G"
  },
  {
    "Brand_Product_Size": "Leggos Ravioli Beef Tomato & Parmesan 360g",
    "WOW Price": 4.5,
    "WOW Size": "360g",
    "WOW ppu": "$1.25 / 100G"
  },
  {
    "Brand_Product_Size": "Glow Lab Hydrating Conditioner 300mL",
    "WOW Price": 18,
    "WOW Size": "300mL",
    "WOW ppu": "$6.00 / 100ML"
  },
  {
    "Brand_Product_Size": "Garnier Nutrisse Hair Colour 7.0 Almond Crme each",
    "WOW Price": 7.46,
    "WOW Size": "each",
    "WOW ppu": ""
  },
  {
    "Brand_Product_Size": "Primo Pepperoni Salami Hot 80g",
    "WOW Price": 3.25,
    "WOW Size": "80g",
    "WOW ppu": "$40.63 / 1KG"
  },
  {
    "Brand_Product_Size": "Primo Pepperoni Salami Hot 80g",
    "WOW Price": 3.25,
    "WOW Size": "80g",
    "WOW ppu": "$40.63 / 1KG"
  },
  {
    "Brand_Product_Size": "Philips Cfl Tornado Warm White 12w Bc Base each",
    "WOW Price": 6.5,
    "WOW Size": "each",
    "WOW ppu": "$6.50 / 1EA"
  },
  {
    "Brand_Product_Size": "Whittaker's Block Hazelnut 250g",
    "WOW Price": 6,
    "WOW Size": "250g",
    "WOW ppu": "$3.00 / 100G"
  },
  {
    "Brand_Product_Size": "Hans Salami Sticks 15g",
    "WOW Price": 1,
    "WOW Size": "15g",
    "WOW ppu": "$66.67 / 1KG"
  },
  {
    "Brand_Product_Size": "Twinings English Breakfast Loose Leaf Tea 125g",
    "WOW Price": 6,
    "WOW Size": "125g",
    "WOW ppu": "$4.80 / 100G"
  },
  {
    "Brand_Product_Size": "Twinings English Breakfast Loose Leaf Tea 125g",
    "WOW Price": 6,
    "WOW Size": "125g",
    "WOW ppu": "$4.80 / 100G"
  },
  {
    "Brand_Product_Size": "Woolworths Pecans Halves 400g pack",
    "WOW Price": 13,
    "WOW Size": "400g pack",
    "WOW ppu": "$32.50 / 1KG"
  },
  {
    "Brand_Product_Size": "Meadowlea Salt Reduced Spread Salt Reduced 500g",
    "WOW Price": 2,
    "WOW Size": "500g",
    "WOW ppu": "$0.40 / 100G"
  },
  {
    "Brand_Product_Size": "Omo 3in1 Capsule Odour Eliminator 442g",
    "WOW Price": 16,
    "WOW Size": "442g",
    "WOW ppu": "$0.94 / 1EA"
  },
  {
    "Brand_Product_Size": "Balnea Exfoliating Gloves each",
    "WOW Price": 3.8,
    "WOW Size": "each",
    "WOW ppu": "$3.80 / 1EA"
  },
  {
    "Brand_Product_Size": "Woolworths Diet Tonic Water 1.25L",
    "WOW Price": 1,
    "WOW Size": "1.25L",
    "WOW ppu": "$0.80 / 1L"
  },
  {
    "Brand_Product_Size": "Gourmet Garden Coriander Lightly Dried 8g sachet",
    "WOW Price": 3.5,
    "WOW Size": "8g sachet",
    "WOW ppu": "$4.38 / 10G"
  },
  {
    "Brand_Product_Size": "Gourmet Garden Coriander Lightly Dried 8g sachet",
    "WOW Price": 3.5,
    "WOW Size": "8g sachet",
    "WOW ppu": "$4.38 / 10G"
  },
  {
    "Brand_Product_Size": "Canon Printer Ink Mg2260pr Black each",
    "WOW Price": 25.6,
    "WOW Size": "each",
    "WOW ppu": ""
  },
  {
    "Brand_Product_Size": "Birds Eye Steam Fresh Peas Beans Broccoli Corn Mix 750g",
    "WOW Price": 4,
    "WOW Size": "750g",
    "WOW ppu": "$5.33 / 1KG"
  },
  {
    "Brand_Product_Size": "L'oreal Extraordinary Oil 30mL",
    "WOW Price": 10,
    "WOW Size": "30mL",
    "WOW ppu": "$33.33 / 100ML"
  },
  {
    "Brand_Product_Size": "Baby Mum Mum Strawberry & Beetroot Rusks 18 pack",
    "WOW Price": 3,
    "WOW Size": "18 pack",
    "WOW ppu": "$8.33 / 100G"
  },
  {
    "Brand_Product_Size": "Reese's Peanut Butter Chocolate Cone 4 pack",
    "WOW Price": 8.5,
    "WOW Size": "4 pack",
    "WOW ppu": "$1.80 / 100ML"
  },
  {
    "Brand_Product_Size": "Tom & Luke Dark Strawberry Chocolate Snackaballs 132g",
    "WOW Price": 5,
    "WOW Size": "132g",
    "WOW ppu": "$3.79 / 100G"
  },
  {
    "Brand_Product_Size": "Ingham's Chicken Breast Supreme Sliced From The Deli per kg",
    "WOW Price": 19,
    "WOW Size": "per kg",
    "WOW ppu": "$19.00 / 1KG"
  },
  {
    "Brand_Product_Size": "Dollar Sweets Polka Dot Patty Pans 100 pack",
    "WOW Price": 2.5,
    "WOW Size": "100 pack",
    "WOW ppu": ""
  },
  {
    "Brand_Product_Size": "1000hour Eyelashes & Brow Dye Kit Dark Brown each",
    "WOW Price": 14,
    "WOW Size": "each",
    "WOW ppu": "$14.00 / 1EA"
  },
  {
    "Brand_Product_Size": "Mccain Man Size Bangers & Mash 500g",
    "WOW Price": 8,
    "WOW Size": "500g",
    "WOW ppu": "$1.60 / 100G"
  },
  {
    "Brand_Product_Size": "Woolworths Lamington Bar Cake 450g",
    "WOW Price": 5,
    "WOW Size": "450g",
    "WOW ppu": "$1.11 / 100G"
  },
  {
    "Brand_Product_Size": "Dilmah Extra Strength Tea Bags 200 pack",
    "WOW Price": 7.5,
    "WOW Size": "200 pack",
    "WOW ppu": "$0.04 / 1EA"
  },
  {
    "Brand_Product_Size": "Dilmah Extra Strength Tea Bags 200 pack",
    "WOW Price": 7.5,
    "WOW Size": "200 pack",
    "WOW ppu": "$0.04 / 1EA"
  },
  {
    "Brand_Product_Size": "Heilala Baking Blend Vanilla Extract 125mL",
    "WOW Price": 6.8,
    "WOW Size": "125mL",
    "WOW ppu": "$5.44 / 100ML"
  },
  {
    "Brand_Product_Size": "Neutrogena Fresh Foaming Cleanser 200mL",
    "WOW Price": 13.3,
    "WOW Size": "200mL",
    "WOW ppu": "$6.65 / 100ML"
  },
  {
    "Brand_Product_Size": "Mud Lipstick 013 Pure Passion 2.1g",
    "WOW Price": 4.5,
    "WOW Size": "2.1g",
    "WOW ppu": "$21.43 / 10G"
  },
  {
    "Brand_Product_Size": "Redheads Foil-sealed Firelighters Fire Lighters 24 pack",
    "WOW Price": 4,
    "WOW Size": "24 pack",
    "WOW ppu": "$0.17 / 1EA"
  },
  {
    "Brand_Product_Size": "5 Star 3in1 Degreaser 400g",
    "WOW Price": 3,
    "WOW Size": "400g",
    "WOW ppu": "$0.75 / 100G"
  },
  {
    "Brand_Product_Size": "Thankyou. Body Wash - Botanical Geranium & Rosewood 500mL",
    "WOW Price": 8,
    "WOW Size": "500mL",
    "WOW ppu": "$1.60 / 100ML"
  },
  {
    "Brand_Product_Size": "Moccona Skim Cappuccino 10 pack 140g",
    "WOW Price": 4.5,
    "WOW Size": "10 pack 140g",
    "WOW ppu": "$3.21 / 100G"
  },
  {
    "Brand_Product_Size": "Moccona Skim Cappuccino 10 pack 140g",
    "WOW Price": 4.5,
    "WOW Size": "10 pack 140g",
    "WOW ppu": "$3.21 / 100G"
  },
  {
    "Brand_Product_Size": "The Free Ranger Free Range Chicken Thigh Fillets 450g - 550g",
    "WOW Price": 9.9,
    "WOW Size": "450g - 550g",
    "WOW ppu": "$18.00 / 1KG"
  },
  {
    "Brand_Product_Size": "Dolmio Extra Tomato Onion & Roast Garlic Pasta Sauce 500g",
    "WOW Price": 2.9,
    "WOW Size": "500g",
    "WOW ppu": "$0.58 / 100G"
  },
  {
    "Brand_Product_Size": "Staedtler Triplus Fineliner 10 pack",
    "WOW Price": 13.3,
    "WOW Size": "10 pack",
    "WOW ppu": ""
  },
  {
    "Brand_Product_Size": "Bosisto's Lavender Spray 125g",
    "WOW Price": 12,
    "WOW Size": "125g",
    "WOW ppu": "$9.60 / 100G"
  },
  {
    "Brand_Product_Size": "My Dog Tasty Kangaroo Loaf Classics Wet Dog Food Tray 100g",
    "WOW Price": 1,
    "WOW Size": "100g",
    "WOW ppu": "$1.00 / 100G"
  },
  {
    "Brand_Product_Size": "Schwarzkopf Silhoutte Hair Spray Lacquer 500g",
    "WOW Price": 9.99,
    "WOW Size": "500g",
    "WOW ppu": "$2.00 / 100G"
  },
  {
    "Brand_Product_Size": "Bin Buddy Berry And Citrus 450g",
    "WOW Price": 9.95,
    "WOW Size": "450g",
    "WOW ppu": "$2.21 / 100G"
  },
  {
    "Brand_Product_Size": "Dove Sensitive Beauty Bar Soap Hypo-allergenic 2x100g",
    "WOW Price": 3.8,
    "WOW Size": "2x100g",
    "WOW ppu": "$1.90 / 100G"
  },
  {
    "Brand_Product_Size": "Mcobeauty Microfibre Velvet Sponge each",
    "WOW Price": 5,
    "WOW Size": "each",
    "WOW ppu": "$5.00 / 1EA"
  },
  {
    "Brand_Product_Size": "Danone Yopro Pouch Vanilla Yoghurt 150g",
    "WOW Price": 2.4,
    "WOW Size": "150g",
    "WOW ppu": "$1.60 / 100G"
  },
  {
    "Brand_Product_Size": "Berri Quelch Fruit Sticks Ice Blocks 24x70mL",
    "WOW Price": 7,
    "WOW Size": "24x70mL",
    "WOW ppu": "$0.42 / 100ML"
  },
  {
    "Brand_Product_Size": "Connect Foods Organic Lucuma Powder 150g",
    "WOW Price": 10,
    "WOW Size": "150g",
    "WOW ppu": "$6.67 / 100G"
  },
  {
    "Brand_Product_Size": "Woolworths Crme Wafer Minis 6 pack",
    "WOW Price": 2.5,
    "WOW Size": "6 pack",
    "WOW ppu": "$1.43 / 100G"
  },
  {
    "Brand_Product_Size": "Woolworths Crme Wafer Minis 6 pack",
    "WOW Price": 2.5,
    "WOW Size": "6 pack",
    "WOW ppu": "$1.43 / 100G"
  },
  {
    "Brand_Product_Size": "Tom Organic Overnight Pads 8 pack",
    "WOW Price": 5,
    "WOW Size": "8 pack",
    "WOW ppu": "$0.63 / 1EA"
  },
  {
    "Brand_Product_Size": "100 Plus Sport Isotonic Can 325mL",
    "WOW Price": 1.3,
    "WOW Size": "325mL",
    "WOW ppu": "$4.00 / 1L"
  },
  {
    "Brand_Product_Size": "Masterfoods Paprika 115g",
    "WOW Price": 6.25,
    "WOW Size": "115g",
    "WOW ppu": "$0.54 / 10G"
  },
  {
    "Brand_Product_Size": "L'or Espresso Guatemala Intensity 7 Coffee Capsules 10 pack",
    "WOW Price": 6,
    "WOW Size": "10 pack",
    "WOW ppu": "$0.60 / 1EA"
  },
  {
    "Brand_Product_Size": "L'or Espresso Guatemala Intensity 7 Coffee Capsules 10 pack",
    "WOW Price": 6,
    "WOW Size": "10 pack",
    "WOW ppu": "$0.60 / 1EA"
  },
  {
    "Brand_Product_Size": "Nivea Men Refreshing Face Wash + Aloe Vera 150mL",
    "WOW Price": 7.2,
    "WOW Size": "150mL",
    "WOW ppu": "$4.80 / 100ML"
  },
  {
    "Brand_Product_Size": "Heavenly Banquet Pork & Spring Onion Dumpling 750g",
    "WOW Price": 15,
    "WOW Size": "750g",
    "WOW ppu": "$2.00 / 100G"
  },
  {
    "Brand_Product_Size": "Woolworths Cook Chicken Breast Steaks Lemon & Pepper 500g",
    "WOW Price": 10,
    "WOW Size": "500g",
    "WOW ppu": "$20.00 / 1KG"
  },
  {
    "Brand_Product_Size": "Fehlbergs Chipotle Cucumbers 470g",
    "WOW Price": 3.3,
    "WOW Size": "470g",
    "WOW ppu": "$0.70 / 100G"
  },
  {
    "Brand_Product_Size": "L'oreal Men Expert Hydra Energetic Taurine Shower 300mL",
    "WOW Price": 3.6,
    "WOW Size": "300mL",
    "WOW ppu": "$1.20 / 100ML"
  },
  {
    "Brand_Product_Size": "Lemnos Smooth Fetta Cheese 200g",
    "WOW Price": 4.5,
    "WOW Size": "200g",
    "WOW ppu": "$22.50 / 1KG"
  },
  {
    "Brand_Product_Size": "Lemnos Smooth Fetta Cheese 200g",
    "WOW Price": 4.5,
    "WOW Size": "200g",
    "WOW ppu": "$22.50 / 1KG"
  },
  {
    "Brand_Product_Size": "Huggies Ultra Dry Nappy Pants Size 4 Girls 58 pack",
    "WOW Price": 25,
    "WOW Size": "58 pack",
    "WOW ppu": "$0.43 / 1EA"
  },
  {
    "Brand_Product_Size": "Woolworths Lolly Party Mix 650g",
    "WOW Price": 3,
    "WOW Size": "650g",
    "WOW ppu": "$0.46 / 100G"
  },
  {
    "Brand_Product_Size": "Arnott's Granita 250g",
    "WOW Price": 3,
    "WOW Size": "250g",
    "WOW ppu": "$1.20 / 100G"
  },
  {
    "Brand_Product_Size": "Mayver's Smooth Peanut Butter 750g",
    "WOW Price": 8.5,
    "WOW Size": "750g",
    "WOW ppu": "$1.13 / 100G"
  },
  {
    "Brand_Product_Size": "Ostelin Calcium & Vitamin D3 Tablets 130 pack",
    "WOW Price": 26,
    "WOW Size": "130 pack",
    "WOW ppu": "$20.00 / 100EA"
  },
  {
    "Brand_Product_Size": "Tasmanian Heritage Camembert Cheese Snack 80g",
    "WOW Price": 3.5,
    "WOW Size": "80g",
    "WOW ppu": "$43.75 / 1KG"
  },
  {
    "Brand_Product_Size": "Tasmanian Heritage Camembert Cheese Snack 80g",
    "WOW Price": 3.5,
    "WOW Size": "80g",
    "WOW ppu": "$43.75 / 1KG"
  },
  {
    "Brand_Product_Size": "Gaviscon Dual Action Heartburn & Indigestion Liquid Berry 300mL",
    "WOW Price": 8.7,
    "WOW Size": "300mL",
    "WOW ppu": "$2.90 / 100ML"
  },
  {
    "Brand_Product_Size": "Woolworths Large Pasta Shells 500g",
    "WOW Price": 1,
    "WOW Size": "500g",
    "WOW ppu": "$0.20 / 100G"
  },
  {
    "Brand_Product_Size": "Rimmel Exaggerate Lip Liner Red Diva 0.25g",
    "WOW Price": 6.5,
    "WOW Size": "0.25g",
    "WOW ppu": "$260.00 / 10G"
  },
  {
    "Brand_Product_Size": "Fluffy Divine Blends Ultra Fabric Softener Vanilla Coconut 900mL",
    "WOW Price": 7,
    "WOW Size": "900mL",
    "WOW ppu": "$7.78 / 1L"
  },
  {
    "Brand_Product_Size": "Mayver's Smunchy Protein Plus Hemp Seed Peanut Butter 375g",
    "WOW Price": 4.5,
    "WOW Size": "375g",
    "WOW ppu": "$1.20 / 100G"
  },
  {
    "Brand_Product_Size": "Eureka Eucalyptus Solution 500mL",
    "WOW Price": 12.5,
    "WOW Size": "500mL",
    "WOW ppu": "$2.50 / 100ML"
  },
  {
    "Brand_Product_Size": "Vaalia Low Fat Lemon Creme Yoghurt 4x150g",
    "WOW Price": 4.3,
    "WOW Size": "4x150g",
    "WOW ppu": "$0.72 / 100G"
  },
  {
    "Brand_Product_Size": "Vaalia Low Fat Lemon Creme Yoghurt 4x150g",
    "WOW Price": 4.3,
    "WOW Size": "4x150g",
    "WOW ppu": "$0.72 / 100G"
  },
  {
    "Brand_Product_Size": "Woolworths Cookies & Cream Ice Cream Sandwich 4 pack",
    "WOW Price": 2.9,
    "WOW Size": "4 pack",
    "WOW ppu": "$0.66 / 100ML"
  },
  {
    "Brand_Product_Size": "Wicked Sister Vanilla Bean Rice Pudding 500g",
    "WOW Price": 5,
    "WOW Size": "500g",
    "WOW ppu": "$1.00 / 100G"
  },
  {
    "Brand_Product_Size": "Guzzi's Pappardelle 375g",
    "WOW Price": 4.7,
    "WOW Size": "375g",
    "WOW ppu": "$1.25 / 100G"
  },
  {
    "Brand_Product_Size": "Poise Incontinence Pads Extra Plus Absorbency 10 pack",
    "WOW Price": 6,
    "WOW Size": "10 pack",
    "WOW ppu": "$0.60 / 1EA"
  },
  {
    "Brand_Product_Size": "Toni & Guy Hot Radial Brush Large each",
    "WOW Price": 14,
    "WOW Size": "each",
    "WOW ppu": ""
  },
  {
    "Brand_Product_Size": "Selleys Bbq Accessory Tough Wipes 12 pack",
    "WOW Price": 5.75,
    "WOW Size": "12 pack",
    "WOW ppu": "$0.48 / 1EA"
  },
  {
    "Brand_Product_Size": "Macro Organic Coconut Flour 400g",
    "WOW Price": 4,
    "WOW Size": "400g",
    "WOW ppu": "$1.00 / 100G"
  },
  {
    "Brand_Product_Size": "Vicks Lozenges Butter Menthol 24 pack",
    "WOW Price": 4.3,
    "WOW Size": "24 pack",
    "WOW ppu": "$0.18 / 1EA"
  },
  {
    "Brand_Product_Size": "Mccain Peas Baby 500g",
    "WOW Price": 2.5,
    "WOW Size": "500g",
    "WOW ppu": "$5.00 / 1KG"
  },
  {
    "Brand_Product_Size": "Sanitarium So Good Long Life Lite Soy Milk 1L",
    "WOW Price": 1.9,
    "WOW Size": "1L",
    "WOW ppu": "$1.90 / 1L"
  },
  {
    "Brand_Product_Size": "Sanitarium So Good Long Life Lite Soy Milk 1L",
    "WOW Price": 1.9,
    "WOW Size": "1L",
    "WOW ppu": "$1.90 / 1L"
  },
  {
    "Brand_Product_Size": "Mint Pizza Cutter each",
    "WOW Price": 6,
    "WOW Size": "each",
    "WOW ppu": ""
  },
  {
    "Brand_Product_Size": "Corelle Winter Frost White Bread & Butter Plate 17 Cm each",
    "WOW Price": 5.5,
    "WOW Size": "each",
    "WOW ppu": ""
  },
  {
    "Brand_Product_Size": "Eskal Gluten Free Cookies Choc Coated Wafers 130g",
    "WOW Price": 4,
    "WOW Size": "130g",
    "WOW ppu": "$3.08 / 100G"
  },
  {
    "Brand_Product_Size": "Old El Paso Mexe Beans 425g",
    "WOW Price": 3,
    "WOW Size": "425g",
    "WOW ppu": "$0.71 / 100G"
  },
  {
    "Brand_Product_Size": "Neutrogena Hydro Boost Cleanser Water Gel 145mL",
    "WOW Price": 16,
    "WOW Size": "145mL",
    "WOW ppu": "$11.03 / 100ML"
  },
  {
    "Brand_Product_Size": "Rafferty's Garden Brown Rice Bean & Pumpkin 8m 120g",
    "WOW Price": 1.9,
    "WOW Size": "120g",
    "WOW ppu": "$1.58 / 100G"
  },
  {
    "Brand_Product_Size": "Smith's Crinkle Cut Potato Chips Multipack Original 6 pack",
    "WOW Price": 3.15,
    "WOW Size": "6 pack",
    "WOW ppu": "$2.76 / 100G"
  },
  {
    "Brand_Product_Size": "Smith's Crinkle Cut Potato Chips Multipack Original 6 pack",
    "WOW Price": 3.15,
    "WOW Size": "6 pack",
    "WOW ppu": "$2.76 / 100G"
  },
  {
    "Brand_Product_Size": "Eveready Gold Type D Batteries 4 pack",
    "WOW Price": 10,
    "WOW Size": "4 pack",
    "WOW ppu": "$2.50 / 1EA"
  },
  {
    "Brand_Product_Size": "Local Legends Biltong Chilli 45g",
    "WOW Price": 4.3,
    "WOW Size": "45g",
    "WOW ppu": "$9.56 / 100G"
  },
  {
    "Brand_Product_Size": "Prime Pantry Chicken Jerky Dog Treat 100g",
    "WOW Price": 5,
    "WOW Size": "100g",
    "WOW ppu": "$5.00 / 100G"
  },
  {
    "Brand_Product_Size": "Voeu Hydrating Facial Mask Sheet each",
    "WOW Price": 2.4,
    "WOW Size": "each",
    "WOW ppu": "$2.40 / 1EA"
  },
  {
    "Brand_Product_Size": "Golp Dog & Cat Bone Broth Chicken With Collagen Goodness 250g",
    "WOW Price": 7,
    "WOW Size": "250g",
    "WOW ppu": "$2.80 / 100G"
  },
  {
    "Brand_Product_Size": "Samba Smoking Chips Poultry Pork & Seafood 500g",
    "WOW Price": 8,
    "WOW Size": "500g",
    "WOW ppu": "$1.60 / 100G"
  },
  {
    "Brand_Product_Size": "Naty Nappies Bulk Size 4 44 pack",
    "WOW Price": 18,
    "WOW Size": "44 pack",
    "WOW ppu": "$0.41 / 1EA"
  },
  {
    "Brand_Product_Size": "Huggies Nappy Pants Toddler Girl 29 pack",
    "WOW Price": 17,
    "WOW Size": "29 pack",
    "WOW ppu": "$0.59 / 1EA"
  },
  {
    "Brand_Product_Size": "Golden Circle Pear Apple & Raspberry Fruit Drink 2L",
    "WOW Price": 2.7,
    "WOW Size": "2L",
    "WOW ppu": "$1.35 / 1L"
  },
  {
    "Brand_Product_Size": "The Juice Brothers Tropical 1.5L",
    "WOW Price": 7,
    "WOW Size": "1.5L",
    "WOW ppu": "$4.67 / 1L"
  },
  {
    "Brand_Product_Size": "Steradent Denture Care Tablets Extra Strength 30 pack",
    "WOW Price": 6.4,
    "WOW Size": "30 pack",
    "WOW ppu": "$0.21 / 1EA"
  },
  {
    "Brand_Product_Size": "Sandhurst Capsicum Chargrilled 260g",
    "WOW Price": 4.9,
    "WOW Size": "260g",
    "WOW ppu": "$18.85 / 1KG"
  },
  {
    "Brand_Product_Size": "Olay Total Effects Night Face Cream Moisturiser 50g",
    "WOW Price": 24.5,
    "WOW Size": "50g",
    "WOW ppu": "$49.00 / 100G"
  },
  {
    "Brand_Product_Size": "Blue Diamond Almond Breeze Unsweetened Vanilla Almond Milk 1L",
    "WOW Price": 2,
    "WOW Size": "1L",
    "WOW ppu": "$2.00 / 1L"
  },
  {
    "Brand_Product_Size": "Blue Diamond Almond Breeze Unsweetened Vanilla Almond Milk 1L",
    "WOW Price": 2,
    "WOW Size": "1L",
    "WOW ppu": "$2.00 / 1L"
  },
  {
    "Brand_Product_Size": "Woolworths Uht Full Cream Milk 1L",
    "WOW Price": 1.25,
    "WOW Size": "1L",
    "WOW ppu": "$1.25 / 1L"
  },
  {
    "Brand_Product_Size": "Woolworths Uht Full Cream Milk 1L",
    "WOW Price": 1.25,
    "WOW Size": "1L",
    "WOW ppu": "$1.25 / 1L"
  },
  {
    "Brand_Product_Size": "Fluffy Field Flowers Concentrated Fabric Conditioner 1L",
    "WOW Price": 7,
    "WOW Size": "1L",
    "WOW ppu": "$7.00 / 1L"
  },
  {
    "Brand_Product_Size": "Gourmet Delight Chicken Mince In Gravy 80g",
    "WOW Price": 1.2,
    "WOW Size": "80g",
    "WOW ppu": "$1.50 / 100G"
  },
  {
    "Brand_Product_Size": "Sensodyne Toothpaste Sensitive Teeth Pain Complete Care 100g",
    "WOW Price": 6.6,
    "WOW Size": "100g",
    "WOW ppu": "$6.60 / 100G"
  },
  {
    "Brand_Product_Size": "Twinings Green Tea & Lemon Bags 10 pack",
    "WOW Price": 2.9,
    "WOW Size": "10 pack",
    "WOW ppu": "$0.29 / 1EA"
  },
  {
    "Brand_Product_Size": "Twinings Green Tea & Lemon Bags 10 pack",
    "WOW Price": 2.9,
    "WOW Size": "10 pack",
    "WOW ppu": "$0.29 / 1EA"
  },
  {
    "Brand_Product_Size": "Baxter's Dog Food Small Breed Beef & Vegetables 3kg",
    "WOW Price": 6,
    "WOW Size": "3kg",
    "WOW ppu": "$0.20 / 100G"
  },
  {
    "Brand_Product_Size": "Della Rosa Stone Baked Ham & Pineapple Pizza 500g",
    "WOW Price": 5,
    "WOW Size": "500g",
    "WOW ppu": "$1.00 / 100G"
  },
  {
    "Brand_Product_Size": "Chobani Fit Vanilla Greek Yoghurt 170g",
    "WOW Price": 1.5,
    "WOW Size": "170g",
    "WOW ppu": "$0.88 / 100G"
  },
  {
    "Brand_Product_Size": "Oates Wonder Cloth 3 pack",
    "WOW Price": 5.3,
    "WOW Size": "3 pack",
    "WOW ppu": "$1.77 / 1EA"
  },
  {
    "Brand_Product_Size": "Tradie Baby Short Sleeve Body Suit 2 pack",
    "WOW Price": 16,
    "WOW Size": "2 pack",
    "WOW ppu": ""
  },
  {
    "Brand_Product_Size": "Cenovis Once Daily Men's Multi + Performance Capsules 100 pack",
    "WOW Price": 30,
    "WOW Size": "100 pack",
    "WOW ppu": "$30.00 / 100EA"
  },
  {
    "Brand_Product_Size": "D3 Cohesive Bandage 9m each",
    "WOW Price": 10,
    "WOW Size": "9m each",
    "WOW ppu": "$10.00 / 1EA"
  },
  {
    "Brand_Product_Size": "Farmers Market Grain Free Chicken Loaf With Carrots & Peas Wet Dog Food 400g",
    "WOW Price": 2.75,
    "WOW Size": "400g",
    "WOW ppu": "$0.69 / 100G"
  },
  {
    "Brand_Product_Size": "L'or Espresso India Intensity 10 Coffee Capsules 10 pack",
    "WOW Price": 6,
    "WOW Size": "10 pack",
    "WOW ppu": "$0.60 / 1EA"
  },
  {
    "Brand_Product_Size": "L'or Espresso India Intensity 10 Coffee Capsules 10 pack",
    "WOW Price": 6,
    "WOW Size": "10 pack",
    "WOW ppu": "$0.60 / 1EA"
  },
  {
    "Brand_Product_Size": "L'oreal Paris Casting Creme Gloss 500 Medium Brown each",
    "WOW Price": 16,
    "WOW Size": "each",
    "WOW ppu": ""
  },
  {
    "Brand_Product_Size": "Inspire Plastic Drawers each",
    "WOW Price": 12,
    "WOW Size": "each",
    "WOW ppu": ""
  },
  {
    "Brand_Product_Size": "Mint Stamped Pattern Side Plate each",
    "WOW Price": 4,
    "WOW Size": "each",
    "WOW ppu": ""
  },
  {
    "Brand_Product_Size": "Bonds Womens Edv Bikini Size 10 3 pack",
    "WOW Price": 15,
    "WOW Size": "3 pack",
    "WOW ppu": ""
  },
  {
    "Brand_Product_Size": "Kettle Sweet Chilli & Sour Cream 175g",
    "WOW Price": 3.25,
    "WOW Size": "175g",
    "WOW ppu": "$1.86 / 100G"
  },
  {
    "Brand_Product_Size": "Forbidden Foods Organic Brown Rice Flakes 300g",
    "WOW Price": 5,
    "WOW Size": "300g",
    "WOW ppu": "$1.67 / 100G"
  },
  {
    "Brand_Product_Size": "Quick-eze Cooling & Rapid Relief Heartburn & Acid Indigestion 24 pack",
    "WOW Price": 5.85,
    "WOW Size": "24 pack",
    "WOW ppu": "$4.88 / 100G"
  },
  {
    "Brand_Product_Size": "Birds Eye Veggie Rice Cauliflower 500g",
    "WOW Price": 3.3,
    "WOW Size": "500g",
    "WOW ppu": "$6.60 / 1KG"
  },
  {
    "Brand_Product_Size": "Dove Antiperspirant Pear & Aloe Vera Scent 250mL",
    "WOW Price": 3.5,
    "WOW Size": "250mL",
    "WOW ppu": "$1.40 / 100ML"
  },
  {
    "Brand_Product_Size": "Inspire Premium Face Washer Charcoal 2 pack",
    "WOW Price": 12,
    "WOW Size": "2 pack",
    "WOW ppu": ""
  },
  {
    "Brand_Product_Size": "Hygiene Plus Gloves Plus Silk Touch Medium 1 pair",
    "WOW Price": 2.3,
    "WOW Size": "1 pair",
    "WOW ppu": "$2.30 / 1EA"
  },
  {
    "Brand_Product_Size": "Devondale Unsalted Butter 500g",
    "WOW Price": 6.5,
    "WOW Size": "500g",
    "WOW ppu": "$1.30 / 100G"
  },
  {
    "Brand_Product_Size": "Obela Tzatziki Dip Classic 220g",
    "WOW Price": 4,
    "WOW Size": "220g",
    "WOW ppu": "$1.82 / 100G"
  },
  {
    "Brand_Product_Size": "Mattel Minecraft Single Figurene Assortment each",
    "WOW Price": 15,
    "WOW Size": "each",
    "WOW ppu": ""
  },
  {
    "Brand_Product_Size": "Mr Chen's Chicken & Chive Dumplings 550g",
    "WOW Price": 12,
    "WOW Size": "550g",
    "WOW ppu": "$2.18 / 100G"
  },
  {
    "Brand_Product_Size": "Korbond Scissors Soft Touch Handle 2 pack",
    "WOW Price": 10,
    "WOW Size": "2 pack",
    "WOW ppu": ""
  },
  {
    "Brand_Product_Size": "Petuna Atlantic Salmon Fillets 800g",
    "WOW Price": 24,
    "WOW Size": "800g",
    "WOW ppu": "$30.00 / 1KG"
  },
  {
    "Brand_Product_Size": "Ocean Spray Cranberry Light Juice Drink 1.5L",
    "WOW Price": 5.85,
    "WOW Size": "1.5L",
    "WOW ppu": "$3.90 / 1L"
  },
  {
    "Brand_Product_Size": "Quest Protein Bar Chocolate Sprinkled Doughnut Bar 60g",
    "WOW Price": 4,
    "WOW Size": "60g",
    "WOW ppu": "$6.67 / 100G"
  },
  {
    "Brand_Product_Size": "Colgate Optic White Whitening Toothpaste Express Fresh Mint 125g",
    "WOW Price": 12,
    "WOW Size": "125g",
    "WOW ppu": "$9.60 / 100G"
  },
  {
    "Brand_Product_Size": "Woolworths Chocolate Eclair 200g",
    "WOW Price": 2,
    "WOW Size": "200g",
    "WOW ppu": "$1.00 / 100G"
  },
  {
    "Brand_Product_Size": "Macro Organic Coconut Oil 900g",
    "WOW Price": 9.9,
    "WOW Size": "900g",
    "WOW ppu": "$1.10 / 100G"
  },
  {
    "Brand_Product_Size": "Armor All Protectant Matte Finish 500mL",
    "WOW Price": 17.99,
    "WOW Size": "500mL",
    "WOW ppu": "$3.60 / 100ML"
  },
  {
    "Brand_Product_Size": "Arnott's Scotch Finger Salted Caramel Tart 232g",
    "WOW Price": 2,
    "WOW Size": "232g",
    "WOW ppu": "$0.86 / 100G"
  },
  {
    "Brand_Product_Size": "Mint Kids Cutlery Set 3 pieces",
    "WOW Price": 8,
    "WOW Size": "3 pieces",
    "WOW ppu": ""
  },
  {
    "Brand_Product_Size": "Latina Fresh Ham Cheese Tortellini 625g",
    "WOW Price": 6,
    "WOW Size": "625g",
    "WOW ppu": "$0.96 / 100G"
  },
  {
    "Brand_Product_Size": "Huggies Little Swimmers Medium 11 pack",
    "WOW Price": 15,
    "WOW Size": "11 pack",
    "WOW ppu": "$1.36 / 1EA"
  },
  {
    "Brand_Product_Size": "Woolworths Chilli Flakes 23g",
    "WOW Price": 1.7,
    "WOW Size": "23g",
    "WOW ppu": "$0.74 / 10G"
  },
  {
    "Brand_Product_Size": "Colgate Plax Alcohol Free Freshmint Mouthwash 500mL",
    "WOW Price": 3,
    "WOW Size": "500mL",
    "WOW ppu": "$0.60 / 100ML"
  },
  {
    "Brand_Product_Size": "Ocean Spray Pink Cranberry Juice Low Sugar 1.5L",
    "WOW Price": 5.85,
    "WOW Size": "1.5L",
    "WOW ppu": "$3.90 / 1L"
  },
  {
    "Brand_Product_Size": "Smooze Pineapple & Coconut 8x65mL",
    "WOW Price": 6.5,
    "WOW Size": "8x65mL",
    "WOW ppu": "$1.25 / 100ML"
  },
  {
    "Brand_Product_Size": "Maybelline Superstay 2-step Lip Color - Timeless Rose each",
    "WOW Price": 12,
    "WOW Size": "each",
    "WOW ppu": "$52.17 / 10ML"
  },
  {
    "Brand_Product_Size": "Aas Atta Flour Flour 10kg",
    "WOW Price": 15,
    "WOW Size": "10kg",
    "WOW ppu": "$1.50 / 1KG"
  },
  {
    "Brand_Product_Size": "Essentials Unsalted Butter 500g",
    "WOW Price": 5,
    "WOW Size": "500g",
    "WOW ppu": "$1.00 / 100G"
  },
  {
    "Brand_Product_Size": "Mccain Spinach & Ricotta Ravioli Healthy Choice 350g",
    "WOW Price": 4,
    "WOW Size": "350g",
    "WOW ppu": "$1.14 / 100G"
  },
  {
    "Brand_Product_Size": "Sally Hansen Nail Double Duty Base Coat 13.3mL",
    "WOW Price": 7.25,
    "WOW Size": "13.3mL",
    "WOW ppu": "$5.45 / 10ML"
  },
  {
    "Brand_Product_Size": "Decor Tellfresh Storer Oblong 900mL",
    "WOW Price": 5,
    "WOW Size": "900mL",
    "WOW ppu": ""
  },
  {
    "Brand_Product_Size": "Mainland Extra Tasty Cheddar 250g",
    "WOW Price": 5.5,
    "WOW Size": "250g",
    "WOW ppu": "$22.00 / 1KG"
  },
  {
    "Brand_Product_Size": "Connoisseur Ice Cream Chocolate Brownie 1L tub",
    "WOW Price": 11,
    "WOW Size": "1L tub",
    "WOW ppu": "$1.10 / 100ML"
  },
  {
    "Brand_Product_Size": "Sally Hansen Hard As Nails Xtreme Wear Mauve Over 11.8mL",
    "WOW Price": 3.5,
    "WOW Size": "11.8mL",
    "WOW ppu": "$2.97 / 10ML"
  },
  {
    "Brand_Product_Size": "Arnott's Cracker Chips Sea Salt 150g",
    "WOW Price": 3.5,
    "WOW Size": "150g",
    "WOW ppu": "$2.33 / 100G"
  },
  {
    "Brand_Product_Size": "No Vac Instant Spot & Stain Remover 290g",
    "WOW Price": 4.5,
    "WOW Size": "290g",
    "WOW ppu": "$1.55 / 100G"
  },
  {
    "Brand_Product_Size": "Ansell Gloves Hyflex Small each",
    "WOW Price": 7,
    "WOW Size": "each",
    "WOW ppu": "$7.00 / 1EA"
  },
  {
    "Brand_Product_Size": "Garnier Olia Permanent Hair Colour 1.0 Deep Black each",
    "WOW Price": 17,
    "WOW Size": "each",
    "WOW ppu": ""
  },
  {
    "Brand_Product_Size": "Patak's Ready To Eat Large Plain Pappadums 58g",
    "WOW Price": 3,
    "WOW Size": "58g",
    "WOW ppu": "$5.17 / 100G"
  },
  {
    "Brand_Product_Size": "Elevit Women's Multivitamin Tablets 100 pack",
    "WOW Price": 33,
    "WOW Size": "100 pack",
    "WOW ppu": "$33.00 / 100EA"
  },
  {
    "Brand_Product_Size": "Thermos Stainless Steel Slimline Flask Assorted 500mL",
    "WOW Price": 19,
    "WOW Size": "500mL",
    "WOW ppu": ""
  },
  {
    "Brand_Product_Size": "Woolworths Drought Relief Lite Milk 3L",
    "WOW Price": 3.59,
    "WOW Size": "3L",
    "WOW ppu": "$1.20 / 1L"
  },
  {
    "Brand_Product_Size": "Garnier Olia Permanent Hair Colour 6.0 Light Brown each",
    "WOW Price": 17,
    "WOW Size": "each",
    "WOW ppu": ""
  },
  {
    "Brand_Product_Size": "Lucky Slivered Almonds 230g",
    "WOW Price": 6,
    "WOW Size": "230g",
    "WOW ppu": "$26.09 / 1KG"
  },
  {
    "Brand_Product_Size": "Powerade Gold Rush Flo Cap 600mL",
    "WOW Price": 2.2,
    "WOW Size": "600mL",
    "WOW ppu": "$3.67 / 1L"
  },
  {
    "Brand_Product_Size": "Zenzone Automatic Air Freshener Diffuser & Refill Frangipani each",
    "WOW Price": 10,
    "WOW Size": "each",
    "WOW ppu": "$10.00 / 1EA"
  },
  {
    "Brand_Product_Size": "Primo Kids Sliced Classic Ham 100g",
    "WOW Price": 3.25,
    "WOW Size": "100g",
    "WOW ppu": "$32.50 / 1KG"
  },
  {
    "Brand_Product_Size": "Biopak Biocutlery Wooden Forks 10 pack",
    "WOW Price": 1.2,
    "WOW Size": "10 pack",
    "WOW ppu": "$0.12 / 1EA"
  },
  {
    "Brand_Product_Size": "Bounce Natural Energy Ball Peanut 49g",
    "WOW Price": 1.5,
    "WOW Size": "49g",
    "WOW ppu": "$3.06 / 100G"
  },
  {
    "Brand_Product_Size": "San Remo Lasagne Pasta Large 250g",
    "WOW Price": 2.9,
    "WOW Size": "250g",
    "WOW ppu": "$1.16 / 100G"
  },
  {
    "Brand_Product_Size": "Crampfix Rapid Mouth Spray Sour Cherry Flavour 30mL",
    "WOW Price": 25,
    "WOW Size": "30mL",
    "WOW ppu": "$83.33 / 100ML"
  },
  {
    "Brand_Product_Size": "Macro Dry Roasted Almonds 250g",
    "WOW Price": 7.3,
    "WOW Size": "250g",
    "WOW ppu": "$29.20 / 1KG"
  },
  {
    "Brand_Product_Size": "Combat Ant Rid Insect Control Ant Killer 50mL",
    "WOW Price": 4.1,
    "WOW Size": "50mL",
    "WOW ppu": "$8.20 / 100ML"
  },
  {
    "Brand_Product_Size": "Voss Still Water 800mL",
    "WOW Price": 4.15,
    "WOW Size": "800mL",
    "WOW ppu": "$5.19 / 1L"
  },
  {
    "Brand_Product_Size": "Voss Still Water 800mL",
    "WOW Price": 4.15,
    "WOW Size": "800mL",
    "WOW ppu": "$5.19 / 1L"
  },
  {
    "Brand_Product_Size": "Sunsilk Biotin Shampoo Longer & Stronger 350mL",
    "WOW Price": 5.5,
    "WOW Size": "350mL",
    "WOW ppu": "$1.57 / 100ML"
  },
  {
    "Brand_Product_Size": "Palmolive Men's Charcoal Soap 115g",
    "WOW Price": 2,
    "WOW Size": "115g",
    "WOW ppu": "$1.74 / 100G"
  },
  {
    "Brand_Product_Size": "Pringles Sour Cream & Onion Chips 134g",
    "WOW Price": 3,
    "WOW Size": "134g",
    "WOW ppu": "$2.24 / 100G"
  },
  {
    "Brand_Product_Size": "Hamper Corned Beef Original 200g",
    "WOW Price": 4.7,
    "WOW Size": "200g",
    "WOW ppu": "$23.50 / 1KG"
  },
  {
    "Brand_Product_Size": "First Force Multi Purpose Insect Killer 300g",
    "WOW Price": 2.5,
    "WOW Size": "300g",
    "WOW ppu": "$0.83 / 100G"
  },
  {
    "Brand_Product_Size": "Summer Snow Sparkling Pink Lady & Raspberry Apple Juice 330mL",
    "WOW Price": 3.8,
    "WOW Size": "330mL",
    "WOW ppu": "$11.52 / 1L"
  },
  {
    "Brand_Product_Size": "Mcobeauty Instant Brows Medium To Dark Medium To Dark 1.5g",
    "WOW Price": 7,
    "WOW Size": "1.5g",
    "WOW ppu": "$46.67 / 10G"
  },
  {
    "Brand_Product_Size": "Dollar Sweets Artificial Food Colours 8 pack",
    "WOW Price": 7,
    "WOW Size": "8 pack",
    "WOW ppu": ""
  },
  {
    "Brand_Product_Size": "Tena Pants For Men Level 4 Medium To Large 8 pack",
    "WOW Price": 9.45,
    "WOW Size": "8 pack",
    "WOW ppu": "$1.18 / 1EA"
  },
  {
    "Brand_Product_Size": "Fancy Feast Adult Petit Cuisine Turkey Chicken Tuna Wet Cat Food 50g x6 pack",
    "WOW Price": 5,
    "WOW Size": "50g x6 pack",
    "WOW ppu": "$1.67 / 100G"
  },
  {
    "Brand_Product_Size": "Hydralyte Lemon Lime Effervescent Tablets 10 pack",
    "WOW Price": 8,
    "WOW Size": "10 pack",
    "WOW ppu": "$0.80 / 1EA"
  },
  {
    "Brand_Product_Size": "Tradie Ladies Crew Sock Cotton 5/8 2 pack",
    "WOW Price": 13,
    "WOW Size": "2 pack",
    "WOW ppu": "$13.00 / 1EA"
  },
  {
    "Brand_Product_Size": "Ardmona Tomatoes Diced No Added Salt 400g",
    "WOW Price": 1.4,
    "WOW Size": "400g",
    "WOW ppu": "$3.50 / 1KG"
  },
  {
    "Brand_Product_Size": "Bulla Real Dairy Chocolate & Vanilla Tub 4L",
    "WOW Price": 7.9,
    "WOW Size": "4L",
    "WOW ppu": "$0.20 / 100ML"
  },
  {
    "Brand_Product_Size": "Vtech Toot-toot Drivers Assorted each",
    "WOW Price": 10,
    "WOW Size": "each",
    "WOW ppu": ""
  },
  {
    "Brand_Product_Size": "Vtech Toot-toot Drivers Assorted each",
    "WOW Price": 10,
    "WOW Size": "each",
    "WOW ppu": ""
  },
  {
    "Brand_Product_Size": "Chicken Sandwich Schnitzel each",
    "WOW Price": 2.2,
    "WOW Size": "each",
    "WOW ppu": "$2.20 / 1EA"
  },
  {
    "Brand_Product_Size": "La Zuppa Moroccan Style Pumpkin & Chickpea Soup 500 g",
    "WOW Price": 4.4,
    "WOW Size": "500 g",
    "WOW ppu": "$0.88 / 100G"
  },
  {
    "Brand_Product_Size": "Sukin Coffee & Coconut Energising Body Scrub 200mL",
    "WOW Price": 7.95,
    "WOW Size": "200mL",
    "WOW ppu": "$3.98 / 100ML"
  },
  {
    "Brand_Product_Size": "Oak Chocolate Milk 2L",
    "WOW Price": 4.5,
    "WOW Size": "2L",
    "WOW ppu": "$2.25 / 1L"
  },
  {
    "Brand_Product_Size": "Fresh William Bartlett Pear each",
    "WOW Price": 0.5,
    "WOW Size": "each",
    "WOW ppu": "$0.50 / 1EA"
  },
  {
    "Brand_Product_Size": "Fresh William Bartlett Pear each",
    "WOW Price": 0.5,
    "WOW Size": "each",
    "WOW ppu": "$0.50 / 1EA"
  },
  {
    "Brand_Product_Size": "La Casa Cherry Bocconcini 220g",
    "WOW Price": 5.5,
    "WOW Size": "220g",
    "WOW ppu": "$25.00 / 1KG"
  },
  {
    "Brand_Product_Size": "La Casa Cherry Bocconcini 220g",
    "WOW Price": 5.5,
    "WOW Size": "220g",
    "WOW ppu": "$25.00 / 1KG"
  },
  {
    "Brand_Product_Size": "Head & Shoulders 2in1 Itchy Scalp Care Shampoo & Conditioner 350mL",
    "WOW Price": 9.1,
    "WOW Size": "350mL",
    "WOW ppu": "$2.60 / 100ML"
  },
  {
    "Brand_Product_Size": "Cocobella Dairy Free Coconut Yoghurt Pouch Mango 110g",
    "WOW Price": 2,
    "WOW Size": "110g",
    "WOW ppu": "$1.82 / 100G"
  },
  {
    "Brand_Product_Size": "Palmolive Naturals Body Wash Orchid Shower Gel 1L",
    "WOW Price": 8.5,
    "WOW Size": "1L",
    "WOW ppu": "$0.85 / 100ML"
  },
  {
    "Brand_Product_Size": "Razzamatazz Knee Hi Pairs And Spares Beige 4 pack",
    "WOW Price": 6,
    "WOW Size": "4 pack",
    "WOW ppu": ""
  },
  {
    "Brand_Product_Size": "Masterfoods Cajun Seasoning 30g",
    "WOW Price": 2.8,
    "WOW Size": "30g",
    "WOW ppu": "$0.80 / 10G"
  },
  {
    "Brand_Product_Size": "L'oreal Excellence Creme Hair Colour 9 Light Blonde each",
    "WOW Price": 16,
    "WOW Size": "each",
    "WOW ppu": ""
  },
  {
    "Brand_Product_Size": "Don Champagne Thinly Sliced Leg Ham 250g",
    "WOW Price": 6.4,
    "WOW Size": "250g",
    "WOW ppu": "$25.60 / 1KG"
  },
  {
    "Brand_Product_Size": "Don Champagne Thinly Sliced Leg Ham 250g",
    "WOW Price": 6.4,
    "WOW Size": "250g",
    "WOW ppu": "$25.60 / 1KG"
  },
  {
    "Brand_Product_Size": "Revlon Super Lustrous Lipstick Smokey Rose each",
    "WOW Price": 12.5,
    "WOW Size": "each",
    "WOW ppu": "$29.76 / 10G"
  },
  {
    "Brand_Product_Size": "Handee Ultra Double Length Paper Towel White 360 Sheets 3 pack",
    "WOW Price": 7,
    "WOW Size": "3 pack",
    "WOW ppu": "$1.94 / 100SS"
  },
  {
    "Brand_Product_Size": "Band-aid Tough Strips Brand 40 pack",
    "WOW Price": 4.3,
    "WOW Size": "40 pack",
    "WOW ppu": "$0.11 / 1EA"
  },
  {
    "Brand_Product_Size": "Sam's Pantry Almond, Apricot & Date Toasted Muesli 750g",
    "WOW Price": 5,
    "WOW Size": "750g",
    "WOW ppu": "$0.67 / 100G"
  },
  {
    "Brand_Product_Size": "Shine 10-in-1 Dishwasher Tabs 100 pack",
    "WOW Price": 12,
    "WOW Size": "100 pack",
    "WOW ppu": "$0.12 / 1EA"
  },
  {
    "Brand_Product_Size": "Don Kabana Minis Spicy 160g",
    "WOW Price": 4.5,
    "WOW Size": "160g",
    "WOW ppu": "$28.13 / 1KG"
  },
  {
    "Brand_Product_Size": "Bic Multi Purpose Decor Lighter each",
    "WOW Price": 10,
    "WOW Size": "each",
    "WOW ppu": "$10.00 / 1EA"
  },
  {
    "Brand_Product_Size": "Mutti Passata Tomato Puree 400g",
    "WOW Price": 2.49,
    "WOW Size": "400g",
    "WOW ppu": "$0.62 / 100G"
  },
  {
    "Brand_Product_Size": "Handee Ultra Paper Towel White 2 Ply 180 Sheets 3 pack",
    "WOW Price": 4.4,
    "WOW Size": "3 pack",
    "WOW ppu": "$2.44 / 100SS"
  },
  {
    "Brand_Product_Size": "Woolworths Fresh Chicken Noodle Soup 300g",
    "WOW Price": 3,
    "WOW Size": "300g",
    "WOW ppu": "$1.00 / 100G"
  },
  {
    "Brand_Product_Size": "Thins Single Pack Original Chips 45g",
    "WOW Price": 1,
    "WOW Size": "45g",
    "WOW ppu": "$2.22 / 100G"
  },
  {
    "Brand_Product_Size": "Real Good Food Organic Premium Aussie Oats 1kg",
    "WOW Price": 8,
    "WOW Size": "1kg",
    "WOW ppu": "$0.80 / 100G"
  },
  {
    "Brand_Product_Size": "Woolworths Shredded Parmesan Cheese 250g",
    "WOW Price": 4.4,
    "WOW Size": "250g",
    "WOW ppu": "$17.60 / 1KG"
  },
  {
    "Brand_Product_Size": "Woolworths Shredded Parmesan Cheese 250g",
    "WOW Price": 4.4,
    "WOW Size": "250g",
    "WOW ppu": "$17.60 / 1KG"
  },
  {
    "Brand_Product_Size": "Waimete Pure Liquid Honey 300g",
    "WOW Price": 3.25,
    "WOW Size": "300g",
    "WOW ppu": "$1.08 / 100G"
  },
  {
    "Brand_Product_Size": "Duck Toilet Fresh Disc Citrus Refill 2x36mL",
    "WOW Price": 8,
    "WOW Size": "2x36mL",
    "WOW ppu": "$11.11 / 100ML"
  },
  {
    "Brand_Product_Size": "Oh So Comfy Mini Scrunchies 4 pack",
    "WOW Price": 6,
    "WOW Size": "4 pack",
    "WOW ppu": ""
  },
  {
    "Brand_Product_Size": "Aveeno Active Naturals Daily Moisturising Body Wash 532mL",
    "WOW Price": 12.7,
    "WOW Size": "532mL",
    "WOW ppu": "$2.39 / 100ML"
  },
  {
    "Brand_Product_Size": "Duck Protection Plus Toilet Cleaner Liquid Refill Aqua Burst 2x50mL",
    "WOW Price": 5.5,
    "WOW Size": "2x50mL",
    "WOW ppu": "$5.50 / 100ML"
  },
  {
    "Brand_Product_Size": "Doritos Corn Chips Mexicana Share Pack 170g",
    "WOW Price": 2.75,
    "WOW Size": "170g",
    "WOW ppu": "$1.62 / 100G"
  },
  {
    "Brand_Product_Size": "Mildura Orange & Mango Fruit Drink 3L",
    "WOW Price": 4.95,
    "WOW Size": "3L",
    "WOW ppu": "$1.65 / 1L"
  },
  {
    "Brand_Product_Size": "Woolworths Haloumi 180g",
    "WOW Price": 4,
    "WOW Size": "180g",
    "WOW ppu": "$22.22 / 1KG"
  },
  {
    "Brand_Product_Size": "Woolworths Haloumi 180g",
    "WOW Price": 4,
    "WOW Size": "180g",
    "WOW ppu": "$22.22 / 1KG"
  },
  {
    "Brand_Product_Size": "Confidere Incontinence Pants Womens Medium 8 pack",
    "WOW Price": 9,
    "WOW Size": "8 pack",
    "WOW ppu": "$1.13 / 1EA"
  },
  {
    "Brand_Product_Size": "Woolworths Apple & Peach Puree In Pouch 90g",
    "WOW Price": 0.95,
    "WOW Size": "90g",
    "WOW ppu": "$10.56 / 1KG"
  },
  {
    "Brand_Product_Size": "San Marino Spanish Serrano 100g",
    "WOW Price": 5.5,
    "WOW Size": "100g",
    "WOW ppu": "$55.00 / 1KG"
  },
  {
    "Brand_Product_Size": "Spirax Kode P958 A4 Lecture 140 Pg Assorted each",
    "WOW Price": 5,
    "WOW Size": "each",
    "WOW ppu": ""
  },
  {
    "Brand_Product_Size": "Arkadia Chai Tea Vanilla 240g",
    "WOW Price": 5.5,
    "WOW Size": "240g",
    "WOW ppu": "$2.29 / 100G"
  },
  {
    "Brand_Product_Size": "Arkadia Chai Tea Vanilla 240g",
    "WOW Price": 5.5,
    "WOW Size": "240g",
    "WOW ppu": "$2.29 / 100G"
  },
  {
    "Brand_Product_Size": "Macro Five Grain Porridge 750g",
    "WOW Price": 3.5,
    "WOW Size": "750g",
    "WOW ppu": "$0.47 / 100G"
  },
  {
    "Brand_Product_Size": "Duck Blue Plus Primary Toilet Cleaner 40g",
    "WOW Price": 2.45,
    "WOW Size": "40g",
    "WOW ppu": "$6.13 / 100G"
  },
  {
    "Brand_Product_Size": "Leggos Agnolotti With Spinach Ricotta & Parmesan 360g",
    "WOW Price": 4.5,
    "WOW Size": "360g",
    "WOW ppu": "$1.25 / 100G"
  },
  {
    "Brand_Product_Size": "Sup Shots Collagen Hair Skin & Nails 8 pack x 50mL",
    "WOW Price": 15,
    "WOW Size": "8 pack x 50mL",
    "WOW ppu": "$3.75 / 100ML"
  },
  {
    "Brand_Product_Size": "L'oreal Wrinkle Expert 55+ 50mL",
    "WOW Price": 15,
    "WOW Size": "50mL",
    "WOW ppu": "$30.00 / 100ML"
  },
  {
    "Brand_Product_Size": "Safcol Salmon Atlantic Spring Water 95g",
    "WOW Price": 1.75,
    "WOW Size": "95g",
    "WOW ppu": "$18.42 / 1KG"
  },
  {
    "Brand_Product_Size": "Fresh Rainbow Trout Skin On per kg",
    "WOW Price": 28.5,
    "WOW Size": "per kg",
    "WOW ppu": "$28.50 / 1KG"
  },
  {
    "Brand_Product_Size": "Cascade Lime & Soda Cans 4x200mL",
    "WOW Price": 2.2,
    "WOW Size": "4x200mL",
    "WOW ppu": "$2.75 / 1L"
  },
  {
    "Brand_Product_Size": "Gelativo Sorbet Passionfruit 1L tub",
    "WOW Price": 6,
    "WOW Size": "1L tub",
    "WOW ppu": "$0.60 / 100ML"
  },
  {
    "Brand_Product_Size": "S-26 Alula Gold Li 900g",
    "WOW Price": 25,
    "WOW Size": "900g",
    "WOW ppu": "$2.78 / 100G"
  },
  {
    "Brand_Product_Size": "Aeroplane Jelly Original Lime 85g",
    "WOW Price": 1,
    "WOW Size": "85g",
    "WOW ppu": "$1.18 / 100G"
  },
  {
    "Brand_Product_Size": "Gippsland Yoghurt Boysenberry 720g",
    "WOW Price": 7,
    "WOW Size": "720g",
    "WOW ppu": "$0.97 / 100G"
  },
  {
    "Brand_Product_Size": "Pureau Noble Ultra Pure Water 5L",
    "WOW Price": 5.15,
    "WOW Size": "5L",
    "WOW ppu": "$1.03 / 1L"
  },
  {
    "Brand_Product_Size": "Crayola Crayon Travel Pack Disney Princess each",
    "WOW Price": 6,
    "WOW Size": "each",
    "WOW ppu": ""
  },
  {
    "Brand_Product_Size": "Nature's Way Glucosamine Tablets 1500mg 180 pack",
    "WOW Price": 40,
    "WOW Size": "180 pack",
    "WOW ppu": "$22.22 / 100EA"
  },
  {
    "Brand_Product_Size": "Lynx Limited Edition Bodywash 400mL",
    "WOW Price": 4,
    "WOW Size": "400mL",
    "WOW ppu": "$1.00 / 100ML"
  },
  {
    "Brand_Product_Size": "Woolworths Microwave Brown Rice Family Size 450g",
    "WOW Price": 2.5,
    "WOW Size": "450g",
    "WOW ppu": "$0.56 / 100G"
  },
  {
    "Brand_Product_Size": "Vittoria Oro Nespresso Compatible Coffee Capsules 40 pack",
    "WOW Price": 18,
    "WOW Size": "40 pack",
    "WOW ppu": "$0.45 / 1EA"
  },
  {
    "Brand_Product_Size": "Vittoria Oro Nespresso Compatible Coffee Capsules 40 pack",
    "WOW Price": 18,
    "WOW Size": "40 pack",
    "WOW ppu": "$0.45 / 1EA"
  },
  {
    "Brand_Product_Size": "Heinz Fruity Pear Jar 110g",
    "WOW Price": 1,
    "WOW Size": "110g",
    "WOW ppu": "$0.91 / 100G"
  },
  {
    "Brand_Product_Size": "Master Lock Brass Long Shackle 40mm each",
    "WOW Price": 14,
    "WOW Size": "each",
    "WOW ppu": "$14.00 / 1EA"
  },
  {
    "Brand_Product_Size": "Brioche Gourmet Hot Dog Rolls 6 pack",
    "WOW Price": 5.5,
    "WOW Size": "6 pack",
    "WOW ppu": "$1.83 / 100G"
  },
  {
    "Brand_Product_Size": "Moccona Lungo 8 Coffee Capsules 10 pack",
    "WOW Price": 4.5,
    "WOW Size": "10 pack",
    "WOW ppu": "$0.45 / 1EA"
  },
  {
    "Brand_Product_Size": "Moccona Lungo 8 Coffee Capsules 10 pack",
    "WOW Price": 4.5,
    "WOW Size": "10 pack",
    "WOW ppu": "$0.45 / 1EA"
  },
  {
    "Brand_Product_Size": "Wiltshire Bend N Bake Muffin Pan 6 Cup each",
    "WOW Price": 8.4,
    "WOW Size": "each",
    "WOW ppu": ""
  },
  {
    "Brand_Product_Size": "Coco Earth Rogan Josh With Basmati Rice 400g",
    "WOW Price": 3.5,
    "WOW Size": "400g",
    "WOW ppu": "$0.88 / 100G"
  },
  {
    "Brand_Product_Size": "Nuby No Spill Twin Handle Cup 295mL",
    "WOW Price": 9,
    "WOW Size": "295mL",
    "WOW ppu": ""
  },
  {
    "Brand_Product_Size": "Farmers Market Beef & Farm Vegetables Dry Dog Food 2.7kg",
    "WOW Price": 9.5,
    "WOW Size": "2.7kg",
    "WOW ppu": "$0.35 / 100G"
  },
  {
    "Brand_Product_Size": "Csr All Natural Buttercream Icing Mix Vanilla 250g",
    "WOW Price": 3,
    "WOW Size": "250g",
    "WOW ppu": "$1.20 / 100G"
  },
  {
    "Brand_Product_Size": "Bundaberg Lemon Lime & Bitters 4x375mL",
    "WOW Price": 6.35,
    "WOW Size": "4x375mL",
    "WOW ppu": "$4.23 / 1L"
  },
  {
    "Brand_Product_Size": "Mcobeauty Lip Gloss Trio 3 In 1 Gloss Keyring Assorted each",
    "WOW Price": 5,
    "WOW Size": "each",
    "WOW ppu": "$6.67 / 10ML"
  },
  {
    "Brand_Product_Size": "Mint Non-stick Milk Pan 12cm each",
    "WOW Price": 8,
    "WOW Size": "each",
    "WOW ppu": ""
  },
  {
    "Brand_Product_Size": "Garnier Nutrisse Hair Colour 10 Camomile each",
    "WOW Price": 7.46,
    "WOW Size": "each",
    "WOW ppu": ""
  },
  {
    "Brand_Product_Size": "Raid Max Insect Spray 300g",
    "WOW Price": 6.4,
    "WOW Size": "300g",
    "WOW ppu": "$2.13 / 100G"
  },
  {
    "Brand_Product_Size": "Byron Beef Jerky Smokey 40g",
    "WOW Price": 5.45,
    "WOW Size": "40g",
    "WOW ppu": "$13.63 / 100G"
  },
  {
    "Brand_Product_Size": "Fresh William Bartlett Pear 1kg punnet",
    "WOW Price": 2.5,
    "WOW Size": "1kg punnet",
    "WOW ppu": ""
  },
  {
    "Brand_Product_Size": "Fresh William Bartlett Pear 1kg punnet",
    "WOW Price": 2.5,
    "WOW Size": "1kg punnet",
    "WOW ppu": ""
  },
  {
    "Brand_Product_Size": "Opti-free Replenish 300mL",
    "WOW Price": 14.7,
    "WOW Size": "300mL",
    "WOW ppu": "$4.90 / 100ML"
  },
  {
    "Brand_Product_Size": "Cadbury Dairy Milk Chocolate Block 360g",
    "WOW Price": 6,
    "WOW Size": "360g",
    "WOW ppu": "$1.67 / 100G"
  },
  {
    "Brand_Product_Size": "Macro Organic Whole Chicken 1.2kg - 2.5kg",
    "WOW Price": 31.25,
    "WOW Size": "1.2kg - 2.5kg",
    "WOW ppu": "$12.50 / 1KG"
  },
  {
    "Brand_Product_Size": "Woolworths Cook Slow Cooked Beef Brisket 700g",
    "WOW Price": 14,
    "WOW Size": "700g",
    "WOW ppu": "$20.00 / 1KG"
  },
  {
    "Brand_Product_Size": "South Cape Crumbled Fetta 200g",
    "WOW Price": 7,
    "WOW Size": "200g",
    "WOW ppu": "$35.00 / 1KG"
  },
  {
    "Brand_Product_Size": "South Cape Crumbled Fetta 200g",
    "WOW Price": 7,
    "WOW Size": "200g",
    "WOW ppu": "$35.00 / 1KG"
  },
  {
    "Brand_Product_Size": "Nivea Men B&w Fresh Aerosol Antiperspirant Deodorant 250mL",
    "WOW Price": 6.5,
    "WOW Size": "250mL",
    "WOW ppu": "$2.60 / 100ML"
  },
  {
    "Brand_Product_Size": "Nudie Nothing But Breakfast Juice 2L",
    "WOW Price": 7.5,
    "WOW Size": "2L",
    "WOW ppu": "$3.75 / 1L"
  },
  {
    "Brand_Product_Size": "Woolworths Swiss Cheese 200g",
    "WOW Price": 4,
    "WOW Size": "200g",
    "WOW ppu": "$20.00 / 1KG"
  },
  {
    "Brand_Product_Size": "Woolworths Swiss Cheese 200g",
    "WOW Price": 4,
    "WOW Size": "200g",
    "WOW ppu": "$20.00 / 1KG"
  },
  {
    "Brand_Product_Size": "Fussy Cat Grain Free Cat Food Salmon & White Fish With Oil 500g",
    "WOW Price": 3.5,
    "WOW Size": "500g",
    "WOW ppu": "$0.70 / 100G"
  },
  {
    "Brand_Product_Size": "Inspire Jumbo Mug each",
    "WOW Price": 4,
    "WOW Size": "each",
    "WOW ppu": ""
  },
  {
    "Brand_Product_Size": "Hong Kong Dim Sim Kitchen Pork 320g",
    "WOW Price": 2.5,
    "WOW Size": "320g",
    "WOW ppu": "$0.78 / 100G"
  },
  {
    "Brand_Product_Size": "Tilda Microwave Steamed Brown Basmati Rice 250g",
    "WOW Price": 3,
    "WOW Size": "250g",
    "WOW ppu": "$1.20 / 100G"
  },
  {
    "Brand_Product_Size": "Radius Insect Repellent Tropical Strength 150g",
    "WOW Price": 4,
    "WOW Size": "150g",
    "WOW ppu": "$2.67 / 100G"
  },
  {
    "Brand_Product_Size": "Pepsi Cans 24x375mL",
    "WOW Price": 18.55,
    "WOW Size": "24x375mL",
    "WOW ppu": "$2.06 / 1L"
  },
  {
    "Brand_Product_Size": "Woolworths Cook Pork Knuckle 650g - 1kg",
    "WOW Price": 13,
    "WOW Size": "650g - 1kg",
    "WOW ppu": "$13.00 / 1KG"
  },
  {
    "Brand_Product_Size": "Danone Activia Fibre Peach & Sunflower Seed 125g x4 pack",
    "WOW Price": 5,
    "WOW Size": "125g x4 pack",
    "WOW ppu": "$1.00 / 100G"
  },
  {
    "Brand_Product_Size": "Hygiene Plus Multi Purpose Lightly Powdered Medium Large Gloves 150 pack",
    "WOW Price": 19.5,
    "WOW Size": "150 pack",
    "WOW ppu": "$0.13 / 1EA"
  },
  {
    "Brand_Product_Size": "Streets Golden Gaytime Ice Cream Original 4 pack",
    "WOW Price": 8.5,
    "WOW Size": "4 pack",
    "WOW ppu": "$2.13 / 100ML"
  },
  {
    "Brand_Product_Size": "Mother's Day Cake Topper Silver each",
    "WOW Price": 3,
    "WOW Size": "each",
    "WOW ppu": ""
  },
  {
    "Brand_Product_Size": "Woolworths Microwave Long Grain White Rice 250g",
    "WOW Price": 1.5,
    "WOW Size": "250g",
    "WOW ppu": "$0.60 / 100G"
  },
  {
    "Brand_Product_Size": "Clearly Premium Smoked Salmon 500g",
    "WOW Price": 20,
    "WOW Size": "500g",
    "WOW ppu": "$40.00 / 1KG"
  },
  {
    "Brand_Product_Size": "Vitasoy Almond & Protein Unsweetened Milk 1L",
    "WOW Price": 4.5,
    "WOW Size": "1L",
    "WOW ppu": "$4.50 / 1L"
  },
  {
    "Brand_Product_Size": "Vitasoy Almond & Protein Unsweetened Milk 1L",
    "WOW Price": 4.5,
    "WOW Size": "1L",
    "WOW ppu": "$4.50 / 1L"
  },
  {
    "Brand_Product_Size": "Vileda Handi Dish Brush Refills 4 pack",
    "WOW Price": 5.5,
    "WOW Size": "4 pack",
    "WOW ppu": "$1.38 / 1EA"
  },
  {
    "Brand_Product_Size": "Peppercorn Butcher's Classic Chorizo Sausages 450g",
    "WOW Price": 7.5,
    "WOW Size": "450g",
    "WOW ppu": "$16.67 / 1KG"
  },
  {
    "Brand_Product_Size": "Smitten Cat Food Beef Lamb & Vegetables 1kg",
    "WOW Price": 2.8,
    "WOW Size": "1kg",
    "WOW ppu": "$0.28 / 100G"
  },
  {
    "Brand_Product_Size": "Masterfoods Garam Masala 30g",
    "WOW Price": 2.8,
    "WOW Size": "30g",
    "WOW ppu": "$0.93 / 10G"
  },
  {
    "Brand_Product_Size": "Bonds Mens Work Crew Socks Size 11+ 3 pack",
    "WOW Price": 16,
    "WOW Size": "3 pack",
    "WOW ppu": ""
  },
  {
    "Brand_Product_Size": "Dove Body Wash Restoring Coconut & Almond Oils 1L",
    "WOW Price": 6.85,
    "WOW Size": "1L",
    "WOW ppu": "$0.69 / 100ML"
  },
  {
    "Brand_Product_Size": "Primo Pastrami 80g",
    "WOW Price": 3.25,
    "WOW Size": "80g",
    "WOW ppu": "$40.63 / 1KG"
  },
  {
    "Brand_Product_Size": "Primo Pastrami 80g",
    "WOW Price": 3.25,
    "WOW Size": "80g",
    "WOW ppu": "$40.63 / 1KG"
  },
  {
    "Brand_Product_Size": "Purina Pixar Sulley Plush Dog Toy each",
    "WOW Price": 20,
    "WOW Size": "each",
    "WOW ppu": "$20.00 / 1EA"
  },
  {
    "Brand_Product_Size": "Silverbeet Fresh each",
    "WOW Price": 4.5,
    "WOW Size": "each",
    "WOW ppu": "$4.50 / 1EA"
  },
  {
    "Brand_Product_Size": "Urbane Mess Wax Pomade 85g",
    "WOW Price": 8,
    "WOW Size": "85g",
    "WOW ppu": "$9.41 / 100G"
  },
  {
    "Brand_Product_Size": "L'oreal Elvive Total Repair 5 Repairing Conditioner 300mL",
    "WOW Price": 5.25,
    "WOW Size": "300mL",
    "WOW ppu": "$1.75 / 100ML"
  },
  {
    "Brand_Product_Size": "Oral-b Vitality Sensitive Clean Power Toothbrush each",
    "WOW Price": 45,
    "WOW Size": "each",
    "WOW ppu": "$45.00 / 1EA"
  },
  {
    "Brand_Product_Size": "Extra White Lemon Lime Chewing Gum Sugar Free Bottle 64g",
    "WOW Price": 4,
    "WOW Size": "64g",
    "WOW ppu": "$6.25 / 100G"
  },
  {
    "Brand_Product_Size": "Angas Park Prunes Pitted 250g",
    "WOW Price": 3.75,
    "WOW Size": "250g",
    "WOW ppu": "$15.00 / 1KG"
  },
  {
    "Brand_Product_Size": "Armada Kitchen Tidy Roll Medium 35 pack",
    "WOW Price": 2,
    "WOW Size": "35 pack",
    "WOW ppu": "$0.06 / 1EA"
  },
  {
    "Brand_Product_Size": "Lamb Leg Roast 1.8kg - 3kg",
    "WOW Price": 37.5,
    "WOW Size": "1.8kg - 3kg",
    "WOW ppu": "$12.50 / 1KG"
  },
  {
    "Brand_Product_Size": "Sanpellegrino Natural Mineral Water 12x750mL pack",
    "WOW Price": 25.8,
    "WOW Size": "12x750mL pack",
    "WOW ppu": "$2.87 / 1L"
  },
  {
    "Brand_Product_Size": "Gatorade G-active Electrolyte Water Berry Flavoured No Sugar 600mL",
    "WOW Price": 2.15,
    "WOW Size": "600mL",
    "WOW ppu": "$3.58 / 1L"
  },
  {
    "Brand_Product_Size": "Sukin Cleansing Hand Wash Refill 1L",
    "WOW Price": 14.4,
    "WOW Size": "1L",
    "WOW ppu": "$1.44 / 100ML"
  },
  {
    "Brand_Product_Size": "Bulla Creamy Classics Ice Cream Sandwich Vanilla 4 pack",
    "WOW Price": 4.25,
    "WOW Size": "4 pack",
    "WOW ppu": "$0.76 / 100ML"
  },
  {
    "Brand_Product_Size": "Sealord Dory Classic Crumb Fillets 4 pack",
    "WOW Price": 6,
    "WOW Size": "4 pack",
    "WOW ppu": "$18.75 / 1KG"
  },
  {
    "Brand_Product_Size": "Essentials Cat Litter Clay 15L",
    "WOW Price": 7.05,
    "WOW Size": "15L",
    "WOW ppu": "$0.47 / 1L"
  },
  {
    "Brand_Product_Size": "Geelong Brush Bathroom Rim Toilet Set each",
    "WOW Price": 10,
    "WOW Size": "each",
    "WOW ppu": ""
  },
  {
    "Brand_Product_Size": "Hedy's Quiche Lorraine 1.1kg",
    "WOW Price": 13.5,
    "WOW Size": "1.1kg",
    "WOW ppu": "$1.23 / 100G"
  },
  {
    "Brand_Product_Size": "Sistema Storage Container With Lid 14l each",
    "WOW Price": 15,
    "WOW Size": "each",
    "WOW ppu": ""
  },
  {
    "Brand_Product_Size": "Baby Bellies Smoothie Bowl Apple, Strawberry & Oats 110g",
    "WOW Price": 2.25,
    "WOW Size": "110g",
    "WOW ppu": "$2.05 / 100G"
  },
  {
    "Brand_Product_Size": "Underworks Mens Bamboo Blend Crew Socks Assorted 4 pack",
    "WOW Price": 10,
    "WOW Size": "4 pack",
    "WOW ppu": ""
  },
  {
    "Brand_Product_Size": "Birds Eye Deli Roast Duck Fat Potatoes Fat 600g",
    "WOW Price": 5,
    "WOW Size": "600g",
    "WOW ppu": "$8.33 / 1KG"
  },
  {
    "Brand_Product_Size": "Mint Silicone Trivet Assorted each",
    "WOW Price": 2,
    "WOW Size": "each",
    "WOW ppu": ""
  },
  {
    "Brand_Product_Size": "Fantastic Cup Noodles Beef 6 pack",
    "WOW Price": 6,
    "WOW Size": "6 pack",
    "WOW ppu": "$1.43 / 100G"
  },
  {
    "Brand_Product_Size": "Optislim Life Optibiome Aple Pie Bar 36g",
    "WOW Price": 3,
    "WOW Size": "36g",
    "WOW ppu": "$8.33 / 100G"
  },
  {
    "Brand_Product_Size": "A2 Light Milk 1L",
    "WOW Price": 3.2,
    "WOW Size": "1L",
    "WOW ppu": "$3.20 / 1L"
  },
  {
    "Brand_Product_Size": "Macro Chicken Lovely Legs Free Range 500g - 800g",
    "WOW Price": 8.4,
    "WOW Size": "500g - 800g",
    "WOW ppu": "$10.50 / 1KG"
  },
  {
    "Brand_Product_Size": "Sealord Hoki Fillets Potato Crumb 480g",
    "WOW Price": 7.5,
    "WOW Size": "480g",
    "WOW ppu": "$15.63 / 1KG"
  },
  {
    "Brand_Product_Size": "Huggies Drynites Pyjama Pants 2-4yrs Girl 11 pack",
    "WOW Price": 12,
    "WOW Size": "11 pack",
    "WOW ppu": "$1.09 / 1EA"
  },
  {
    "Brand_Product_Size": "Air Wick Plug-in Air Freshener Lavender Refill 2x21mL",
    "WOW Price": 9.99,
    "WOW Size": "2x21mL",
    "WOW ppu": "$2.38 / 10ML"
  },
  {
    "Brand_Product_Size": "Bushells Coffee Essence Sweet Chicory 250mL",
    "WOW Price": 4.3,
    "WOW Size": "250mL",
    "WOW ppu": "$1.72 / 100ML"
  },
  {
    "Brand_Product_Size": "Bushells Coffee Essence Sweet Chicory 250mL",
    "WOW Price": 4.3,
    "WOW Size": "250mL",
    "WOW ppu": "$1.72 / 100ML"
  },
  {
    "Brand_Product_Size": "Mint Glazed Dinner Plate Grey each",
    "WOW Price": 5,
    "WOW Size": "each",
    "WOW ppu": ""
  },
  {
    "Brand_Product_Size": "Woolworths Cinnamon Sugar 60g",
    "WOW Price": 1.5,
    "WOW Size": "60g",
    "WOW ppu": "$0.25 / 10G"
  },
  {
    "Brand_Product_Size": "Castello Mini Cheeses Creamy Blue 5 pack",
    "WOW Price": 5.5,
    "WOW Size": "5 pack",
    "WOW ppu": "$57.89 / 1KG"
  },
  {
    "Brand_Product_Size": "Castello Mini Cheeses Creamy Blue 5 pack",
    "WOW Price": 5.5,
    "WOW Size": "5 pack",
    "WOW ppu": "$57.89 / 1KG"
  },
  {
    "Brand_Product_Size": "Skyn Original Natural Feeling Non-latex Condoms 10 pack",
    "WOW Price": 9,
    "WOW Size": "10 pack",
    "WOW ppu": "$0.90 / 1EA"
  },
  {
    "Brand_Product_Size": "Cussons Imperial Leather Soap Bar Original 600g",
    "WOW Price": 4.2,
    "WOW Size": "600g",
    "WOW ppu": "$0.70 / 100G"
  },
  {
    "Brand_Product_Size": "Woolworths Chocolate Bavarian 450g",
    "WOW Price": 3.3,
    "WOW Size": "450g",
    "WOW ppu": "$0.73 / 100G"
  },
  {
    "Brand_Product_Size": "Woolworths Bbq Lamb Kebabs With Mint & Honey 450g",
    "WOW Price": 8.5,
    "WOW Size": "450g",
    "WOW ppu": "$18.89 / 1KG"
  },
  {
    "Brand_Product_Size": "Latina Fresh Beef Lasagne 350g",
    "WOW Price": 8,
    "WOW Size": "350g",
    "WOW ppu": "$2.29 / 100G"
  },
  {
    "Brand_Product_Size": "Inspire Shower Caddy 2 Level With Hook each",
    "WOW Price": 8,
    "WOW Size": "each",
    "WOW ppu": ""
  },
  {
    "Brand_Product_Size": "Jeer For Men Deodorant Body Spray 150mL",
    "WOW Price": 5,
    "WOW Size": "150mL",
    "WOW ppu": "$3.33 / 100ML"
  },
  {
    "Brand_Product_Size": "Harmony Bird Food Lorikeet & Honey Eater 500g",
    "WOW Price": 8,
    "WOW Size": "500g",
    "WOW ppu": "$1.60 / 100G"
  },
  {
    "Brand_Product_Size": "Multix Extra Wide Garbage Bags 50 pack",
    "WOW Price": 7.5,
    "WOW Size": "50 pack",
    "WOW ppu": "$0.15 / 1EA"
  },
  {
    "Brand_Product_Size": "Siggi's 4% Milkfat Yoghurt Strawberry 125g",
    "WOW Price": 2,
    "WOW Size": "125g",
    "WOW ppu": "$1.60 / 100G"
  },
  {
    "Brand_Product_Size": "Woolworths Baby Rocket Salad Bag 60g",
    "WOW Price": 2,
    "WOW Size": "60g",
    "WOW ppu": "$33.33 / 1KG"
  },
  {
    "Brand_Product_Size": "Woolworths Baby Rocket Salad Bag 60g",
    "WOW Price": 2,
    "WOW Size": "60g",
    "WOW ppu": "$33.33 / 1KG"
  },
  {
    "Brand_Product_Size": "Woolworths Baby Rocket Salad Bag 60g",
    "WOW Price": 2,
    "WOW Size": "60g",
    "WOW ppu": "$33.33 / 1KG"
  },
  {
    "Brand_Product_Size": "Jackson 3 Meter Power Outlet Extension Lead Reel each",
    "WOW Price": 15,
    "WOW Size": "each",
    "WOW ppu": ""
  },
  {
    "Brand_Product_Size": "Ingham's Crumbed Chicken Kiev Garlic Butter 350g",
    "WOW Price": 8,
    "WOW Size": "350g",
    "WOW ppu": "$22.86 / 1KG"
  },
  {
    "Brand_Product_Size": "Tommee Tippee Closer To Nature Feeding Bottles 260mL",
    "WOW Price": 7,
    "WOW Size": "260mL",
    "WOW ppu": "$7.00 / 1EA"
  },
  {
    "Brand_Product_Size": "Woolworths Green Olives Gin Infused 110g",
    "WOW Price": 3.5,
    "WOW Size": "110g",
    "WOW ppu": "$3.18 / 100G"
  },
  {
    "Brand_Product_Size": "Essentials Plastic Bowls White 50 pack",
    "WOW Price": 5,
    "WOW Size": "50 pack",
    "WOW ppu": "$0.10 / 1EA"
  },
  {
    "Brand_Product_Size": "Chinet Entertaining Bowl 20 pack",
    "WOW Price": 3,
    "WOW Size": "20 pack",
    "WOW ppu": "$0.15 / 1EA"
  },
  {
    "Brand_Product_Size": "Helios Nail System Square 200 pack",
    "WOW Price": 6.5,
    "WOW Size": "200 pack",
    "WOW ppu": ""
  },
  {
    "Brand_Product_Size": "Madura Premium Blend Tea Bags 50 pack 100g",
    "WOW Price": 4.85,
    "WOW Size": "50 pack 100g",
    "WOW ppu": "$0.10 / 1EA"
  },
  {
    "Brand_Product_Size": "Madura Premium Blend Tea Bags 50 pack 100g",
    "WOW Price": 4.85,
    "WOW Size": "50 pack 100g",
    "WOW ppu": "$0.10 / 1EA"
  },
  {
    "Brand_Product_Size": "Woolworths Plantitude Vegan Belgian Dark Chocolate Cake 250g",
    "WOW Price": 6,
    "WOW Size": "250g",
    "WOW ppu": "$2.40 / 100G"
  },
  {
    "Brand_Product_Size": "Chris' Heritage Goat Cheese & Black Truffle Dip 170g",
    "WOW Price": 8,
    "WOW Size": "170g",
    "WOW ppu": "$4.71 / 100G"
  },
  {
    "Brand_Product_Size": "Chris' Heritage Goat Cheese & Black Truffle Dip 170g",
    "WOW Price": 8,
    "WOW Size": "170g",
    "WOW ppu": "$4.71 / 100G"
  },
  {
    "Brand_Product_Size": "Symphony Facial Tissues White 228ss 3 pack",
    "WOW Price": 4,
    "WOW Size": "3 pack",
    "WOW ppu": "$0.58 / 100SS"
  },
  {
    "Brand_Product_Size": "Symphony Facial Tissues White 228ss 3 pack",
    "WOW Price": 4,
    "WOW Size": "3 pack",
    "WOW ppu": "$0.58 / 100SS"
  },
  {
    "Brand_Product_Size": "Hart & Soul Chicken & Corn Soup Pouch 400g",
    "WOW Price": 4,
    "WOW Size": "400g",
    "WOW ppu": "$1.00 / 100G"
  },
  {
    "Brand_Product_Size": "Woolworths Sunscreen Spf 50+ 1L",
    "WOW Price": 8.5,
    "WOW Size": "1L",
    "WOW ppu": "$0.85 / 100ML"
  },
  {
    "Brand_Product_Size": "Essentials Table Salt 1kg",
    "WOW Price": 0.9,
    "WOW Size": "1kg",
    "WOW ppu": "$0.01 / 10G"
  },
  {
    "Brand_Product_Size": "Bonds Kids Low Cut Everyday Value Trainer Socks Size 5-8 5 pack",
    "WOW Price": 10,
    "WOW Size": "5 pack",
    "WOW ppu": ""
  },
  {
    "Brand_Product_Size": "Jj Snacks Multipack Chicken Chips 12 pack",
    "WOW Price": 5.2,
    "WOW Size": "12 pack",
    "WOW ppu": "$2.89 / 100G"
  },
  {
    "Brand_Product_Size": "Jj Snacks Multipack Chicken Chips 12 pack",
    "WOW Price": 5.2,
    "WOW Size": "12 pack",
    "WOW ppu": "$2.89 / 100G"
  },
  {
    "Brand_Product_Size": "Don English Style Thinly Sliced Leg Ham 250g",
    "WOW Price": 6.4,
    "WOW Size": "250g",
    "WOW ppu": "$25.60 / 1KG"
  },
  {
    "Brand_Product_Size": "Don English Style Thinly Sliced Leg Ham 250g",
    "WOW Price": 6.4,
    "WOW Size": "250g",
    "WOW ppu": "$25.60 / 1KG"
  },
  {
    "Brand_Product_Size": "Smitten Recycled Paper Cat Litter 20L",
    "WOW Price": 14.2,
    "WOW Size": "20L",
    "WOW ppu": "$0.71 / 1L"
  },
  {
    "Brand_Product_Size": "Woolworths Corn Beef Large 1.3kg - 3.3kg",
    "WOW Price": 29.7,
    "WOW Size": "1.3kg - 3.3kg",
    "WOW ppu": "$9.00 / 1KG"
  },
  {
    "Brand_Product_Size": "So Delicious Coconut Coco Breeze 500g",
    "WOW Price": 7,
    "WOW Size": "500g",
    "WOW ppu": "$1.40 / 100G"
  },
  {
    "Brand_Product_Size": "Woolworths Triple Chocolate Ice Cream Tub 1L",
    "WOW Price": 5,
    "WOW Size": "1L",
    "WOW ppu": "$0.50 / 100ML"
  },
  {
    "Brand_Product_Size": "Freshwater Farm Australia Lemon Myrtle Oil + Manuka Honey Soothing Body Bar 200g",
    "WOW Price": 4.5,
    "WOW Size": "200g",
    "WOW ppu": "$2.25 / 100G"
  },
  {
    "Brand_Product_Size": "My Dog Adult 7+ Turkey And Rice Topped With Vegetables 100g",
    "WOW Price": 1,
    "WOW Size": "100g",
    "WOW ppu": "$1.00 / 100G"
  },
  {
    "Brand_Product_Size": "Aveeno Fresh Greens Blend Conditioner 354mL",
    "WOW Price": 16,
    "WOW Size": "354mL",
    "WOW ppu": "$4.52 / 100ML"
  },
  {
    "Brand_Product_Size": "Macro Chicken Tenderloins Free Range 440g - 750g",
    "WOW Price": 14.63,
    "WOW Size": "440g - 750g",
    "WOW ppu": "$19.50 / 1KG"
  },
  {
    "Brand_Product_Size": "Devondale Sandwich Cheese Slices 500g",
    "WOW Price": 5.5,
    "WOW Size": "500g",
    "WOW ppu": "$11.00 / 1KG"
  },
  {
    "Brand_Product_Size": "Eclipse Chewy Mints Spearmint Bottle Spearmint Bottle 93g",
    "WOW Price": 3.5,
    "WOW Size": "93g",
    "WOW ppu": "$3.76 / 100G"
  },
  {
    "Brand_Product_Size": "Pana Almond Sticks 3 pack",
    "WOW Price": 9,
    "WOW Size": "3 pack",
    "WOW ppu": "$2.86 / 100ML"
  },
  {
    "Brand_Product_Size": "Nuk Happy Nights Soother 6-18m Assorted 2 pack",
    "WOW Price": 12,
    "WOW Size": "2 pack",
    "WOW ppu": "$12.00 / 1EA"
  },
  {
    "Brand_Product_Size": "Masterfoods Seasoning Spaghetti Bolognese 40g",
    "WOW Price": 6,
    "WOW Size": "40g",
    "WOW ppu": "$1.50 / 10G"
  },
  {
    "Brand_Product_Size": "Weis Ice Cream Mango & Cream 4 pack",
    "WOW Price": 5.5,
    "WOW Size": "4 pack",
    "WOW ppu": "$1.96 / 100ML"
  },
  {
    "Brand_Product_Size": "Cuddly Aroma Collections Concentrate Fabric Softener Conditioner 900mL",
    "WOW Price": 9,
    "WOW Size": "900mL",
    "WOW ppu": "$10.00 / 1L"
  },
  {
    "Brand_Product_Size": "Vitapet Jerhigh Treat Bbq Chicken Chasers 100g",
    "WOW Price": 4.9,
    "WOW Size": "100g",
    "WOW ppu": "$4.90 / 100G"
  },
  {
    "Brand_Product_Size": "Frankie & Friends Wild Bird Sunflower Seed Bell Treat 585g",
    "WOW Price": 5.3,
    "WOW Size": "585g",
    "WOW ppu": "$0.91 / 100G"
  },
  {
    "Brand_Product_Size": "Colgate Total Advanced Whitening Antibacterial Toothpaste 115g",
    "WOW Price": 4,
    "WOW Size": "115g",
    "WOW ppu": "$3.48 / 100G"
  },
  {
    "Brand_Product_Size": "Moira Mac's Oven Roasted Chicken Breast Shredded From The Deli per kg",
    "WOW Price": 25,
    "WOW Size": "per kg",
    "WOW ppu": "$25.00 / 1KG"
  },
  {
    "Brand_Product_Size": "Danone Yopro Plain 700g",
    "WOW Price": 6,
    "WOW Size": "700g",
    "WOW ppu": "$0.86 / 100G"
  },
  {
    "Brand_Product_Size": "Gm Housebrand Water Colour Paints 12 pack",
    "WOW Price": 2,
    "WOW Size": "12 pack",
    "WOW ppu": ""
  },
  {
    "Brand_Product_Size": "Dove Nutritive Solutions Daily Moisture Shampoo 640mL",
    "WOW Price": 8.4,
    "WOW Size": "640mL",
    "WOW ppu": "$1.31 / 100ML"
  },
  {
    "Brand_Product_Size": "Cadbury Dairy Milk Molten Pudding Milk Chocolate 2 pack",
    "WOW Price": 5,
    "WOW Size": "2 pack",
    "WOW ppu": "$2.50 / 100G"
  },
  {
    "Brand_Product_Size": "Bonds Full Brief Comfytails Side Seam Free Size 16 2 pack",
    "WOW Price": 24,
    "WOW Size": "2 pack",
    "WOW ppu": ""
  },
  {
    "Brand_Product_Size": "Rexona Women Antiperspirant Deodorant Clinical Shower Clean 45mL",
    "WOW Price": 13,
    "WOW Size": "45mL",
    "WOW ppu": "$28.89 / 100ML"
  },
  {
    "Brand_Product_Size": "Argan Oil Large Cushion Paddle Brush each",
    "WOW Price": 16,
    "WOW Size": "each",
    "WOW ppu": ""
  },
  {
    "Brand_Product_Size": "Madura Black Leaf Tea Organic 150g",
    "WOW Price": 5.95,
    "WOW Size": "150g",
    "WOW ppu": "$3.97 / 100G"
  },
  {
    "Brand_Product_Size": "Madura Black Leaf Tea Organic 150g",
    "WOW Price": 5.95,
    "WOW Size": "150g",
    "WOW ppu": "$3.97 / 100G"
  },
  {
    "Brand_Product_Size": "Woolworths Raspberry Flavoured Custard Slices 2 pack",
    "WOW Price": 5,
    "WOW Size": "2 pack",
    "WOW ppu": ""
  },
  {
    "Brand_Product_Size": "Paws Fresh Pet Lean Mince 3kg",
    "WOW Price": 15.7,
    "WOW Size": "3kg",
    "WOW ppu": "$0.52 / 100G"
  },
  {
    "Brand_Product_Size": "Woolworths Macaroni Cheese Balls 8 pack",
    "WOW Price": 5,
    "WOW Size": "8 pack",
    "WOW ppu": "$2.50 / 100G"
  },
  {
    "Brand_Product_Size": "Woolworths Danish Havarti Cheese Slices 200g",
    "WOW Price": 3.7,
    "WOW Size": "200g",
    "WOW ppu": "$18.50 / 1KG"
  },
  {
    "Brand_Product_Size": "Little Trees Car Air Freshener Assorted each",
    "WOW Price": 2.5,
    "WOW Size": "each",
    "WOW ppu": ""
  },
  {
    "Brand_Product_Size": "Garlo's Lean Beef Pie 200g",
    "WOW Price": 4,
    "WOW Size": "200g",
    "WOW ppu": "$2.00 / 100G"
  },
  {
    "Brand_Product_Size": "Smith's Crinkle Cut Crispy Bacon 150g",
    "WOW Price": 1.75,
    "WOW Size": "150g",
    "WOW ppu": "$1.17 / 100G"
  },
  {
    "Brand_Product_Size": "Sabco Kitchen & Bathroom Sponge Mop each",
    "WOW Price": 19.5,
    "WOW Size": "each",
    "WOW ppu": "$19.50 / 1EA"
  },
  {
    "Brand_Product_Size": "Prana On Plant Protein Shake Salted Caramel Flavour 405g",
    "WOW Price": 15,
    "WOW Size": "405g",
    "WOW ppu": "$3.70 / 100G"
  },
  {
    "Brand_Product_Size": "Queen Natural Rosewater Essence 50mL",
    "WOW Price": 1.1,
    "WOW Size": "50mL",
    "WOW ppu": "$0.22 / 10ML"
  },
  {
    "Brand_Product_Size": "L'oreal Paris Preference Deep Purple Pearl P38 each",
    "WOW Price": 11.4,
    "WOW Size": "each",
    "WOW ppu": ""
  },
  {
    "Brand_Product_Size": "Regal Premium Pet Mince Chicken, Beef & Roo 3.2kg",
    "WOW Price": 17.5,
    "WOW Size": "3.2kg",
    "WOW ppu": "$0.55 / 100G"
  },
  {
    "Brand_Product_Size": "Frankie & Friends Wild Bird Seed Blend 5kg",
    "WOW Price": 9.5,
    "WOW Size": "5kg",
    "WOW ppu": "$0.19 / 100G"
  },
  {
    "Brand_Product_Size": "Easiyo Banana Yoghurt Base Yogurt Base 230g",
    "WOW Price": 4,
    "WOW Size": "230g",
    "WOW ppu": "$1.74 / 100G"
  },
  {
    "Brand_Product_Size": "Ogx Shine & Heat Protect Spray 177m",
    "WOW Price": 21,
    "WOW Size": "177m",
    "WOW ppu": "$11.86 / 100ML"
  },
  {
    "Brand_Product_Size": "Hart & Soul All Natural Coconut Bengali Split Chickpea Dahl Curry 300g",
    "WOW Price": 3,
    "WOW Size": "300g",
    "WOW ppu": "$1.00 / 100G"
  },
  {
    "Brand_Product_Size": "Buonissimo Carrot Cake 1.35kg",
    "WOW Price": 25,
    "WOW Size": "1.35kg",
    "WOW ppu": "$1.67 / 100G"
  },
  {
    "Brand_Product_Size": "Seasol Powerfeed All Purpose Plant Fertiliser Hose On 1.2L",
    "WOW Price": 10,
    "WOW Size": "1.2L",
    "WOW ppu": "$0.83 / 100ML"
  },
  {
    "Brand_Product_Size": "Remington Power Series Shaver R2 each",
    "WOW Price": 39,
    "WOW Size": "each",
    "WOW ppu": ""
  },
  {
    "Brand_Product_Size": "Twinings Green Tea Bags 150g",
    "WOW Price": 11.2,
    "WOW Size": "150g",
    "WOW ppu": "$0.11 / 1EA"
  },
  {
    "Brand_Product_Size": "Twinings Green Tea Bags 150g",
    "WOW Price": 11.2,
    "WOW Size": "150g",
    "WOW ppu": "$0.11 / 1EA"
  },
  {
    "Brand_Product_Size": "Inspire Pink Coloured Mug each",
    "WOW Price": 2,
    "WOW Size": "each",
    "WOW ppu": ""
  },
  {
    "Brand_Product_Size": "Dove Shampoo Destress Ritual 320mL",
    "WOW Price": 4.9,
    "WOW Size": "320mL",
    "WOW ppu": "$1.53 / 100ML"
  },
  {
    "Brand_Product_Size": "Chux Dishwand Non-scratch Refill 3 pack",
    "WOW Price": 5.5,
    "WOW Size": "3 pack",
    "WOW ppu": "$1.83 / 1EA"
  },
  {
    "Brand_Product_Size": "Body Blendz Coco Luxe Coffee Scrub 200g",
    "WOW Price": 15,
    "WOW Size": "200g",
    "WOW ppu": "$7.50 / 100G"
  },
  {
    "Brand_Product_Size": "Camelbak The Eddy Bottle 600mL each",
    "WOW Price": 25,
    "WOW Size": "600mL each",
    "WOW ppu": ""
  },
  {
    "Brand_Product_Size": "Camelbak The Eddy Bottle 600mL each",
    "WOW Price": 25,
    "WOW Size": "600mL each",
    "WOW ppu": ""
  },
  {
    "Brand_Product_Size": "Multix Recycled Tidy Bags Top Ties Medium 24 pack",
    "WOW Price": 3.5,
    "WOW Size": "24 pack",
    "WOW ppu": "$0.15 / 1EA"
  },
  {
    "Brand_Product_Size": "Woolworths Lentils No Added Salt 420g",
    "WOW Price": 0.8,
    "WOW Size": "420g",
    "WOW ppu": "$0.19 / 100G"
  },
  {
    "Brand_Product_Size": "Sunrice Brown Rice Calrose Medium Grain 1kg",
    "WOW Price": 3.5,
    "WOW Size": "1kg",
    "WOW ppu": "$0.35 / 100G"
  },
  {
    "Brand_Product_Size": "Woolworths Auto Open Umbrella Polka Dots Blue each",
    "WOW Price": 12.95,
    "WOW Size": "each",
    "WOW ppu": ""
  },
  {
    "Brand_Product_Size": "Belvita Honey & Nut Breakfast Biscuits 300g",
    "WOW Price": 3,
    "WOW Size": "300g",
    "WOW ppu": "$1.00 / 100G"
  },
  {
    "Brand_Product_Size": "Dr. Oetker Ready To Roll Icing White 600g",
    "WOW Price": 5.3,
    "WOW Size": "600g",
    "WOW ppu": "$0.88 / 100G"
  },
  {
    "Brand_Product_Size": "Mtr Rava Idly Ready Mix 500g",
    "WOW Price": 2.5,
    "WOW Size": "500g",
    "WOW ppu": "$0.50 / 100G"
  },
  {
    "Brand_Product_Size": "Bonds Insta Tan Slimming Sheer Tights Medium each",
    "WOW Price": 8,
    "WOW Size": "each",
    "WOW ppu": ""
  },
  {
    "Brand_Product_Size": "Liddells Skim Long Life Milk Lactose Free 1L",
    "WOW Price": 2.25,
    "WOW Size": "1L",
    "WOW ppu": "$2.25 / 1L"
  },
  {
    "Brand_Product_Size": "Liddells Skim Long Life Milk Lactose Free 1L",
    "WOW Price": 2.25,
    "WOW Size": "1L",
    "WOW ppu": "$2.25 / 1L"
  },
  {
    "Brand_Product_Size": "Pyrex 250ml Measuring Jug each",
    "WOW Price": 9,
    "WOW Size": "each",
    "WOW ppu": ""
  },
  {
    "Brand_Product_Size": "Cloverdale Tasty & Sweet Pure Honey 375g",
    "WOW Price": 4.5,
    "WOW Size": "375g",
    "WOW ppu": "$1.20 / 100G"
  },
  {
    "Brand_Product_Size": "The Natural Confectionery Co. Vegan Fruity Flavoured Lollies 200g",
    "WOW Price": 3,
    "WOW Size": "200g",
    "WOW ppu": "$1.50 / 100G"
  },
  {
    "Brand_Product_Size": "Napro Palette 8-0 Medium Blonde each",
    "WOW Price": 7.95,
    "WOW Size": "each",
    "WOW ppu": "$7.95 / 1EA"
  },
  {
    "Brand_Product_Size": "Yumi's Roasted Beetroot Hommus Dip 65g x3 pack",
    "WOW Price": 4,
    "WOW Size": "65g x3 pack",
    "WOW ppu": "$2.05 / 100G"
  },
  {
    "Brand_Product_Size": "Neutrogena Ultra Sheer Clear Face Sunscreen Liquid-lotion Spf 30 88mL",
    "WOW Price": 13.6,
    "WOW Size": "88mL",
    "WOW ppu": "$15.45 / 100ML"
  },
  {
    "Brand_Product_Size": "Bertolli Classic Olive Oil Spread Margarine Classic 500g",
    "WOW Price": 3.5,
    "WOW Size": "500g",
    "WOW ppu": "$0.70 / 100G"
  },
  {
    "Brand_Product_Size": "Republica Organic Instant Coffee 100% Pure Decaffeinated 100g",
    "WOW Price": 11,
    "WOW Size": "100g",
    "WOW ppu": "$11.00 / 100G"
  },
  {
    "Brand_Product_Size": "Republica Organic Instant Coffee 100% Pure Decaffeinated 100g",
    "WOW Price": 11,
    "WOW Size": "100g",
    "WOW ppu": "$11.00 / 100G"
  },
  {
    "Brand_Product_Size": "Herbal Essences Bio Renew Shampoo Repair Argan Oil 600mL",
    "WOW Price": 9,
    "WOW Size": "600mL",
    "WOW ppu": "$1.50 / 100ML"
  },
  {
    "Brand_Product_Size": "Mckenzie's Almond Flour 300g",
    "WOW Price": 10,
    "WOW Size": "300g",
    "WOW ppu": "$3.33 / 100G"
  },
  {
    "Brand_Product_Size": "L'oreal Paris Foundation True Match Liquid Golden Ivory 30mL",
    "WOW Price": 15,
    "WOW Size": "30mL",
    "WOW ppu": "$50.00 / 100ML"
  },
  {
    "Brand_Product_Size": "M&m's Chocolate Medium Party Share Bag 12 Piece 162g",
    "WOW Price": 3,
    "WOW Size": "162g",
    "WOW ppu": "$1.85 / 100G"
  },
  {
    "Brand_Product_Size": "Optislim Life Optibiome Shake Variety Flavours 10 pack",
    "WOW Price": 36,
    "WOW Size": "10 pack",
    "WOW ppu": "$6.00 / 100G"
  },
  {
    "Brand_Product_Size": "Papermate Correction Liquid Paper 2 In 1 each",
    "WOW Price": 4,
    "WOW Size": "each",
    "WOW ppu": ""
  },
  {
    "Brand_Product_Size": "Paperclick Craft Exercise Book 60 Page Assorted each",
    "WOW Price": 2,
    "WOW Size": "each",
    "WOW ppu": ""
  },
  {
    "Brand_Product_Size": "Nvita Pregnancy Hcg Test Kit each",
    "WOW Price": 6,
    "WOW Size": "each",
    "WOW ppu": "$6.00 / 1EA"
  },
  {
    "Brand_Product_Size": "John West Tuna In Olive Oil 425g",
    "WOW Price": 4.5,
    "WOW Size": "425g",
    "WOW ppu": "$10.59 / 1KG"
  },
  {
    "Brand_Product_Size": "Jiinju Bubble Sheet Mask each",
    "WOW Price": 2.5,
    "WOW Size": "each",
    "WOW ppu": "$2.50 / 1EA"
  },
  {
    "Brand_Product_Size": "Cottons Ultra Thin Pads With Wings Super 12 pack",
    "WOW Price": 4,
    "WOW Size": "12 pack",
    "WOW ppu": "$0.33 / 1EA"
  },
  {
    "Brand_Product_Size": "Kinder Bueno White 39g",
    "WOW Price": 2,
    "WOW Size": "39g",
    "WOW ppu": "$5.13 / 100G"
  },
  {
    "Brand_Product_Size": "Sheer Relief Pantyhose Control Support Black Extra Tall each",
    "WOW Price": 9,
    "WOW Size": "each",
    "WOW ppu": ""
  },
  {
    "Brand_Product_Size": "Byron Beef Jerky Smoking Hot 40g",
    "WOW Price": 5.45,
    "WOW Size": "40g",
    "WOW ppu": "$13.63 / 100G"
  },
  {
    "Brand_Product_Size": "Inspire Soap Dish 7cm each",
    "WOW Price": 4,
    "WOW Size": "each",
    "WOW ppu": ""
  },
  {
    "Brand_Product_Size": "Epzen Relax Magnesium Bath Crystals 900g",
    "WOW Price": 13,
    "WOW Size": "900g",
    "WOW ppu": "$1.44 / 100G"
  },
  {
    "Brand_Product_Size": "Della Rosa Double Pepperoni Pizza 500g",
    "WOW Price": 5,
    "WOW Size": "500g",
    "WOW ppu": "$1.00 / 100G"
  },
  {
    "Brand_Product_Size": "St.dalfour Raspberry Spread No Added Sugar 284g",
    "WOW Price": 4.5,
    "WOW Size": "284g",
    "WOW ppu": "$1.58 / 100G"
  },
  {
    "Brand_Product_Size": "Edgell Snack Time Red Kidney Bean & Chili 70g",
    "WOW Price": 1.3,
    "WOW Size": "70g",
    "WOW ppu": "$1.86 / 100G"
  },
  {
    "Brand_Product_Size": "Dairy Farmers Thick & Creamy Strawberry Yoghurt 150g",
    "WOW Price": 1.5,
    "WOW Size": "150g",
    "WOW ppu": "$1.00 / 100G"
  },
  {
    "Brand_Product_Size": "Don Donskis Bullets Hot Salami 100g",
    "WOW Price": 3,
    "WOW Size": "100g",
    "WOW ppu": "$30.00 / 1KG"
  },
  {
    "Brand_Product_Size": "Sonic B Stable 30pin Iphone Cable each",
    "WOW Price": 10,
    "WOW Size": "each",
    "WOW ppu": ""
  },
  {
    "Brand_Product_Size": "Canon Printer Ink Pgi525bk Inkjet Black each",
    "WOW Price": 29,
    "WOW Size": "each",
    "WOW ppu": ""
  },
  {
    "Brand_Product_Size": "Woolworths Raspberry Bottle 1.25L",
    "WOW Price": 1,
    "WOW Size": "1.25L",
    "WOW ppu": "$0.80 / 1L"
  },
  {
    "Brand_Product_Size": "Vo5 Refresh Me Quick Dry Shampoo 250mL",
    "WOW Price": 6.8,
    "WOW Size": "250mL",
    "WOW ppu": "$2.72 / 100ML"
  },
  {
    "Brand_Product_Size": "Pauls Zymil Skim Uht Milk 1L",
    "WOW Price": 2.25,
    "WOW Size": "1L",
    "WOW ppu": "$2.25 / 1L"
  },
  {
    "Brand_Product_Size": "Pauls Zymil Skim Uht Milk 1L",
    "WOW Price": 2.25,
    "WOW Size": "1L",
    "WOW ppu": "$2.25 / 1L"
  },
  {
    "Brand_Product_Size": "Essano Rosehip Facial Cleansing Gentle Micellar Water 400mL",
    "WOW Price": 13,
    "WOW Size": "400mL",
    "WOW ppu": "$3.25 / 100ML"
  },
  {
    "Brand_Product_Size": "Balnea Coconut Body Wash Body Wash 1L",
    "WOW Price": 4,
    "WOW Size": "1L",
    "WOW ppu": "$0.40 / 100ML"
  },
  {
    "Brand_Product_Size": "Panadol Mini Caps For Pain Relief Paracetamol 500mg 20 pack",
    "WOW Price": 4.2,
    "WOW Size": "20 pack",
    "WOW ppu": "$0.21 / 1EA"
  },
  {
    "Brand_Product_Size": "Bonds No Show Footlets Black (3-8 & 8-11) each",
    "WOW Price": 4,
    "WOW Size": "each",
    "WOW ppu": ""
  },
  {
    "Brand_Product_Size": "Scholl Gelactiv Insoles Men's Everyday 1 pack",
    "WOW Price": 19.6,
    "WOW Size": "1 pack",
    "WOW ppu": ""
  },
  {
    "Brand_Product_Size": "D'orsogna Deli Fresh Ham Premium Leg 100g",
    "WOW Price": 3.7,
    "WOW Size": "100g",
    "WOW ppu": "$37.00 / 1KG"
  },
  {
    "Brand_Product_Size": "D'orsogna Deli Fresh Ham Premium Leg 100g",
    "WOW Price": 3.7,
    "WOW Size": "100g",
    "WOW ppu": "$37.00 / 1KG"
  },
  {
    "Brand_Product_Size": "Decor Tellfresh Cereal Server 5L",
    "WOW Price": 10,
    "WOW Size": "5L",
    "WOW ppu": ""
  },
  {
    "Brand_Product_Size": "Nando's Sauce Peri Peri Hot 125mL",
    "WOW Price": 3.85,
    "WOW Size": "125mL",
    "WOW ppu": "$3.08 / 100G"
  },
  {
    "Brand_Product_Size": "Bonds Protective Comfy Face Mask Adult Black 3 pack",
    "WOW Price": 20,
    "WOW Size": "3 pack",
    "WOW ppu": "$6.67 / 1EA"
  },
  {
    "Brand_Product_Size": "Glade Limited Edition Sense & Spray Refill 12g",
    "WOW Price": 5.9,
    "WOW Size": "12g",
    "WOW ppu": "$49.17 / 100G"
  },
  {
    "Brand_Product_Size": "Silver Swan Soy Sauce 1L",
    "WOW Price": 2.5,
    "WOW Size": "1L",
    "WOW ppu": "$2.50 / 1L"
  },
  {
    "Brand_Product_Size": "St Ives Naturally Clear Scrub Green Tea 150mL",
    "WOW Price": 5,
    "WOW Size": "150mL",
    "WOW ppu": "$3.33 / 100ML"
  },
  {
    "Brand_Product_Size": "Jack The Barber Fiber 95g",
    "WOW Price": 7.5,
    "WOW Size": "95g",
    "WOW ppu": "$7.89 / 100G"
  },
  {
    "Brand_Product_Size": "Dux Litter Large Tray each",
    "WOW Price": 6.15,
    "WOW Size": "each",
    "WOW ppu": ""
  },
  {
    "Brand_Product_Size": "Rexona Women Antiperspirant Deodorant Clinical Gentle Dry 45mL",
    "WOW Price": 13,
    "WOW Size": "45mL",
    "WOW ppu": "$28.89 / 100ML"
  },
  {
    "Brand_Product_Size": "Mutti Pesto Style Stir Through Sauce Green Tomato 280g",
    "WOW Price": 2.25,
    "WOW Size": "280g",
    "WOW ppu": "$0.80 / 100G"
  },
  {
    "Brand_Product_Size": "Nurofen Cold And Flu Multi-symptom Relief Tablets 200mg Ibuprofen 12 pack",
    "WOW Price": 8,
    "WOW Size": "12 pack",
    "WOW ppu": "$0.67 / 1EA"
  },
  {
    "Brand_Product_Size": "Brunswick Skinless And Boneless Sardine 125g",
    "WOW Price": 3,
    "WOW Size": "125g",
    "WOW ppu": "$24.00 / 1KG"
  },
  {
    "Brand_Product_Size": "Suimin Chicken Noodle Cup 70g",
    "WOW Price": 1.5,
    "WOW Size": "70g",
    "WOW ppu": "$2.14 / 100G"
  },
  {
    "Brand_Product_Size": "Woolworths Tuna Pasta Marinara 170g",
    "WOW Price": 3,
    "WOW Size": "170g",
    "WOW ppu": "$17.65 / 1KG"
  },
  {
    "Brand_Product_Size": "Clearly Premium Smoked Salmon 100g",
    "WOW Price": 7,
    "WOW Size": "100g",
    "WOW ppu": "$70.00 / 1KG"
  },
  {
    "Brand_Product_Size": "Clearblue Digital Ovulation Test Kit (opk) 10 pack",
    "WOW Price": 35,
    "WOW Size": "10 pack",
    "WOW ppu": "$3.50 / 1EA"
  },
  {
    "Brand_Product_Size": "Thursday Plantation Tea Tree Antiseptic Liquid 300mL",
    "WOW Price": 8,
    "WOW Size": "300mL",
    "WOW ppu": "$2.67 / 100ML"
  },
  {
    "Brand_Product_Size": "Doritos Crackers Nacho Garlic Bread 160g",
    "WOW Price": 2,
    "WOW Size": "160g",
    "WOW ppu": "$1.25 / 100G"
  },
  {
    "Brand_Product_Size": "Mint Salt & Pepper Grinder 20cm each",
    "WOW Price": 12,
    "WOW Size": "each",
    "WOW ppu": ""
  },
  {
    "Brand_Product_Size": "Wattie's Baked Beans In Tomato Sauce 420g",
    "WOW Price": 1.55,
    "WOW Size": "420g",
    "WOW ppu": "$0.37 / 100G"
  },
  {
    "Brand_Product_Size": "Oc Naturals Body Wash Moisturising Vanilla Ylang Ylang 725mL",
    "WOW Price": 5.5,
    "WOW Size": "725mL",
    "WOW ppu": "$0.76 / 100ML"
  },
  {
    "Brand_Product_Size": "Thins Chips Original 175g",
    "WOW Price": 3.5,
    "WOW Size": "175g",
    "WOW ppu": "$2.00 / 100G"
  },
  {
    "Brand_Product_Size": "Ruffie Rustic Foods Plant Based Butter Chickenless 350g",
    "WOW Price": 7,
    "WOW Size": "350g",
    "WOW ppu": "$2.00 / 100G"
  },
  {
    "Brand_Product_Size": "Toy Water Pistol 30cm",
    "WOW Price": 2,
    "WOW Size": "30cm",
    "WOW ppu": ""
  },
  {
    "Brand_Product_Size": "Bushman Naturals Insect Repellant Pump Spray Lemon Eucalyptus 145mL",
    "WOW Price": 15.95,
    "WOW Size": "145mL",
    "WOW ppu": "$11.00 / 100ML"
  },
  {
    "Brand_Product_Size": "Woolworths Green Olives Fetta Filled 120g",
    "WOW Price": 3.5,
    "WOW Size": "120g",
    "WOW ppu": "$2.92 / 100G"
  },
  {
    "Brand_Product_Size": "Baxter's Chilli Jam 225g",
    "WOW Price": 4.3,
    "WOW Size": "225g",
    "WOW ppu": "$1.91 / 100G"
  },
  {
    "Brand_Product_Size": "Purina One Adult Healthy Weight Chicken Dry Cat Food 1.5kg",
    "WOW Price": 15,
    "WOW Size": "1.5kg",
    "WOW ppu": "$1.00 / 100G"
  },
  {
    "Brand_Product_Size": "Moccona Freeze Dried Instant Coffee Classic Medium Roast 200g",
    "WOW Price": 13,
    "WOW Size": "200g",
    "WOW ppu": "$6.50 / 100G"
  },
  {
    "Brand_Product_Size": "Moccona Freeze Dried Instant Coffee Classic Medium Roast 200g",
    "WOW Price": 13,
    "WOW Size": "200g",
    "WOW ppu": "$6.50 / 100G"
  },
  {
    "Brand_Product_Size": "Raid Advanced Auto Insect Control System Indoor Primary 185g",
    "WOW Price": 20,
    "WOW Size": "185g",
    "WOW ppu": "$20.00 / 1EA"
  },
  {
    "Brand_Product_Size": "Oob Organic Frozen Diced Mango 500g",
    "WOW Price": 8.5,
    "WOW Size": "500g",
    "WOW ppu": "$17.00 / 1KG"
  },
  {
    "Brand_Product_Size": "Schwarzkopf Extra Care Conditioner Ultimate Repair 400mL",
    "WOW Price": 4.8,
    "WOW Size": "400mL",
    "WOW ppu": "$1.20 / 100ML"
  },
  {
    "Brand_Product_Size": "Perfect Italiano Mexican Style Mozzarella, Red Cheddar & Colby 150g",
    "WOW Price": 3.25,
    "WOW Size": "150g",
    "WOW ppu": "$21.67 / 1KG"
  },
  {
    "Brand_Product_Size": "L'oreal Paris Casting Creme Gloss 400 Dark Brown each",
    "WOW Price": 16,
    "WOW Size": "each",
    "WOW ppu": ""
  },
  {
    "Brand_Product_Size": "Balconi Trancetto Cocoa 10 pack",
    "WOW Price": 2.5,
    "WOW Size": "10 pack",
    "WOW ppu": "$0.25 / 1EA"
  },
  {
    "Brand_Product_Size": "Balconi Trancetto Cocoa 10 pack",
    "WOW Price": 2.5,
    "WOW Size": "10 pack",
    "WOW ppu": "$0.25 / 1EA"
  },
  {
    "Brand_Product_Size": "Woolworths Essentials Filing Document Holder each",
    "WOW Price": 2,
    "WOW Size": "each",
    "WOW ppu": ""
  },
  {
    "Brand_Product_Size": "Woolworths Essentials Clips Magnetic 30mm 3 pack",
    "WOW Price": 3.5,
    "WOW Size": "3 pack",
    "WOW ppu": ""
  },
  {
    "Brand_Product_Size": "M&m's Minis Chocolate Medium Bag 145g",
    "WOW Price": 2.25,
    "WOW Size": "145g",
    "WOW ppu": "$1.55 / 100G"
  },
  {
    "Brand_Product_Size": "Olay Regenerist Retinol24 Eye Cream 15mL",
    "WOW Price": 42,
    "WOW Size": "15mL",
    "WOW ppu": "$280.00 / 100ML"
  },
  {
    "Brand_Product_Size": "Dove Nutritive Solutions Conditioner Intensive Repair 640mL",
    "WOW Price": 8.4,
    "WOW Size": "640mL",
    "WOW ppu": "$1.31 / 100ML"
  },
  {
    "Brand_Product_Size": "Woolworths Plantitude Vegan Belgian Dark Chocolate Cake 550g",
    "WOW Price": 8,
    "WOW Size": "550g",
    "WOW ppu": "$1.45 / 100G"
  },
  {
    "Brand_Product_Size": "Oral-b Crossaction Dual Clean Elect Toothbrush Replacement Heads 2 refiLLs",
    "WOW Price": 11.45,
    "WOW Size": "2 refiLLs",
    "WOW ppu": "$5.73 / 1EA"
  },
  {
    "Brand_Product_Size": "Rexona Men Antiperspirant Roll On Deodorant Original 50mL",
    "WOW Price": 4,
    "WOW Size": "50mL",
    "WOW ppu": "$8.00 / 100ML"
  },
  {
    "Brand_Product_Size": "Herron Nicaway Nicotine Lozenges 4mg 72 pack",
    "WOW Price": 20,
    "WOW Size": "72 pack",
    "WOW ppu": "$27.78 / 100EA"
  },
  {
    "Brand_Product_Size": "Select Truss Cocktail Tomato 250g",
    "WOW Price": 3.9,
    "WOW Size": "250g",
    "WOW ppu": "$15.60 / 1KG"
  },
  {
    "Brand_Product_Size": "Select Truss Cocktail Tomato 250g",
    "WOW Price": 3.9,
    "WOW Size": "250g",
    "WOW ppu": "$15.60 / 1KG"
  },
  {
    "Brand_Product_Size": "Bickford's Iced Coffee Syrup 500mL",
    "WOW Price": 7,
    "WOW Size": "500mL",
    "WOW ppu": "$1.40 / 100ML"
  },
  {
    "Brand_Product_Size": "Bickford's Iced Coffee Syrup 500mL",
    "WOW Price": 7,
    "WOW Size": "500mL",
    "WOW ppu": "$1.40 / 100ML"
  },
  {
    "Brand_Product_Size": "Fountain Steak Sauce 250mL",
    "WOW Price": 2.2,
    "WOW Size": "250mL",
    "WOW ppu": "$0.88 / 100ML"
  },
  {
    "Brand_Product_Size": "Papa Giuseppi's Deep Pan Bakehouse Crust Bbq Meatlovers 392g",
    "WOW Price": 7.5,
    "WOW Size": "392g",
    "WOW ppu": "$1.91 / 100G"
  },
  {
    "Brand_Product_Size": "Sara Lee Ice Cream Classic Ultra Chocolate 1L tub",
    "WOW Price": 6.5,
    "WOW Size": "1L tub",
    "WOW ppu": "$0.65 / 100ML"
  },
  {
    "Brand_Product_Size": "Peters Light & Creamy Classic Vanilla Ice Cream 1.8L",
    "WOW Price": 5,
    "WOW Size": "1.8L",
    "WOW ppu": "$0.28 / 100ML"
  },
  {
    "Brand_Product_Size": "Energizer Max Plus Advanced 9v each",
    "WOW Price": 8,
    "WOW Size": "each",
    "WOW ppu": "$8.00 / 1EA"
  },
  {
    "Brand_Product_Size": "Nyal Cough Syrups Bronchitis Mix 200mL",
    "WOW Price": 8.5,
    "WOW Size": "200mL",
    "WOW ppu": "$4.25 / 100ML"
  },
  {
    "Brand_Product_Size": "Bulla Cottage Cheese Plain Cheese 500g",
    "WOW Price": 5.3,
    "WOW Size": "500g",
    "WOW ppu": "$10.60 / 1KG"
  },
  {
    "Brand_Product_Size": "Bulla Cottage Cheese Plain Cheese 500g",
    "WOW Price": 5.3,
    "WOW Size": "500g",
    "WOW ppu": "$10.60 / 1KG"
  },
  {
    "Brand_Product_Size": "Body Science Plant Protein Bar Lemon Cashew 50g",
    "WOW Price": 4,
    "WOW Size": "50g",
    "WOW ppu": "$8.00 / 100G"
  },
  {
    "Brand_Product_Size": "Cadbury Dairy Milk Chocolate 180g",
    "WOW Price": 3.5,
    "WOW Size": "180g",
    "WOW ppu": "$1.94 / 100G"
  },
  {
    "Brand_Product_Size": "Get Vegged Vegan Vegetable Burger 300g",
    "WOW Price": 6,
    "WOW Size": "300g",
    "WOW ppu": "$2.00 / 100G"
  },
  {
    "Brand_Product_Size": "Toscano Chocolate Croissants 6 pack",
    "WOW Price": 4.5,
    "WOW Size": "6 pack",
    "WOW ppu": "$0.75 / 1EA"
  },
  {
    "Brand_Product_Size": "Dare Double Espresso Iced Coffee 500mL",
    "WOW Price": 3.5,
    "WOW Size": "500mL",
    "WOW ppu": "$7.00 / 1L"
  },
  {
    "Brand_Product_Size": "Halo Top Plant Based Caramel Choc Pretzel Frozen Dessert 473mL",
    "WOW Price": 7,
    "WOW Size": "473mL",
    "WOW ppu": "$1.48 / 100ML"
  },
  {
    "Brand_Product_Size": "Bare Bakers Choc Brownie 270g",
    "WOW Price": 6.5,
    "WOW Size": "270g",
    "WOW ppu": "$2.41 / 100G"
  },
  {
    "Brand_Product_Size": "Spc Baked Beans In Rich Tomato 4x140g",
    "WOW Price": 3.6,
    "WOW Size": "4x140g",
    "WOW ppu": "$0.64 / 100G"
  },
  {
    "Brand_Product_Size": "Snappy Rice Crackers Mixed 250g",
    "WOW Price": 2.8,
    "WOW Size": "250g",
    "WOW ppu": "$1.12 / 100G"
  },
  {
    "Brand_Product_Size": "Three Threes Bbq Rib Sauce 275mL",
    "WOW Price": 2.99,
    "WOW Size": "275mL",
    "WOW ppu": "$1.09 / 100ML"
  },
  {
    "Brand_Product_Size": "Omo Active Clean Laundry Liquid Detergent Front & Top Loader 2L",
    "WOW Price": 15.4,
    "WOW Size": "2L",
    "WOW ppu": "$7.70 / 1L"
  },
  {
    "Brand_Product_Size": "Nature's Way Kids Smart Vita-gummies Multivitamin 120 pack",
    "WOW Price": 13,
    "WOW Size": "120 pack",
    "WOW ppu": "$10.83 / 100EA"
  },
  {
    "Brand_Product_Size": "Bulla Murray Street Caramel Maple & Macadamia 4 pack",
    "WOW Price": 5,
    "WOW Size": "4 pack",
    "WOW ppu": "$1.25 / 100ML"
  },
  {
    "Brand_Product_Size": "Gm Housebrand Poster Paint Glitter 4 pack",
    "WOW Price": 6,
    "WOW Size": "4 pack",
    "WOW ppu": ""
  },
  {
    "Brand_Product_Size": "Baby U Bamboo Bowl each",
    "WOW Price": 6.3,
    "WOW Size": "each",
    "WOW ppu": "$6.30 / 1EA"
  },
  {
    "Brand_Product_Size": "Maybelline Colossal Cat Eyes Volumizing Mascara - Glam Black 9mL",
    "WOW Price": 10,
    "WOW Size": "9mL",
    "WOW ppu": "$10.87 / 10ML"
  },
  {
    "Brand_Product_Size": "Help@hand Cotton Ripple 100g",
    "WOW Price": 1.95,
    "WOW Size": "100g",
    "WOW ppu": "$1.95 / 100G"
  },
  {
    "Brand_Product_Size": "Macro Australian Sultanas 1kg",
    "WOW Price": 7.65,
    "WOW Size": "1kg",
    "WOW ppu": "$7.65 / 1KG"
  },
  {
    "Brand_Product_Size": "Meredith Dairy Goats Cheese 100g",
    "WOW Price": 5,
    "WOW Size": "100g",
    "WOW ppu": "$50.00 / 1KG"
  },
  {
    "Brand_Product_Size": "Meredith Dairy Goats Cheese 100g",
    "WOW Price": 5,
    "WOW Size": "100g",
    "WOW ppu": "$50.00 / 1KG"
  },
  {
    "Brand_Product_Size": "Armada Unicorn Paper Cups 10 pack",
    "WOW Price": 2,
    "WOW Size": "10 pack",
    "WOW ppu": ""
  },
  {
    "Brand_Product_Size": "Cadbury Marvellous Creations Jelly Popping Candy 50g",
    "WOW Price": 1.5,
    "WOW Size": "50g",
    "WOW ppu": "$3.00 / 100G"
  },
  {
    "Brand_Product_Size": "Danone Activia Yoghurt Strawberry 4x125g",
    "WOW Price": 4.5,
    "WOW Size": "4x125g",
    "WOW ppu": "$0.90 / 100G"
  },
  {
    "Brand_Product_Size": "Beerenberg Tomato Chutney 260g",
    "WOW Price": 4.3,
    "WOW Size": "260g",
    "WOW ppu": "$1.65 / 100G"
  },
  {
    "Brand_Product_Size": "Purina Totalcare Comfort Dog Collar Large Assorted each",
    "WOW Price": 19,
    "WOW Size": "each",
    "WOW ppu": "$19.00 / 1EA"
  },
  {
    "Brand_Product_Size": "Inspire Silicone Oven Glove each",
    "WOW Price": 6.4,
    "WOW Size": "each",
    "WOW ppu": ""
  },
  {
    "Brand_Product_Size": "Mutti Passata With Basil 700g",
    "WOW Price": 3.6,
    "WOW Size": "700g",
    "WOW ppu": "$0.51 / 100G"
  },
  {
    "Brand_Product_Size": "Bref Power Active Toilet Cleaner Lemon 4 In 1 50g",
    "WOW Price": 3.5,
    "WOW Size": "50g",
    "WOW ppu": "$7.00 / 100G"
  },
  {
    "Brand_Product_Size": "Queen Imitation Flavouring Vanilla 300mL",
    "WOW Price": 3,
    "WOW Size": "300mL",
    "WOW ppu": "$1.00 / 100ML"
  },
  {
    "Brand_Product_Size": "Nestle Plaistowe Cooking Chocolate 70% Cocoa 200g",
    "WOW Price": 4,
    "WOW Size": "200g",
    "WOW ppu": "$2.00 / 100G"
  },
  {
    "Brand_Product_Size": "Woolworths Soft Taco Kit 10 pack",
    "WOW Price": 3.8,
    "WOW Size": "10 pack",
    "WOW ppu": "$0.93 / 100G"
  },
  {
    "Brand_Product_Size": "Gourmet Delight Mixed Classics 80g x12 pack",
    "WOW Price": 10,
    "WOW Size": "80g x12 pack",
    "WOW ppu": "$1.04 / 100G"
  },
  {
    "Brand_Product_Size": "Essentials Breadcrumbs 750g",
    "WOW Price": 2.3,
    "WOW Size": "750g",
    "WOW ppu": "$0.31 / 100G"
  },
  {
    "Brand_Product_Size": "Mission Roti Bread Traditional 280g 4 pack",
    "WOW Price": 2.5,
    "WOW Size": "280g 4 pack",
    "WOW ppu": "$0.89 / 100G"
  },
  {
    "Brand_Product_Size": "Double D Eucalyptus Drops 150g",
    "WOW Price": 1.75,
    "WOW Size": "150g",
    "WOW ppu": "$1.17 / 100G"
  },
  {
    "Brand_Product_Size": "Sabco 12.5l Extra Wide Sponge Mop Bucket each",
    "WOW Price": 15,
    "WOW Size": "each",
    "WOW ppu": "$15.00 / 1EA"
  },
  {
    "Brand_Product_Size": "Macro Organic Cut Green Beans 450g",
    "WOW Price": 5,
    "WOW Size": "450g",
    "WOW ppu": "$11.11 / 1KG"
  },
  {
    "Brand_Product_Size": "Decor Match Ups Clips Square 1.4l each",
    "WOW Price": 7,
    "WOW Size": "each",
    "WOW ppu": ""
  },
  {
    "Brand_Product_Size": "Clairol Nice N Easy 118c Chestnut Brown each",
    "WOW Price": 9,
    "WOW Size": "each",
    "WOW ppu": ""
  },
  {
    "Brand_Product_Size": "San Remo Shells Small Pasta No 28 500g",
    "WOW Price": 2.6,
    "WOW Size": "500g",
    "WOW ppu": "$0.52 / 100G"
  },
  {
    "Brand_Product_Size": "Revlon Powder Blush Oh Baby Pink 5.0g",
    "WOW Price": 13.5,
    "WOW Size": "5.0g",
    "WOW ppu": "$27.00 / 10G"
  },
  {
    "Brand_Product_Size": "Schick Hydro 5 Sense Comfort Refill 4 pack",
    "WOW Price": 17.5,
    "WOW Size": "4 pack",
    "WOW ppu": "$4.38 / 1EA"
  },
  {
    "Brand_Product_Size": "Ansell Gloves Poly Disposable One Size 50 pack",
    "WOW Price": 2.2,
    "WOW Size": "50 pack",
    "WOW ppu": "$0.04 / 1EA"
  },
  {
    "Brand_Product_Size": "Nair Sensitive Wax Strips 40 pack",
    "WOW Price": 15,
    "WOW Size": "40 pack",
    "WOW ppu": "$0.38 / 1EA"
  },
  {
    "Brand_Product_Size": "L'oreal Elvive Extraordinary Oil Coconut Conditioner 300mL",
    "WOW Price": 5.25,
    "WOW Size": "300mL",
    "WOW ppu": "$1.75 / 100ML"
  },
  {
    "Brand_Product_Size": "Woolworths Gravy Mix Traditional 120g",
    "WOW Price": 1.65,
    "WOW Size": "120g",
    "WOW ppu": "$0.14 / 10G"
  },
  {
    "Brand_Product_Size": "Raid Double Nozzle Multi Purpose Insect Killer Odourless 320g",
    "WOW Price": 7,
    "WOW Size": "320g",
    "WOW ppu": "$2.19 / 100G"
  },
  {
    "Brand_Product_Size": "Bega Peanut Butter Smooth 470g",
    "WOW Price": 5.9,
    "WOW Size": "470g",
    "WOW ppu": "$1.26 / 100G"
  },
  {
    "Brand_Product_Size": "Coco Earth Butter Chicken With Basmati Rice 400g",
    "WOW Price": 3.5,
    "WOW Size": "400g",
    "WOW ppu": "$0.88 / 100G"
  },
  {
    "Brand_Product_Size": "Higher Living Ginger Kick Tea Bags 15 pack",
    "WOW Price": 3.7,
    "WOW Size": "15 pack",
    "WOW ppu": "$0.25 / 1EA"
  },
  {
    "Brand_Product_Size": "Higher Living Ginger Kick Tea Bags 15 pack",
    "WOW Price": 3.7,
    "WOW Size": "15 pack",
    "WOW ppu": "$0.25 / 1EA"
  },
  {
    "Brand_Product_Size": "Jack Hammer Masking Tape 24mm X 50m each",
    "WOW Price": 5,
    "WOW Size": "each",
    "WOW ppu": "$5.00 / 1EA"
  },
  {
    "Brand_Product_Size": "La Casa Del Formaggio Smooth Ricotta 375g",
    "WOW Price": 5,
    "WOW Size": "375g",
    "WOW ppu": "$13.33 / 1KG"
  },
  {
    "Brand_Product_Size": "La Casa Del Formaggio Smooth Ricotta 375g",
    "WOW Price": 5,
    "WOW Size": "375g",
    "WOW ppu": "$13.33 / 1KG"
  },
  {
    "Brand_Product_Size": "Woolworths Light Sour Cream 300mL",
    "WOW Price": 2.1,
    "WOW Size": "300mL",
    "WOW ppu": "$0.70 / 100ML"
  },
  {
    "Brand_Product_Size": "Woolworths Essentials Stapler Medium each",
    "WOW Price": 6,
    "WOW Size": "each",
    "WOW ppu": ""
  },
  {
    "Brand_Product_Size": "3m Command Mini Hooks Clear 6 pack",
    "WOW Price": 6.5,
    "WOW Size": "6 pack",
    "WOW ppu": "$1.08 / 1EA"
  },
  {
    "Brand_Product_Size": "Decor Vogue 2 In 1 Silicone Bottle Assorted 750mL",
    "WOW Price": 6,
    "WOW Size": "750mL",
    "WOW ppu": ""
  },
  {
    "Brand_Product_Size": "Mentos Mints Spearmint 3 pack",
    "WOW Price": 3.1,
    "WOW Size": "3 pack",
    "WOW ppu": "$2.76 / 100G"
  },
  {
    "Brand_Product_Size": "Calidad Canon Pgi525/cli526 Bbcmy 5 pack",
    "WOW Price": 55,
    "WOW Size": "5 pack",
    "WOW ppu": ""
  },
  {
    "Brand_Product_Size": "Glow Lab Amber & Sage Hand Wash 300mL",
    "WOW Price": 7,
    "WOW Size": "300mL",
    "WOW ppu": "$2.33 / 100ML"
  },
  {
    "Brand_Product_Size": "Sistema Double Walled Stainless Steel Bottle 280mL",
    "WOW Price": 15,
    "WOW Size": "280mL",
    "WOW ppu": ""
  },
  {
    "Brand_Product_Size": "Ansell Gloves Super Sml - Med Size 7.5 1 pair",
    "WOW Price": 3.4,
    "WOW Size": "1 pair",
    "WOW ppu": "$3.40 / 1EA"
  },
  {
    "Brand_Product_Size": "Carman's Muesli Classic 875g",
    "WOW Price": 8,
    "WOW Size": "875g",
    "WOW ppu": "$0.91 / 100G"
  },
  {
    "Brand_Product_Size": "Iddy Biddy Fruit Snacks Mixed Berry 20g x8 pack",
    "WOW Price": 3,
    "WOW Size": "20g x8 pack",
    "WOW ppu": "$1.88 / 100G"
  },
  {
    "Brand_Product_Size": "Sunbeam Sultanas & Apricot 6x37g",
    "WOW Price": 2.4,
    "WOW Size": "6x37g",
    "WOW ppu": "$10.81 / 1KG"
  },
  {
    "Brand_Product_Size": "Sunbeam Sultanas & Apricot 6x37g",
    "WOW Price": 2.4,
    "WOW Size": "6x37g",
    "WOW ppu": "$10.81 / 1KG"
  },
  {
    "Brand_Product_Size": "Bega Tasty Grated Cheese 300g",
    "WOW Price": 4.5,
    "WOW Size": "300g",
    "WOW ppu": "$15.00 / 1KG"
  },
  {
    "Brand_Product_Size": "Safcol Salmon Mild Red Chilli 95g",
    "WOW Price": 1.75,
    "WOW Size": "95g",
    "WOW ppu": "$18.42 / 1KG"
  },
  {
    "Brand_Product_Size": "Katoomba Whole Black Urid 1kg",
    "WOW Price": 4,
    "WOW Size": "1kg",
    "WOW ppu": "$0.40 / 100G"
  },
  {
    "Brand_Product_Size": "Air Wick Manual Spray Air Freshener Sparkling Citrus 237g",
    "WOW Price": 2.8,
    "WOW Size": "237g",
    "WOW ppu": "$0.12 / 10G"
  },
  {
    "Brand_Product_Size": "No-doz Plus 24 tabLets",
    "WOW Price": 6.3,
    "WOW Size": "24 tabLets",
    "WOW ppu": "$0.26 / 1EA"
  },
  {
    "Brand_Product_Size": "Mccain Quick Cook Mini Smiles Crunchy 500g",
    "WOW Price": 4.3,
    "WOW Size": "500g",
    "WOW ppu": "$8.60 / 1KG"
  },
  {
    "Brand_Product_Size": "Masterfoods Chilli Con Carne Recipe Base 170g",
    "WOW Price": 2.2,
    "WOW Size": "170g",
    "WOW ppu": "$1.38 / 100G"
  },
  {
    "Brand_Product_Size": "Always Fresh Jalapeno Olives 230g",
    "WOW Price": 5.4,
    "WOW Size": "230g",
    "WOW ppu": "$23.48 / 1KG"
  },
  {
    "Brand_Product_Size": "Passage To India Simmer Sauce Vindaloo Hot 375g",
    "WOW Price": 4.7,
    "WOW Size": "375g",
    "WOW ppu": "$1.25 / 100G"
  },
  {
    "Brand_Product_Size": "Gillette Series After Shave Splash Arctic Ice 50mL",
    "WOW Price": 6.5,
    "WOW Size": "50mL",
    "WOW ppu": "$13.00 / 100ML"
  },
  {
    "Brand_Product_Size": "Ainsley Harriot Cous Cous Tomato & Garlic 100g",
    "WOW Price": 1.9,
    "WOW Size": "100g",
    "WOW ppu": "$1.90 / 100G"
  },
  {
    "Brand_Product_Size": "Mint Measuring Jug 3 pack",
    "WOW Price": 6,
    "WOW Size": "3 pack",
    "WOW ppu": ""
  },
  {
    "Brand_Product_Size": "Bonds Comfy Tops Slimming Sheer Tights Nude Med each",
    "WOW Price": 8,
    "WOW Size": "each",
    "WOW ppu": ""
  },
  {
    "Brand_Product_Size": "Bertocchi Gold Long Rindless Bacon 400g",
    "WOW Price": 9,
    "WOW Size": "400g",
    "WOW ppu": "$22.50 / 1KG"
  },
  {
    "Brand_Product_Size": "Carmex Moisturising Lip Balm Watermelon 7.5g",
    "WOW Price": 3.35,
    "WOW Size": "7.5g",
    "WOW ppu": "$4.47 / 10G"
  },
  {
    "Brand_Product_Size": "Liddells Lactose Free Strawberry Yoghurt 4x140g",
    "WOW Price": 5.35,
    "WOW Size": "4x140g",
    "WOW ppu": "$0.96 / 100G"
  },
  {
    "Brand_Product_Size": "Woolworths Fresh Chicken & Corn Soup Asian Style 300g",
    "WOW Price": 3,
    "WOW Size": "300g",
    "WOW ppu": "$1.00 / 100G"
  },
  {
    "Brand_Product_Size": "The Natural Confectionery Co. Fruity Chews Lollies 220g",
    "WOW Price": 3,
    "WOW Size": "220g",
    "WOW ppu": "$1.36 / 100G"
  },
  {
    "Brand_Product_Size": "Mortein Dual Action Trap No View No Touch 2 pack",
    "WOW Price": 10,
    "WOW Size": "2 pack",
    "WOW ppu": "$10.00 / 1EA"
  },
  {
    "Brand_Product_Size": "Babylove Nappy Pants Wriggler 38 pack",
    "WOW Price": 12,
    "WOW Size": "38 pack",
    "WOW ppu": "$0.35 / 1EA"
  },
  {
    "Brand_Product_Size": "Made With Plants Meat Free Beef & Black Bean With Rice 400g",
    "WOW Price": 9,
    "WOW Size": "400g",
    "WOW ppu": "$2.25 / 100G"
  },
  {
    "Brand_Product_Size": "Brownes Wiggles Strawberry Pouch Lactose Free 90g",
    "WOW Price": 1,
    "WOW Size": "90g",
    "WOW ppu": "$1.11 / 100G"
  },
  {
    "Brand_Product_Size": "Imodium Zapid Diarrhoea Treatment 2mg 6 pack",
    "WOW Price": 11.2,
    "WOW Size": "6 pack",
    "WOW ppu": "$1.87 / 1EA"
  },
  {
    "Brand_Product_Size": "Sanitarium Up&go Liquid Breakfast Banana 12 pack",
    "WOW Price": 14,
    "WOW Size": "12 pack",
    "WOW ppu": "$4.67 / 1L"
  },
  {
    "Brand_Product_Size": "Sanitarium Up&go Liquid Breakfast Banana 12 pack",
    "WOW Price": 14,
    "WOW Size": "12 pack",
    "WOW ppu": "$4.67 / 1L"
  },
  {
    "Brand_Product_Size": "Hercules Oven Bag Large 4 pack",
    "WOW Price": 2.5,
    "WOW Size": "4 pack",
    "WOW ppu": "$0.63 / 1EA"
  },
  {
    "Brand_Product_Size": "Finish Dishwasher Cleaner Liquid Original 250mL",
    "WOW Price": 4,
    "WOW Size": "250mL",
    "WOW ppu": "$1.60 / 100ML"
  },
  {
    "Brand_Product_Size": "Magnum Luxe Caramel Ego 4 pack",
    "WOW Price": 10.5,
    "WOW Size": "4 pack",
    "WOW ppu": "$2.71 / 100ML"
  },
  {
    "Brand_Product_Size": "Capilano Creamed Honey 500g",
    "WOW Price": 8.8,
    "WOW Size": "500g",
    "WOW ppu": "$1.76 / 100G"
  },
  {
    "Brand_Product_Size": "Mcobeauty Hydroglow Oil Free Foundation Medium Beige 30mL",
    "WOW Price": 12,
    "WOW Size": "30mL",
    "WOW ppu": "$4.00 / 10ML"
  },
  {
    "Brand_Product_Size": "Raid Insect Spray Earth Options 320g",
    "WOW Price": 7,
    "WOW Size": "320g",
    "WOW ppu": "$2.19 / 100G"
  },
  {
    "Brand_Product_Size": "Tasmanian Heritage Camembert Cheese 125g",
    "WOW Price": 5.25,
    "WOW Size": "125g",
    "WOW ppu": "$42.00 / 1KG"
  },
  {
    "Brand_Product_Size": "Tasmanian Heritage Camembert Cheese 125g",
    "WOW Price": 5.25,
    "WOW Size": "125g",
    "WOW ppu": "$42.00 / 1KG"
  },
  {
    "Brand_Product_Size": "Head & Shoulders Smooth & Silky Conditioner 400mL",
    "WOW Price": 9.1,
    "WOW Size": "400mL",
    "WOW ppu": "$2.28 / 100ML"
  },
  {
    "Brand_Product_Size": "Knorr Yellow Chicken Powder 1kg",
    "WOW Price": 17,
    "WOW Size": "1kg",
    "WOW ppu": "$17.00 / 1KG"
  },
  {
    "Brand_Product_Size": "Prana On Plant Protein Bar Vanilla Late Flavour 40g",
    "WOW Price": 2,
    "WOW Size": "40g",
    "WOW ppu": "$5.00 / 100G"
  },
  {
    "Brand_Product_Size": "Deliciou Bacon Seasoning Original Original 55g",
    "WOW Price": 5.5,
    "WOW Size": "55g",
    "WOW ppu": "$1.00 / 10G"
  },
  {
    "Brand_Product_Size": "Energizer Aa Rechargable Batteries 2 pack",
    "WOW Price": 14,
    "WOW Size": "2 pack",
    "WOW ppu": "$7.00 / 1EA"
  },
  {
    "Brand_Product_Size": "Philips Light Globe 13w 1400 Lument Warm Bc each",
    "WOW Price": 10,
    "WOW Size": "each",
    "WOW ppu": "$10.00 / 1EA"
  },
  {
    "Brand_Product_Size": "L'oreal Volume Million Lashes each",
    "WOW Price": 12.5,
    "WOW Size": "each",
    "WOW ppu": "$13.89 / 10ML"
  },
  {
    "Brand_Product_Size": "Danone Ultimate Yoghurt Blueberry 115g x4 pack",
    "WOW Price": 3.5,
    "WOW Size": "115g x4 pack",
    "WOW ppu": "$0.76 / 100G"
  },
  {
    "Brand_Product_Size": "Head & Shoulders Ultra Men Shampoo Deep Clean 550mL",
    "WOW Price": 13.3,
    "WOW Size": "550mL",
    "WOW ppu": "$2.42 / 100ML"
  },
  {
    "Brand_Product_Size": "Sistema Klip It Plus Container Cracker Medium each",
    "WOW Price": 3.25,
    "WOW Size": "each",
    "WOW ppu": "$3.25 / 1EA"
  },
  {
    "Brand_Product_Size": "Plenty Cold Pressed Walnut Oil 375mL",
    "WOW Price": 5,
    "WOW Size": "375mL",
    "WOW ppu": "$1.33 / 100ML"
  },
  {
    "Brand_Product_Size": "Strepsils Double Antibacterial Soothing Sore Throat Lozenges Orange 36 pack",
    "WOW Price": 10.5,
    "WOW Size": "36 pack",
    "WOW ppu": "$0.29 / 1EA"
  },
  {
    "Brand_Product_Size": "Sharpie Colourburst 24 pack",
    "WOW Price": 20,
    "WOW Size": "24 pack",
    "WOW ppu": ""
  },
  {
    "Brand_Product_Size": "Vaalia Lactose Free Kids Yoghurt Blueberry 140g",
    "WOW Price": 1.7,
    "WOW Size": "140g",
    "WOW ppu": "$1.21 / 100G"
  },
  {
    "Brand_Product_Size": "Quilton Toilet Tissue 3 Ply Prints 180 Sheets 24 pack",
    "WOW Price": 12,
    "WOW Size": "24 pack",
    "WOW ppu": "$0.28 / 100SS"
  },
  {
    "Brand_Product_Size": "Woolworths Plain Bagels 4 pack",
    "WOW Price": 3,
    "WOW Size": "4 pack",
    "WOW ppu": "$0.83 / 100G"
  },
  {
    "Brand_Product_Size": "Swisse Glucosamine Sulfate 1500mg 180 pack",
    "WOW Price": 40.95,
    "WOW Size": "180 pack",
    "WOW ppu": "$22.75 / 100EA"
  },
  {
    "Brand_Product_Size": "Razzamatazz Knee Hi Pantyhose Tan One Size 2 pack",
    "WOW Price": 4,
    "WOW Size": "2 pack",
    "WOW ppu": ""
  },
  {
    "Brand_Product_Size": "Ferrero Collection Chocolates Rocher Rondnoir Raffaello 15 pack",
    "WOW Price": 13.5,
    "WOW Size": "15 pack",
    "WOW ppu": "$7.85 / 100G"
  },
  {
    "Brand_Product_Size": "Frey Mint Chocolate 100g bLock",
    "WOW Price": 4,
    "WOW Size": "100g bLock",
    "WOW ppu": "$4.00 / 100G"
  },
  {
    "Brand_Product_Size": "Woolworths Vanilla Flavoured Waffle Cones 12 pack",
    "WOW Price": 3.5,
    "WOW Size": "12 pack",
    "WOW ppu": "$2.06 / 100G"
  },
  {
    "Brand_Product_Size": "Fluffy Summer Breeze Concentrated Fabric Conditioner 2L",
    "WOW Price": 13,
    "WOW Size": "2L",
    "WOW ppu": "$6.50 / 1L"
  },
  {
    "Brand_Product_Size": "Glade Sense & Spray Vanilla Refill 12g",
    "WOW Price": 5.9,
    "WOW Size": "12g",
    "WOW ppu": "$4.92 / 10G"
  },
  {
    "Brand_Product_Size": "Woolworths Cooked Thawed Small Rock Lobster each",
    "WOW Price": 20,
    "WOW Size": "each",
    "WOW ppu": "$20.00 / 1EA"
  },
  {
    "Brand_Product_Size": "Balnea Shower Cap each",
    "WOW Price": 2,
    "WOW Size": "each",
    "WOW ppu": "$2.00 / 1EA"
  },
  {
    "Brand_Product_Size": "Sally Hansen Insta Dri Clearly Quick each",
    "WOW Price": 4.5,
    "WOW Size": "each",
    "WOW ppu": "$4.91 / 10ML"
  },
  {
    "Brand_Product_Size": "Woolworths Spinach & Kale 300g",
    "WOW Price": 5,
    "WOW Size": "300g",
    "WOW ppu": "$16.67 / 1KG"
  },
  {
    "Brand_Product_Size": "Woolworths Spinach & Kale 300g",
    "WOW Price": 5,
    "WOW Size": "300g",
    "WOW ppu": "$16.67 / 1KG"
  },
  {
    "Brand_Product_Size": "Camelbak Pivot Bottle Assorted each",
    "WOW Price": 28,
    "WOW Size": "each",
    "WOW ppu": ""
  },
  {
    "Brand_Product_Size": "Masterfoods Cinnamon Sugar 55g",
    "WOW Price": 2.05,
    "WOW Size": "55g",
    "WOW ppu": "$0.37 / 10G"
  },
  {
    "Brand_Product_Size": "Cadbury Curly Wurly 21.5g",
    "WOW Price": 0.8,
    "WOW Size": "21.5g",
    "WOW ppu": "$3.72 / 100G"
  },
  {
    "Brand_Product_Size": "Red Bull Energy Drink Sugar Free 250mL",
    "WOW Price": 3,
    "WOW Size": "250mL",
    "WOW ppu": "$12.00 / 1L"
  },
  {
    "Brand_Product_Size": "Oh So Comfy Mini Satin Scrunchies 3 pack",
    "WOW Price": 3,
    "WOW Size": "3 pack",
    "WOW ppu": ""
  },
  {
    "Brand_Product_Size": "Calidad Epson 200 Xl Bcmy 4 pack",
    "WOW Price": 59,
    "WOW Size": "4 pack",
    "WOW ppu": ""
  },
  {
    "Brand_Product_Size": "Yankee Candle Home Inspiration Pomegranate Coconut 340g",
    "WOW Price": 20,
    "WOW Size": "340g",
    "WOW ppu": ""
  },
  {
    "Brand_Product_Size": "Rimmel Brow This Way 2in2 Eye Brow Dark Brown 0.4g",
    "WOW Price": 8,
    "WOW Size": "0.4g",
    "WOW ppu": "$200.00 / 10G"
  },
  {
    "Brand_Product_Size": "Help@hand Cold & Flu Relief 20 pack",
    "WOW Price": 10,
    "WOW Size": "20 pack",
    "WOW ppu": "$0.50 / 1EA"
  },
  {
    "Brand_Product_Size": "Betadine Ready To Use Sore Throat Gargle 120mL",
    "WOW Price": 13.5,
    "WOW Size": "120mL",
    "WOW ppu": "$11.25 / 100ML"
  },
  {
    "Brand_Product_Size": "Bonds Womens Bikini Size 14 3 pack",
    "WOW Price": 15,
    "WOW Size": "3 pack",
    "WOW ppu": ""
  },
  {
    "Brand_Product_Size": "Bellamy's Organic Apple & Fig Oatmeal 4 Months 120g",
    "WOW Price": 2,
    "WOW Size": "120g",
    "WOW ppu": "$1.67 / 100G"
  },
  {
    "Brand_Product_Size": "Vileda Bucket & Wringer each",
    "WOW Price": 19,
    "WOW Size": "each",
    "WOW ppu": ""
  },
  {
    "Brand_Product_Size": "Chupa Chups Lollipops Best Of 8 pack 96g",
    "WOW Price": 2.2,
    "WOW Size": "8 pack 96g",
    "WOW ppu": "$2.29 / 100G"
  },
  {
    "Brand_Product_Size": "Bosisto's Stress Roll On 10mL",
    "WOW Price": 9,
    "WOW Size": "10mL",
    "WOW ppu": "$90.00 / 100ML"
  },
  {
    "Brand_Product_Size": "Tresemme Shampoo Botanique Restore Shine 350mL",
    "WOW Price": 4.5,
    "WOW Size": "350mL",
    "WOW ppu": "$1.29 / 100ML"
  },
  {
    "Brand_Product_Size": "L'oreal Super Liner Flash Cat Eye 9g",
    "WOW Price": 14,
    "WOW Size": "9g",
    "WOW ppu": "$15.56 / 10G"
  },
  {
    "Brand_Product_Size": "Bx Earth Vanilla Caramel Candle Candle 300g",
    "WOW Price": 15,
    "WOW Size": "300g",
    "WOW ppu": ""
  },
  {
    "Brand_Product_Size": "Energizer Usb-c Nylon Braided Cable 1.2 Metre each",
    "WOW Price": 20,
    "WOW Size": "each",
    "WOW ppu": ""
  },
  {
    "Brand_Product_Size": "John West Salmon Slices In Springwater 125g",
    "WOW Price": 3.55,
    "WOW Size": "125g",
    "WOW ppu": "$28.40 / 1KG"
  },
  {
    "Brand_Product_Size": "Huggies Nappy Pants Walker Girl 26 pack",
    "WOW Price": 17,
    "WOW Size": "26 pack",
    "WOW ppu": "$0.65 / 1EA"
  },
  {
    "Brand_Product_Size": "Lindt Lindor Chocolate Balls Milk 125g bag",
    "WOW Price": 6,
    "WOW Size": "125g bag",
    "WOW ppu": "$4.80 / 100G"
  },
  {
    "Brand_Product_Size": "Woolworths Tasty Cheese Cubes & Mini Pretzels 35g",
    "WOW Price": 3,
    "WOW Size": "35g",
    "WOW ppu": "$85.71 / 1KG"
  },
  {
    "Brand_Product_Size": "Woolworths Smiling Tums 6 Months+ Sweet Potato Carrot & Parsnip 120g",
    "WOW Price": 1,
    "WOW Size": "120g",
    "WOW ppu": "$0.83 / 100G"
  },
  {
    "Brand_Product_Size": "Brown Brothers Sparkling Moscato Rosa 200mL",
    "WOW Price": 7.5,
    "WOW Size": "200mL",
    "WOW ppu": ""
  },
  {
    "Brand_Product_Size": "Nexba Raspberry & Kiwi Sugar-free Sparkling Mineral Water 1L",
    "WOW Price": 2.25,
    "WOW Size": "1L",
    "WOW ppu": "$2.25 / 1L"
  },
  {
    "Brand_Product_Size": "Oscar Orsen Mini Travel Small Round Brush each",
    "WOW Price": 6,
    "WOW Size": "each",
    "WOW ppu": "$6.00 / 1EA"
  },
  {
    "Brand_Product_Size": "Sensory Ball Assorted each",
    "WOW Price": 6,
    "WOW Size": "each",
    "WOW ppu": ""
  },
  {
    "Brand_Product_Size": "Sensory Ball Assorted each",
    "WOW Price": 6,
    "WOW Size": "each",
    "WOW ppu": ""
  },
  {
    "Brand_Product_Size": "Wei Chuan Dumpling Sauce Original 190mL",
    "WOW Price": 3.5,
    "WOW Size": "190mL",
    "WOW ppu": "$1.84 / 100ML"
  },
  {
    "Brand_Product_Size": "Mint Steak Knife Set 4 pack",
    "WOW Price": 10,
    "WOW Size": "4 pack",
    "WOW ppu": ""
  },
  {
    "Brand_Product_Size": "Inspire Bathroom Caddy Holder each",
    "WOW Price": 12,
    "WOW Size": "each",
    "WOW ppu": ""
  },
  {
    "Brand_Product_Size": "Betty Crocker Chocolate Frosting 400g",
    "WOW Price": 4,
    "WOW Size": "400g",
    "WOW ppu": "$1.00 / 100G"
  },
  {
    "Brand_Product_Size": "Windex Glass Cleaner Refill 750mL",
    "WOW Price": 4.4,
    "WOW Size": "750mL",
    "WOW ppu": "$0.59 / 100ML"
  },
  {
    "Brand_Product_Size": "Armada Select Aluminium Foil Heavy Duty 30cmx30m",
    "WOW Price": 4.5,
    "WOW Size": "30cmx30m",
    "WOW ppu": "$0.15 / 1M"
  },
  {
    "Brand_Product_Size": "Ingham's Frozen Turkey Thigh Roast Traditional 1kg",
    "WOW Price": 10,
    "WOW Size": "1kg",
    "WOW ppu": "$10.00 / 1KG"
  },
  {
    "Brand_Product_Size": "Farmhouse Gold Custard Vanilla 800g",
    "WOW Price": 5,
    "WOW Size": "800g",
    "WOW ppu": "$0.63 / 100G"
  },
  {
    "Brand_Product_Size": "Loacker Chocolate Classic Wafer 175g",
    "WOW Price": 0.95,
    "WOW Size": "175g",
    "WOW ppu": "$0.54 / 100G"
  },
  {
    "Brand_Product_Size": "Perfecto Chicken Kebabs Bbq 800g",
    "WOW Price": 13,
    "WOW Size": "800g",
    "WOW ppu": "$16.25 / 1KG"
  },
  {
    "Brand_Product_Size": "Bar None Shampoo Hydrating Hair 400mL",
    "WOW Price": 20,
    "WOW Size": "400mL",
    "WOW ppu": "$5.00 / 100ML"
  },
  {
    "Brand_Product_Size": "Chux Robuste Cleaning Cloths 3 pack",
    "WOW Price": 4,
    "WOW Size": "3 pack",
    "WOW ppu": "$1.33 / 1EA"
  },
  {
    "Brand_Product_Size": "Mccain Lasagne 400g",
    "WOW Price": 3.5,
    "WOW Size": "400g",
    "WOW ppu": "$0.88 / 100G"
  },
  {
    "Brand_Product_Size": "Brunnings Fast Action Path Weeder Rtu 1L",
    "WOW Price": 12,
    "WOW Size": "1L",
    "WOW ppu": "$1.20 / 100ML"
  },
  {
    "Brand_Product_Size": "Multix Greener 60% Plant Based Kitchen Tidy Garbage Bags M 25 pack",
    "WOW Price": 4.5,
    "WOW Size": "25 pack",
    "WOW ppu": "$0.18 / 1EA"
  },
  {
    "Brand_Product_Size": "Boursin Herb & Garlic Cheese 80g",
    "WOW Price": 4.5,
    "WOW Size": "80g",
    "WOW ppu": "$56.25 / 1KG"
  },
  {
    "Brand_Product_Size": "Boursin Herb & Garlic Cheese 80g",
    "WOW Price": 4.5,
    "WOW Size": "80g",
    "WOW ppu": "$56.25 / 1KG"
  },
  {
    "Brand_Product_Size": "Arkadia Chai Tea Spice Sachets 20 pack",
    "WOW Price": 13,
    "WOW Size": "20 pack",
    "WOW ppu": "$0.65 / 1EA"
  },
  {
    "Brand_Product_Size": "Arkadia Chai Tea Spice Sachets 20 pack",
    "WOW Price": 13,
    "WOW Size": "20 pack",
    "WOW ppu": "$0.65 / 1EA"
  },
  {
    "Brand_Product_Size": "Siggi's Skyr Yoghurt Pouch Raspberry 150g",
    "WOW Price": 2,
    "WOW Size": "150g",
    "WOW ppu": "$1.33 / 100G"
  },
  {
    "Brand_Product_Size": "Vaalia Kids Yoghurt Pouch Vanilla 140g",
    "WOW Price": 1.7,
    "WOW Size": "140g",
    "WOW ppu": "$1.21 / 100G"
  },
  {
    "Brand_Product_Size": "Vaalia Kids Yoghurt Pouch Vanilla 140g",
    "WOW Price": 1.7,
    "WOW Size": "140g",
    "WOW ppu": "$1.21 / 100G"
  },
  {
    "Brand_Product_Size": "Vaalia Kids Yoghurt Pouch Vanilla 140g",
    "WOW Price": 1.7,
    "WOW Size": "140g",
    "WOW ppu": "$1.21 / 100G"
  },
  {
    "Brand_Product_Size": "Woolworths Mexican Style 3 Bean Mix No Added Salt Can 420g",
    "WOW Price": 0.8,
    "WOW Size": "420g",
    "WOW ppu": "$0.19 / 100G"
  },
  {
    "Brand_Product_Size": "Golden Circle 50% Less Sugar Apple Juice 2L",
    "WOW Price": 3.3,
    "WOW Size": "2L",
    "WOW ppu": "$1.65 / 1L"
  },
  {
    "Brand_Product_Size": "Sacred Grounds Groover Blend Ground Coffee Beans 200g",
    "WOW Price": 10,
    "WOW Size": "200g",
    "WOW ppu": "$5.00 / 100G"
  },
  {
    "Brand_Product_Size": "Sacred Grounds Groover Blend Ground Coffee Beans 200g",
    "WOW Price": 10,
    "WOW Size": "200g",
    "WOW ppu": "$5.00 / 100G"
  },
  {
    "Brand_Product_Size": "Arnott's Shapes Mini Bites Supreme CheeseCrackers 140g",
    "WOW Price": 2.5,
    "WOW Size": "140g",
    "WOW ppu": "$1.79 / 100G"
  },
  {
    "Brand_Product_Size": "Voeu Micellar Cleansing Wipes 30 pack",
    "WOW Price": 1.8,
    "WOW Size": "30 pack",
    "WOW ppu": "$0.06 / 1EA"
  },
  {
    "Brand_Product_Size": "Bulla Thickened Cream 600mL",
    "WOW Price": 4.4,
    "WOW Size": "600mL",
    "WOW ppu": "$0.73 / 100ML"
  },
  {
    "Brand_Product_Size": "Poonsin Vietnamese Dipping Sauce For Spring Roll 300mL",
    "WOW Price": 2.65,
    "WOW Size": "300mL",
    "WOW ppu": "$0.88 / 100ML"
  },
  {
    "Brand_Product_Size": "Don Premium Real Diced Bacon 200g",
    "WOW Price": 5,
    "WOW Size": "200g",
    "WOW ppu": "$25.00 / 1KG"
  },
  {
    "Brand_Product_Size": "Continental Cup A Soup Hearty Pea & Ham 2 pack",
    "WOW Price": 1.05,
    "WOW Size": "2 pack",
    "WOW ppu": "$2.02 / 100G"
  },
  {
    "Brand_Product_Size": "Dine Wet Cat Food Cuts In Gravy With Beef & Liver Tray 7 pack",
    "WOW Price": 5.2,
    "WOW Size": "7 pack",
    "WOW ppu": "$0.87 / 100G"
  },
  {
    "Brand_Product_Size": "Tooshies By Tom Nappies With Organic Bamboo 13-18kg Walker Size 5 32 pack",
    "WOW Price": 20,
    "WOW Size": "32 pack",
    "WOW ppu": "$0.63 / 1EA"
  },
  {
    "Brand_Product_Size": "Katoomba Ingredients Tyson Chickpeas 1kg",
    "WOW Price": 2.5,
    "WOW Size": "1kg",
    "WOW ppu": "$0.25 / 100G"
  },
  {
    "Brand_Product_Size": "D'orsogna Premium Ham Off The Bone Sliced From The Deli per kg",
    "WOW Price": 25,
    "WOW Size": "per kg",
    "WOW ppu": "$25.00 / 1KG"
  },
  {
    "Brand_Product_Size": "D'orsogna Premium Ham Off The Bone Sliced From The Deli per kg",
    "WOW Price": 25,
    "WOW Size": "per kg",
    "WOW ppu": "$25.00 / 1KG"
  },
  {
    "Brand_Product_Size": "Energizer Alkaline 6v Lantern Batteries each",
    "WOW Price": 13,
    "WOW Size": "each",
    "WOW ppu": ""
  },
  {
    "Brand_Product_Size": "Starbucks By Nespresso Decaf Espresso Roast Coffee Pods 10 pack",
    "WOW Price": 5,
    "WOW Size": "10 pack",
    "WOW ppu": "$0.50 / 1EA"
  },
  {
    "Brand_Product_Size": "Starbucks By Nespresso Decaf Espresso Roast Coffee Pods 10 pack",
    "WOW Price": 5,
    "WOW Size": "10 pack",
    "WOW ppu": "$0.50 / 1EA"
  },
  {
    "Brand_Product_Size": "Chestnut 500g",
    "WOW Price": 7.9,
    "WOW Size": "500g",
    "WOW ppu": "$15.80 / 1KG"
  },
  {
    "Brand_Product_Size": "Eclipse Chewy Mints Peppermint Bottle Peppermint Bottle 93g",
    "WOW Price": 3.5,
    "WOW Size": "93g",
    "WOW ppu": "$3.76 / 100G"
  },
  {
    "Brand_Product_Size": "Leggos Tomato Paste No Added Salt 500g",
    "WOW Price": 4,
    "WOW Size": "500g",
    "WOW ppu": "$0.80 / 100G"
  },
  {
    "Brand_Product_Size": "Nice & Natural Probiotics Oat Bar Apricot & Pumpkin Seeds 5 pack",
    "WOW Price": 3,
    "WOW Size": "5 pack",
    "WOW ppu": "$1.71 / 100G"
  },
  {
    "Brand_Product_Size": "Nice & Natural Probiotics Oat Bar Apricot & Pumpkin Seeds 5 pack",
    "WOW Price": 3,
    "WOW Size": "5 pack",
    "WOW ppu": "$1.71 / 100G"
  },
  {
    "Brand_Product_Size": "Atkins Endulge Bar Chocolate & Coconut 5 pack",
    "WOW Price": 13.5,
    "WOW Size": "5 pack",
    "WOW ppu": "$2.70 / 1EA"
  },
  {
    "Brand_Product_Size": "Lolly Gobble Popcorn Bag Caramel Nut 175g",
    "WOW Price": 3,
    "WOW Size": "175g",
    "WOW ppu": "$1.71 / 100G"
  },
  {
    "Brand_Product_Size": "Woolworths Vinegar White Wine 500mL",
    "WOW Price": 2.5,
    "WOW Size": "500mL",
    "WOW ppu": "$0.50 / 100ML"
  },
  {
    "Brand_Product_Size": "Puresoul Red Lentils Split 1kg",
    "WOW Price": 4,
    "WOW Size": "1kg",
    "WOW ppu": "$0.40 / 100G"
  },
  {
    "Brand_Product_Size": "Birds Eye Deli Seasoned Roast Potatoes Rosemary & Garlic 600g",
    "WOW Price": 4,
    "WOW Size": "600g",
    "WOW ppu": "$6.67 / 1KG"
  },
  {
    "Brand_Product_Size": "Bulla Sour Cream 400mL",
    "WOW Price": 4.2,
    "WOW Size": "400mL",
    "WOW ppu": "$1.05 / 100ML"
  },
  {
    "Brand_Product_Size": "Garnier Nutrisse Permanent Hair Colour 6 Acorn each",
    "WOW Price": 7.46,
    "WOW Size": "each",
    "WOW ppu": ""
  },
  {
    "Brand_Product_Size": "Woolworths Almonds Flaked 120g",
    "WOW Price": 3.5,
    "WOW Size": "120g",
    "WOW ppu": "$29.17 / 1KG"
  },
  {
    "Brand_Product_Size": "Hart & Soul Pho Konjac Soup Pouch 400g",
    "WOW Price": 4,
    "WOW Size": "400g",
    "WOW ppu": "$1.00 / 100G"
  },
  {
    "Brand_Product_Size": "Sam's Pantry Blueberry Almond Nut Bar 5 pack",
    "WOW Price": 3.5,
    "WOW Size": "5 pack",
    "WOW ppu": "$2.06 / 100G"
  },
  {
    "Brand_Product_Size": "Sam's Pantry Blueberry Almond Nut Bar 5 pack",
    "WOW Price": 3.5,
    "WOW Size": "5 pack",
    "WOW ppu": "$2.06 / 100G"
  },
  {
    "Brand_Product_Size": "Ayam Coconut Milk 400mL",
    "WOW Price": 3.5,
    "WOW Size": "400mL",
    "WOW ppu": "$0.88 / 100ML"
  },
  {
    "Brand_Product_Size": "Toscano Waffles Choc Chip 360g",
    "WOW Price": 5.5,
    "WOW Size": "360g",
    "WOW ppu": "$1.53 / 100G"
  },
  {
    "Brand_Product_Size": "Gardman Men's Leather Gloves One Size each",
    "WOW Price": 6.6,
    "WOW Size": "each",
    "WOW ppu": ""
  },
  {
    "Brand_Product_Size": "Optimum Adult With Salmon & Rice Wet Dog Food 100g",
    "WOW Price": 1,
    "WOW Size": "100g",
    "WOW ppu": "$1.00 / 100G"
  },
  {
    "Brand_Product_Size": "Steggles Tempura Chicken Breast Pops 1kg",
    "WOW Price": 11,
    "WOW Size": "1kg",
    "WOW ppu": "$11.00 / 1KG"
  },
  {
    "Brand_Product_Size": "Keep It Cleaner Plant Based Protein Crunch Dark Choc Sour Cherry Bar 40g",
    "WOW Price": 4,
    "WOW Size": "40g",
    "WOW ppu": "$10.00 / 100G"
  },
  {
    "Brand_Product_Size": "Pauls Double Thick Rich Chocolate Custard 900g",
    "WOW Price": 5.3,
    "WOW Size": "900g",
    "WOW ppu": "$0.59 / 100G"
  },
  {
    "Brand_Product_Size": "Kiwi Extreme Protector 139g",
    "WOW Price": 10,
    "WOW Size": "139g",
    "WOW ppu": "$7.19 / 100G"
  },
  {
    "Brand_Product_Size": "Homestead By Tasmanian Pate Duck Pate With Tasmanian Brandy 150g",
    "WOW Price": 5.5,
    "WOW Size": "150g",
    "WOW ppu": "$36.67 / 1KG"
  },
  {
    "Brand_Product_Size": "Mayfair Shortcut Bacon 1kg",
    "WOW Price": 11,
    "WOW Size": "1kg",
    "WOW ppu": "$11.00 / 1KG"
  },
  {
    "Brand_Product_Size": "Samba Firelighter Gel 1L",
    "WOW Price": 7,
    "WOW Size": "1L",
    "WOW ppu": "$0.70 / 100ML"
  },
  {
    "Brand_Product_Size": "Armada Lunch Serviettes White 2 Ply 50 pack",
    "WOW Price": 1.3,
    "WOW Size": "50 pack",
    "WOW ppu": "$0.03 / 1EA"
  },
  {
    "Brand_Product_Size": "Garnier Bb Cream Oil-free Medium Medium 40mL",
    "WOW Price": 9.45,
    "WOW Size": "40mL",
    "WOW ppu": "$23.63 / 100ML"
  },
  {
    "Brand_Product_Size": "Amul White Ghee 1L",
    "WOW Price": 15,
    "WOW Size": "1L",
    "WOW ppu": "$1.50 / 100ML"
  },
  {
    "Brand_Product_Size": "Woolworths Ice Cream Salted Caramel 1L",
    "WOW Price": 5,
    "WOW Size": "1L",
    "WOW ppu": "$0.50 / 100ML"
  },
  {
    "Brand_Product_Size": "Splenda Sweetener Tablets 500 pack",
    "WOW Price": 12,
    "WOW Size": "500 pack",
    "WOW ppu": "$2.40 / 100EA"
  },
  {
    "Brand_Product_Size": "My Dog Gourmet Beef With Roast Vegetables Flavours Dry Food 1.5kg",
    "WOW Price": 11,
    "WOW Size": "1.5kg",
    "WOW ppu": "$0.73 / 100G"
  },
  {
    "Brand_Product_Size": "V2 Plant Based Burgers 4 pack",
    "WOW Price": 9,
    "WOW Size": "4 pack",
    "WOW ppu": "$19.91 / 1KG"
  },
  {
    "Brand_Product_Size": "Woolworths Broom Indoor each",
    "WOW Price": 8,
    "WOW Size": "each",
    "WOW ppu": "$8.00 / 1EA"
  },
  {
    "Brand_Product_Size": "Bickford's Cherry Juice 1L",
    "WOW Price": 6,
    "WOW Size": "1L",
    "WOW ppu": "$6.00 / 1L"
  },
  {
    "Brand_Product_Size": "Yoodles Brown Rice Noodles Beef 70g",
    "WOW Price": 2,
    "WOW Size": "70g",
    "WOW ppu": "$2.86 / 100G"
  },
  {
    "Brand_Product_Size": "Oral-b Gum Care & Intensive Clean Peppermint Toothpaste 110g",
    "WOW Price": 7,
    "WOW Size": "110g",
    "WOW ppu": "$6.36 / 100G"
  },
  {
    "Brand_Product_Size": "Tasmanian Heritage Double Brie Cheese 250g",
    "WOW Price": 5.9,
    "WOW Size": "250g",
    "WOW ppu": "$23.60 / 1KG"
  },
  {
    "Brand_Product_Size": "Tasmanian Heritage Double Brie Cheese 250g",
    "WOW Price": 5.9,
    "WOW Size": "250g",
    "WOW ppu": "$23.60 / 1KG"
  },
  {
    "Brand_Product_Size": "The Happy Snack Company Chickpeas Dark Choc 5 pack",
    "WOW Price": 5.3,
    "WOW Size": "5 pack",
    "WOW ppu": "$5.30 / 100G"
  },
  {
    "Brand_Product_Size": "Aveeno Baby Dermexa Moisturising Cream 206g",
    "WOW Price": 17,
    "WOW Size": "206g",
    "WOW ppu": "$8.25 / 100G"
  },
  {
    "Brand_Product_Size": "Armor All Clean Wipes Multi Purpose each",
    "WOW Price": 10.5,
    "WOW Size": "each",
    "WOW ppu": "$0.42 / 1EA"
  },
  {
    "Brand_Product_Size": "Calbee Harvest Snaps Chickpea Crisps Roasted Capsicum 75g",
    "WOW Price": 3,
    "WOW Size": "75g",
    "WOW ppu": "$40.00 / 1KG"
  },
  {
    "Brand_Product_Size": "Bellamy's Organic Organic Chicken Sweet Potato & Couscous Pouch 120g",
    "WOW Price": 2,
    "WOW Size": "120g",
    "WOW ppu": "$1.67 / 100G"
  },
  {
    "Brand_Product_Size": "Woolworths Aussie Beef Sausage Honey Flavour 600g",
    "WOW Price": 6,
    "WOW Size": "600g",
    "WOW ppu": "$10.00 / 1KG"
  },
  {
    "Brand_Product_Size": "Clearblue Pregnancy Test, Rapid Detection 3 pack",
    "WOW Price": 17,
    "WOW Size": "3 pack",
    "WOW ppu": "$5.67 / 1EA"
  },
  {
    "Brand_Product_Size": "Plantitude Dairy Free Coconut Yoghurt Vanilla 500g",
    "WOW Price": 5.4,
    "WOW Size": "500g",
    "WOW ppu": "$1.08 / 100G"
  },
  {
    "Brand_Product_Size": "The Stock Merchant Chicken Bone Broth 500g",
    "WOW Price": 13,
    "WOW Size": "500g",
    "WOW ppu": "$0.26 / 10G"
  },
  {
    "Brand_Product_Size": "Woolworths Australian Rare Roast Beef Sliced From The Deli per kg",
    "WOW Price": 35,
    "WOW Size": "per kg",
    "WOW ppu": "$35.00 / 1KG"
  },
  {
    "Brand_Product_Size": "Always Discreet Underwear Medium Pants For Bladder Leaks 9 pack",
    "WOW Price": 12,
    "WOW Size": "9 pack",
    "WOW ppu": "$1.33 / 1EA"
  },
  {
    "Brand_Product_Size": "Hans Pork Ham Steaks 300g",
    "WOW Price": 4,
    "WOW Size": "300g",
    "WOW ppu": "$13.33 / 1KG"
  },
  {
    "Brand_Product_Size": "Nicaway Mint Gum 2mg 96 pack",
    "WOW Price": 20,
    "WOW Size": "96 pack",
    "WOW ppu": "$0.21 / 1EA"
  },
  {
    "Brand_Product_Size": "Jack Hammer Poly Rope 4mm X 20m each",
    "WOW Price": 5,
    "WOW Size": "each",
    "WOW ppu": ""
  },
  {
    "Brand_Product_Size": "Mint Cook Knife each",
    "WOW Price": 8,
    "WOW Size": "each",
    "WOW ppu": ""
  },
  {
    "Brand_Product_Size": "Sirena Tuna Triple Chilli 95g",
    "WOW Price": 2.7,
    "WOW Size": "95g",
    "WOW ppu": "$28.42 / 1KG"
  },
  {
    "Brand_Product_Size": "Woolworths Rice Bran Oil Spray 225g",
    "WOW Price": 3,
    "WOW Size": "225g",
    "WOW ppu": "$1.33 / 100G"
  },
  {
    "Brand_Product_Size": "Easiyo Natural Unsweetened Yogurt Base 140g",
    "WOW Price": 4.7,
    "WOW Size": "140g",
    "WOW ppu": "$3.36 / 100G"
  },
  {
    "Brand_Product_Size": "Veet Easy Gel Legs Wax Strips Sensitive Skin 40 pack",
    "WOW Price": 15,
    "WOW Size": "40 pack",
    "WOW ppu": "$0.38 / 1EA"
  },
  {
    "Brand_Product_Size": "Stagg Chili Southwest Style Chicken With Beans 425g",
    "WOW Price": 4,
    "WOW Size": "425g",
    "WOW ppu": "$0.94 / 100G"
  },
  {
    "Brand_Product_Size": "Air Wick Essential Mist Mandarin & Orange Primary 20mL",
    "WOW Price": 30,
    "WOW Size": "20mL",
    "WOW ppu": ""
  },
  {
    "Brand_Product_Size": "Ultimates Indulge Chicken Smoothie 90g",
    "WOW Price": 3,
    "WOW Size": "90g",
    "WOW ppu": "$3.33 / 100G"
  },
  {
    "Brand_Product_Size": "Rana Porcini Mushroom Ravioli Fresh Pasta 325g",
    "WOW Price": 5,
    "WOW Size": "325g",
    "WOW ppu": "$1.54 / 100G"
  },
  {
    "Brand_Product_Size": "Trishave 3in1 Shave Creme For Women 100g",
    "WOW Price": 6.5,
    "WOW Size": "100g",
    "WOW ppu": "$6.50 / 100G"
  },
  {
    "Brand_Product_Size": "Palmer's Cocoa Butter Hand Cream 60g",
    "WOW Price": 3.5,
    "WOW Size": "60g",
    "WOW ppu": "$5.83 / 100G"
  },
  {
    "Brand_Product_Size": "Natvia Baking Milk Chocolate Block 100g",
    "WOW Price": 4,
    "WOW Size": "100g",
    "WOW ppu": "$4.00 / 100G"
  },
  {
    "Brand_Product_Size": "Werther's Original Cream Candies Classic 140g",
    "WOW Price": 3.5,
    "WOW Size": "140g",
    "WOW ppu": "$2.50 / 100G"
  },
  {
    "Brand_Product_Size": "Essentials Dish Brush With Scraper each",
    "WOW Price": 4,
    "WOW Size": "each",
    "WOW ppu": "$4.00 / 1EA"
  },
  {
    "Brand_Product_Size": "Natures Commonscents Bodywash Goats Milk & Paw Paw 600mL",
    "WOW Price": 7.5,
    "WOW Size": "600mL",
    "WOW ppu": "$1.25 / 100ML"
  },
  {
    "Brand_Product_Size": "Cadbury Cookie Crunchy Choc Filled 156g",
    "WOW Price": 3.5,
    "WOW Size": "156g",
    "WOW ppu": "$2.24 / 100G"
  },
  {
    "Brand_Product_Size": "Nature's Way Glucosamine Chondroitin Joint Repair Dual Action 90 pack",
    "WOW Price": 30,
    "WOW Size": "90 pack",
    "WOW ppu": "$33.33 / 100EA"
  },
  {
    "Brand_Product_Size": "Sensodyne Toothbrush Sensitive Teeth Daily Care Soft 3 pack",
    "WOW Price": 6.3,
    "WOW Size": "3 pack",
    "WOW ppu": "$2.10 / 1EA"
  },
  {
    "Brand_Product_Size": "Revlon Colorstay 16hr Eyeshadow Decadent 4.8g",
    "WOW Price": 12.5,
    "WOW Size": "4.8g",
    "WOW ppu": "$26.04 / 10G"
  },
  {
    "Brand_Product_Size": "Della Rosa Family Ham & Pineapple Pizza 470g",
    "WOW Price": 3.5,
    "WOW Size": "470g",
    "WOW ppu": "$0.74 / 100G"
  },
  {
    "Brand_Product_Size": "Inspire Premium Hand Towel Charcoal each",
    "WOW Price": 12,
    "WOW Size": "each",
    "WOW ppu": ""
  },
  {
    "Brand_Product_Size": "Crankt Hplc Protein Shake Banana 375mL",
    "WOW Price": 2.9,
    "WOW Size": "375mL",
    "WOW ppu": "$0.77 / 100ML"
  },
  {
    "Brand_Product_Size": "Woolworths Jam Sponge Roll 400g",
    "WOW Price": 2.5,
    "WOW Size": "400g",
    "WOW ppu": "$0.63 / 100G"
  },
  {
    "Brand_Product_Size": "Dove Women Clinical Protection Antiperspirant Fresh Touch 45mL",
    "WOW Price": 13,
    "WOW Size": "45mL",
    "WOW ppu": "$28.89 / 100ML"
  },
  {
    "Brand_Product_Size": "Califia Farms Oat Barista Blend Uht Milk 1L",
    "WOW Price": 4.9,
    "WOW Size": "1L",
    "WOW ppu": "$4.90 / 1L"
  },
  {
    "Brand_Product_Size": "Califia Farms Oat Barista Blend Uht Milk 1L",
    "WOW Price": 4.9,
    "WOW Size": "1L",
    "WOW ppu": "$4.90 / 1L"
  },
  {
    "Brand_Product_Size": "Woolworths Julienne Carrots 500g",
    "WOW Price": 2,
    "WOW Size": "500g",
    "WOW ppu": "$4.00 / 1KG"
  },
  {
    "Brand_Product_Size": "Thankyou. Thick & Soft Baby Wipes 80 x3 pack",
    "WOW Price": 14,
    "WOW Size": "80 x3 pack",
    "WOW ppu": "$5.83 / 100EA"
  },
  {
    "Brand_Product_Size": "Continental Homestyle Chicken Noodle 2 pack",
    "WOW Price": 1.05,
    "WOW Size": "2 pack",
    "WOW ppu": "$2.63 / 100G"
  },
  {
    "Brand_Product_Size": "Post-it Super Sticky Jewel Pop Pad 3 pack",
    "WOW Price": 5.3,
    "WOW Size": "3 pack",
    "WOW ppu": ""
  },
  {
    "Brand_Product_Size": "Twix Chocolate Medium Party Share Bag 12 Piece 174g",
    "WOW Price": 3,
    "WOW Size": "174g",
    "WOW ppu": "$1.72 / 100G"
  },
  {
    "Brand_Product_Size": "Ostelin Bone Strength & Iron Tablets 60 pack",
    "WOW Price": 20,
    "WOW Size": "60 pack",
    "WOW ppu": "$33.33 / 100EA"
  },
  {
    "Brand_Product_Size": "Pepsi Light Caffeine Free Bottle 1.25L",
    "WOW Price": 2.35,
    "WOW Size": "1.25L",
    "WOW ppu": "$1.88 / 1L"
  },
  {
    "Brand_Product_Size": "Oscar Orsen Large Metal Free Black Elastics 30 pack",
    "WOW Price": 6.8,
    "WOW Size": "30 pack",
    "WOW ppu": ""
  },
  {
    "Brand_Product_Size": "Essentials Apricot Jam 500g",
    "WOW Price": 1.4,
    "WOW Size": "500g",
    "WOW ppu": "$0.28 / 100G"
  },
  {
    "Brand_Product_Size": "Mayfair Knob Ham & Chicken 1kg",
    "WOW Price": 3.4,
    "WOW Size": "1kg",
    "WOW ppu": "$3.40 / 1KG"
  },
  {
    "Brand_Product_Size": "Sargents Traditional Curry Meat Pies 700g",
    "WOW Price": 5.5,
    "WOW Size": "700g",
    "WOW ppu": "$0.79 / 100G"
  },
  {
    "Brand_Product_Size": "Chupa Chups Lollipop 12g singLe",
    "WOW Price": 0.5,
    "WOW Size": "12g singLe",
    "WOW ppu": "$4.17 / 100G"
  },
  {
    "Brand_Product_Size": "Nurofen Zavance Fast Pain Relief Liquid Capsules Ibuprofen 20 pack",
    "WOW Price": 7,
    "WOW Size": "20 pack",
    "WOW ppu": "$0.35 / 1EA"
  },
  {
    "Brand_Product_Size": "Biozet Attack Plus Softener Powder 1kg",
    "WOW Price": 12,
    "WOW Size": "1kg",
    "WOW ppu": "$12.00 / 1KG"
  },
  {
    "Brand_Product_Size": "U By Kotex Overnight Briefs Boyleg Medium - Large 4 pack",
    "WOW Price": 4.8,
    "WOW Size": "4 pack",
    "WOW ppu": "$1.20 / 1EA"
  },
  {
    "Brand_Product_Size": "Hoyt's Cinnamon Sticks 45g",
    "WOW Price": 5.09,
    "WOW Size": "45g",
    "WOW ppu": "$1.13 / 10G"
  },
  {
    "Brand_Product_Size": "Sunrice Baby Rice Cereal Original 125g",
    "WOW Price": 2,
    "WOW Size": "125g",
    "WOW ppu": "$1.60 / 100G"
  },
  {
    "Brand_Product_Size": "Energizer Lithium 2025 Battery 4 pack",
    "WOW Price": 12,
    "WOW Size": "4 pack",
    "WOW ppu": "$3.00 / 1EA"
  },
  {
    "Brand_Product_Size": "Essentials Reusable 1l Containers 3 pack",
    "WOW Price": 4.5,
    "WOW Size": "3 pack",
    "WOW ppu": ""
  },
  {
    "Brand_Product_Size": "Oreo Grab & Go Original 9 pack",
    "WOW Price": 2.75,
    "WOW Size": "9 pack",
    "WOW ppu": "$1.07 / 100G"
  },
  {
    "Brand_Product_Size": "Yumi's Mini Hommus 65g x3 pack",
    "WOW Price": 3,
    "WOW Size": "65g x3 pack",
    "WOW ppu": "$1.54 / 100G"
  },
  {
    "Brand_Product_Size": "Cenovis Cranberry 30000 Women's 30 capsuLes",
    "WOW Price": 18,
    "WOW Size": "30 capsuLes",
    "WOW ppu": "$60.00 / 100EA"
  },
  {
    "Brand_Product_Size": "Palmolive Naturals Liquid Hand Wash Soap Aloe Vera Value Refill 1L",
    "WOW Price": 6.5,
    "WOW Size": "1L",
    "WOW ppu": "$0.65 / 100ML"
  },
  {
    "Brand_Product_Size": "Gullon No Sugar Added Oaty Biscuits 410g",
    "WOW Price": 4.4,
    "WOW Size": "410g",
    "WOW ppu": "$1.07 / 100G"
  },
  {
    "Brand_Product_Size": "Swisse Odourless High Strength Wild Fish Oil 400 capsuLes",
    "WOW Price": 42,
    "WOW Size": "400 capsuLes",
    "WOW ppu": "$10.50 / 100EA"
  },
  {
    "Brand_Product_Size": "Bee Products Manuka Blend Honey 500g",
    "WOW Price": 20,
    "WOW Size": "500g",
    "WOW ppu": "$4.00 / 100G"
  },
  {
    "Brand_Product_Size": "Codral Plus 16 Lozenges & Decongestant 20 Tablets combo pack",
    "WOW Price": 13,
    "WOW Size": "combo pack",
    "WOW ppu": "$13.00 / 1EA"
  },
  {
    "Brand_Product_Size": "J Bronze Luxe Application Mitt each",
    "WOW Price": 10,
    "WOW Size": "each",
    "WOW ppu": "$10.00 / 1EA"
  },
  {
    "Brand_Product_Size": "Mountain Bread Rye Mountain Bread 200g",
    "WOW Price": 4,
    "WOW Size": "200g",
    "WOW ppu": "$2.00 / 100G"
  },
  {
    "Brand_Product_Size": "Bean Ground & Drunk Ground Coffee Organic Fairtrade Classic Roast 250g",
    "WOW Price": 8.8,
    "WOW Size": "250g",
    "WOW ppu": "$3.52 / 100G"
  },
  {
    "Brand_Product_Size": "Bean Ground & Drunk Ground Coffee Organic Fairtrade Classic Roast 250g",
    "WOW Price": 8.8,
    "WOW Size": "250g",
    "WOW ppu": "$3.52 / 100G"
  },
  {
    "Brand_Product_Size": "Nyal Children's Berry Cold & Flu Immunity Booster 2yrs+ 200mL",
    "WOW Price": 15,
    "WOW Size": "200mL",
    "WOW ppu": "$7.50 / 100ML"
  },
  {
    "Brand_Product_Size": "Multix Greener Mini Plant Based Compostable Bags 28 pack",
    "WOW Price": 4,
    "WOW Size": "28 pack",
    "WOW ppu": "$0.14 / 1EA"
  },
  {
    "Brand_Product_Size": "Paperclick Sticky Tap 18mm X 33mm 5 pack",
    "WOW Price": 5,
    "WOW Size": "5 pack",
    "WOW ppu": ""
  },
  {
    "Brand_Product_Size": "Borg's Spinach & Ricotta Pastizzis 625g",
    "WOW Price": 6,
    "WOW Size": "625g",
    "WOW ppu": "$0.96 / 100G"
  },
  {
    "Brand_Product_Size": "Tradie Mens Socks Black 11/13 3 pack",
    "WOW Price": 10,
    "WOW Size": "3 pack",
    "WOW ppu": "$10.00 / 1EA"
  },
  {
    "Brand_Product_Size": "Steggles Chicken Breast Fingers 1kg",
    "WOW Price": 11,
    "WOW Size": "1kg",
    "WOW ppu": "$11.00 / 1KG"
  },
  {
    "Brand_Product_Size": "Schwarzkopf Extra Care Hair Spray Super Styling Lacquer 400g",
    "WOW Price": 9,
    "WOW Size": "400g",
    "WOW ppu": "$2.25 / 100G"
  },
  {
    "Brand_Product_Size": "Real Foods Corn Thins Sesame 150g",
    "WOW Price": 1,
    "WOW Size": "150g",
    "WOW ppu": "$0.67 / 100G"
  },
  {
    "Brand_Product_Size": "Real Foods Corn Thins Sesame 150g",
    "WOW Price": 1,
    "WOW Size": "150g",
    "WOW ppu": "$0.67 / 100G"
  },
  {
    "Brand_Product_Size": "Woolworths Peppermint Chocolate Flakes Ice Cream Sandwich 4 pack",
    "WOW Price": 2.9,
    "WOW Size": "4 pack",
    "WOW ppu": "$0.66 / 100ML"
  },
  {
    "Brand_Product_Size": "Paperclick Metallic Marker 10 pack",
    "WOW Price": 10,
    "WOW Size": "10 pack",
    "WOW ppu": ""
  },
  {
    "Brand_Product_Size": "Garnier Fructis Style Curl Control Mousse 200mL",
    "WOW Price": 8,
    "WOW Size": "200mL",
    "WOW ppu": "$4.00 / 100ML"
  },
  {
    "Brand_Product_Size": "Mission Pita Bread Pockets Wholemeal 420g",
    "WOW Price": 4,
    "WOW Size": "420g",
    "WOW ppu": "$0.95 / 100G"
  },
  {
    "Brand_Product_Size": "K-roo Kangaroo Sausages Kanga Bangas Bush Tomato 500g",
    "WOW Price": 6.4,
    "WOW Size": "500g",
    "WOW ppu": "$12.80 / 1KG"
  },
  {
    "Brand_Product_Size": "Fancy Feast Puree Kiss Tuna Puree With Tuna Flakes Cat Treats 40g",
    "WOW Price": 3.2,
    "WOW Size": "40g",
    "WOW ppu": "$8.00 / 100G"
  },
  {
    "Brand_Product_Size": "Aptamil Gold+ 4 Junior Milk Formula From 2+ Years 900g",
    "WOW Price": 23,
    "WOW Size": "900g",
    "WOW ppu": "$2.56 / 100G"
  },
  {
    "Brand_Product_Size": "Five:am Organic Salted Caramel Yoghurt 700g",
    "WOW Price": 6,
    "WOW Size": "700g",
    "WOW ppu": "$0.86 / 100G"
  },
  {
    "Brand_Product_Size": "Nivea Hawaiian Flower & Oil Shower Gel & Body Wash 500mL",
    "WOW Price": 5.6,
    "WOW Size": "500mL",
    "WOW ppu": "$1.12 / 100ML"
  },
  {
    "Brand_Product_Size": "Evia Natural Yoghurt No Added Sugar 700g",
    "WOW Price": 5.5,
    "WOW Size": "700g",
    "WOW ppu": "$0.79 / 100G"
  },
  {
    "Brand_Product_Size": "Artline Permanent Marker Black 700mm 2 pack",
    "WOW Price": 7.5,
    "WOW Size": "700mm 2 pack",
    "WOW ppu": ""
  },
  {
    "Brand_Product_Size": "Nicabate Quit Smoking Extra Fresh Mint Gum 4 Mg 100 pack",
    "WOW Price": 28,
    "WOW Size": "100 pack",
    "WOW ppu": "$28.00 / 100EA"
  },
  {
    "Brand_Product_Size": "Energizer Iphone Braided Cable 1.2 Metre each",
    "WOW Price": 30,
    "WOW Size": "each",
    "WOW ppu": ""
  },
  {
    "Brand_Product_Size": "Nestle Nan Supreme 1 Starter 0-6 Months Baby Formula Powder 800g",
    "WOW Price": 30,
    "WOW Size": "800g",
    "WOW ppu": "$3.75 / 100G"
  },
  {
    "Brand_Product_Size": "Macro Organic 6 Months+ Apple Berries & Fig With Yoghurt 120g",
    "WOW Price": 1.4,
    "WOW Size": "120g",
    "WOW ppu": "$1.17 / 100G"
  },
  {
    "Brand_Product_Size": "Moccona Freeze Dried Instant Coffee Espresso Style 200g",
    "WOW Price": 13,
    "WOW Size": "200g",
    "WOW ppu": "$6.50 / 100G"
  },
  {
    "Brand_Product_Size": "Moccona Freeze Dried Instant Coffee Espresso Style 200g",
    "WOW Price": 13,
    "WOW Size": "200g",
    "WOW ppu": "$6.50 / 100G"
  },
  {
    "Brand_Product_Size": "Woolworths Arrowroot Milk Biscuits 250g",
    "WOW Price": 1.3,
    "WOW Size": "250g",
    "WOW ppu": "$0.52 / 100G"
  },
  {
    "Brand_Product_Size": "Waxworks Vintage Citronella Jam Jar 2 pack",
    "WOW Price": 10,
    "WOW Size": "2 pack",
    "WOW ppu": "$5.00 / 1EA"
  },
  {
    "Brand_Product_Size": "Unicorn Cheese Dip Double Brie With Black Truffle 150g",
    "WOW Price": 6,
    "WOW Size": "150g",
    "WOW ppu": "$4.00 / 100G"
  },
  {
    "Brand_Product_Size": "Unicorn Cheese Dip Double Brie With Black Truffle 150g",
    "WOW Price": 6,
    "WOW Size": "150g",
    "WOW ppu": "$4.00 / 100G"
  },
  {
    "Brand_Product_Size": "Creative Kitchen Gold Delight 4 Compartment Jar each",
    "WOW Price": 4.5,
    "WOW Size": "each",
    "WOW ppu": "$3.10 / 100G"
  },
  {
    "Brand_Product_Size": "Ob Finest Wafer Crackers Black Pepper 100g",
    "WOW Price": 3,
    "WOW Size": "100g",
    "WOW ppu": "$3.00 / 100G"
  },
  {
    "Brand_Product_Size": "Essentials Household Sprayer Large Assorted each",
    "WOW Price": 3,
    "WOW Size": "each",
    "WOW ppu": ""
  },
  {
    "Brand_Product_Size": "Jamie Oliver Pasta Sauce Italian Red Wine 400g",
    "WOW Price": 4.3,
    "WOW Size": "400g",
    "WOW ppu": "$1.08 / 100G"
  },
  {
    "Brand_Product_Size": "Dollar Sweets Bright Sprinkles Jar 90g",
    "WOW Price": 3.5,
    "WOW Size": "90g",
    "WOW ppu": "$3.89 / 100G"
  },
  {
    "Brand_Product_Size": "Rufus & Coco Self Cleaning Slicker Brush Slicker Dog Brush each",
    "WOW Price": 13.89,
    "WOW Size": "each",
    "WOW ppu": ""
  },
  {
    "Brand_Product_Size": "Domestos Disinfectant Bleach Regular 1.25L",
    "WOW Price": 5.5,
    "WOW Size": "1.25L",
    "WOW ppu": "$4.40 / 1L"
  },
  {
    "Brand_Product_Size": "Paperclick Permanent Markers Black 2 pack",
    "WOW Price": 3,
    "WOW Size": "2 pack",
    "WOW ppu": ""
  },
  {
    "Brand_Product_Size": "Woolworths Caramel Flavoured Mini Bars 10 pack",
    "WOW Price": 5,
    "WOW Size": "10 pack",
    "WOW ppu": "$1.25 / 100G"
  },
  {
    "Brand_Product_Size": "Easy-off Bam Bathroom Cleaner Active Foam Lemon Zing 390g",
    "WOW Price": 5,
    "WOW Size": "390g",
    "WOW ppu": "$1.28 / 100G"
  },
  {
    "Brand_Product_Size": "Macro Australian Raisins 1kg",
    "WOW Price": 8.8,
    "WOW Size": "1kg",
    "WOW ppu": "$8.80 / 1KG"
  },
  {
    "Brand_Product_Size": "Gillette Fusion Proglide Manual Shaving Blade Refill 4 pack",
    "WOW Price": 25,
    "WOW Size": "4 pack",
    "WOW ppu": "$6.25 / 1EA"
  },
  {
    "Brand_Product_Size": "Select Headband Narrow each",
    "WOW Price": 3,
    "WOW Size": "each",
    "WOW ppu": ""
  },
  {
    "Brand_Product_Size": "Suimin Mi Goreng Noodle Cup 70g",
    "WOW Price": 1.5,
    "WOW Size": "70g",
    "WOW ppu": "$2.14 / 100G"
  },
  {
    "Brand_Product_Size": "Camelbak Eddy Kids Stainless Bottle Assorted each",
    "WOW Price": 30,
    "WOW Size": "each",
    "WOW ppu": ""
  },
  {
    "Brand_Product_Size": "Bic Flex 4 Hybrid Shaver 4 pack",
    "WOW Price": 8.5,
    "WOW Size": "4 pack",
    "WOW ppu": "$2.13 / 1EA"
  },
  {
    "Brand_Product_Size": "Mint Non-stick Coating Mini Round Pie Dish 2 pack",
    "WOW Price": 4.8,
    "WOW Size": "2 pack",
    "WOW ppu": ""
  },
  {
    "Brand_Product_Size": "Decor Go Lunch Box Oblong 800mL",
    "WOW Price": 4,
    "WOW Size": "800mL",
    "WOW ppu": ""
  },
  {
    "Brand_Product_Size": "Coco & Lucas' Meatless Cottage Pie 350g",
    "WOW Price": 6.5,
    "WOW Size": "350g",
    "WOW ppu": "$1.86 / 100G"
  },
  {
    "Brand_Product_Size": "Canon Black Printer Ink Pixma 670 Xl each",
    "WOW Price": 27.2,
    "WOW Size": "each",
    "WOW ppu": ""
  },
  {
    "Brand_Product_Size": "Homebrand Shave Foam 250g",
    "WOW Price": 2.3,
    "WOW Size": "250g",
    "WOW ppu": "$0.92 / 100G"
  },
  {
    "Brand_Product_Size": "Woolworths Diet Dry Ginger Ale Dry Ginger Ale 1.25L",
    "WOW Price": 1,
    "WOW Size": "1.25L",
    "WOW ppu": "$0.80 / 1L"
  },
  {
    "Brand_Product_Size": "Essentials Self Raising Flour 1kg",
    "WOW Price": 1,
    "WOW Size": "1kg",
    "WOW ppu": "$1.00 / 1KG"
  },
  {
    "Brand_Product_Size": "Rexona Women Advanced Protection Antiperspirant Bright Bouquet 220mL",
    "WOW Price": 7.5,
    "WOW Size": "220mL",
    "WOW ppu": "$3.41 / 100ML"
  },
  {
    "Brand_Product_Size": "Bega Light Vintage 25% Reduced Fat Cheese Slices 15 pack 250g",
    "WOW Price": 4.5,
    "WOW Size": "15 pack 250g",
    "WOW ppu": "$18.00 / 1KG"
  },
  {
    "Brand_Product_Size": "Ardell Demi Wispies Black each",
    "WOW Price": 5.5,
    "WOW Size": "each",
    "WOW ppu": "$5.50 / 1EA"
  },
  {
    "Brand_Product_Size": "Voost Effervescent Collagen Tablets 40 pack",
    "WOW Price": 10,
    "WOW Size": "40 pack",
    "WOW ppu": "$25.00 / 100EA"
  },
  {
    "Brand_Product_Size": "Bundaberg Rum & Zero Sugar Cola Cans 375mL x10 pack",
    "WOW Price": 40,
    "WOW Size": "375mL x10 pack",
    "WOW ppu": ""
  },
  {
    "Brand_Product_Size": "Atkins Day Break Hazelnut Bar 5 pack",
    "WOW Price": 11.5,
    "WOW Size": "5 pack",
    "WOW ppu": "$6.22 / 100G"
  },
  {
    "Brand_Product_Size": "Nurofen Zavance Fast Pain Relief Caplets 256mg Ibuprofen 12 pack",
    "WOW Price": 4.45,
    "WOW Size": "12 pack",
    "WOW ppu": "$0.37 / 1EA"
  },
  {
    "Brand_Product_Size": "The Natural Paw Company Tofu Cat Litter Original 2kg",
    "WOW Price": 8,
    "WOW Size": "2kg",
    "WOW ppu": "$4.00 / 1KG"
  },
  {
    "Brand_Product_Size": "Balnea Lime Antibacterial Hand Wash 250mL",
    "WOW Price": 1.5,
    "WOW Size": "250mL",
    "WOW ppu": "$0.60 / 100ML"
  },
  {
    "Brand_Product_Size": "Annalisa Beans Four Mix 400g",
    "WOW Price": 1.5,
    "WOW Size": "400g",
    "WOW ppu": "$3.75 / 1KG"
  },
  {
    "Brand_Product_Size": "Sistema To Go Portion Pod 2 pack",
    "WOW Price": 7,
    "WOW Size": "2 pack",
    "WOW ppu": ""
  },
  {
    "Brand_Product_Size": "Lifestyles Ultra Natural Water Based Intimate Gel 100mL",
    "WOW Price": 8.9,
    "WOW Size": "100mL",
    "WOW ppu": "$8.90 / 100ML"
  },
  {
    "Brand_Product_Size": "Australian Botanical Soap Lemon Grass each",
    "WOW Price": 3.2,
    "WOW Size": "each",
    "WOW ppu": "$1.60 / 100G"
  },
  {
    "Brand_Product_Size": "Farmers Market Tender Lamb With Julienne Carrots & Beans Wet Dog Food 100g",
    "WOW Price": 1.5,
    "WOW Size": "100g",
    "WOW ppu": "$1.50 / 100G"
  },
  {
    "Brand_Product_Size": "Supercoat Adult Chicken Dry Dog Food Chicken 3kg",
    "WOW Price": 15.5,
    "WOW Size": "3kg",
    "WOW ppu": "$0.52 / 100G"
  },
  {
    "Brand_Product_Size": "Swisspers Cotton Pads Make Up 80 pack",
    "WOW Price": 3.75,
    "WOW Size": "80 pack",
    "WOW ppu": "$4.69 / 100EA"
  },
  {
    "Brand_Product_Size": "Connoisseur Belgian Chocolate Fudge With Roasted Hazelnut 4 pack",
    "WOW Price": 6,
    "WOW Size": "4 pack",
    "WOW ppu": "$1.32 / 100ML"
  },
  {
    "Brand_Product_Size": "Atkins Plus Protein Iced Coffee 400mL",
    "WOW Price": 4.3,
    "WOW Size": "400mL",
    "WOW ppu": "$1.08 / 100ML"
  },
  {
    "Brand_Product_Size": "Mccain Supreme Pizza 500g",
    "WOW Price": 7,
    "WOW Size": "500g",
    "WOW ppu": "$1.40 / 100G"
  },
  {
    "Brand_Product_Size": "Dishmatic Dish Brush Pro Handle each",
    "WOW Price": 5,
    "WOW Size": "each",
    "WOW ppu": "$5.00 / 1EA"
  },
  {
    "Brand_Product_Size": "Armor All Car Care Protectant Wipes 25 pack",
    "WOW Price": 10.5,
    "WOW Size": "25 pack",
    "WOW ppu": "$0.42 / 1EA"
  },
  {
    "Brand_Product_Size": "Nutty Bruce Unsweetened Almond Milk 1L",
    "WOW Price": 5.5,
    "WOW Size": "1L",
    "WOW ppu": "$5.50 / 1L"
  },
  {
    "Brand_Product_Size": "Armada Coffee Cups 350ml 16 pack",
    "WOW Price": 8,
    "WOW Size": "16 pack",
    "WOW ppu": "$0.50 / 1EA"
  },
  {
    "Brand_Product_Size": "White Glo White Accel Blue Light Kit each",
    "WOW Price": 24.5,
    "WOW Size": "each",
    "WOW ppu": "$24.50 / 1EA"
  },
  {
    "Brand_Product_Size": "Jamie Oliver Pesto Chilli And Garlic 190g",
    "WOW Price": 5.3,
    "WOW Size": "190g",
    "WOW ppu": "$2.79 / 100G"
  },
  {
    "Brand_Product_Size": "Blackmores Super Magnesium 100 pack",
    "WOW Price": 24.8,
    "WOW Size": "100 pack",
    "WOW ppu": "$24.80 / 100EA"
  },
  {
    "Brand_Product_Size": "Tasti Fruit & Vege Wholefood Balls Strawberry & Beetroot 60g",
    "WOW Price": 3.3,
    "WOW Size": "60g",
    "WOW ppu": "$5.50 / 100G"
  },
  {
    "Brand_Product_Size": "Cadbury Dairy Milk Chocolate 55g roLL",
    "WOW Price": 1.5,
    "WOW Size": "55g roLL",
    "WOW ppu": "$2.73 / 100G"
  },
  {
    "Brand_Product_Size": "Europe Nougat Honey Log 40g bar",
    "WOW Price": 1.5,
    "WOW Size": "40g bar",
    "WOW ppu": "$3.75 / 100G"
  },
  {
    "Brand_Product_Size": "Cheetos Puffs Cheese Snacks Party Size Bag 165g",
    "WOW Price": 3,
    "WOW Size": "165g",
    "WOW ppu": "$1.82 / 100G"
  },
  {
    "Brand_Product_Size": "Ambi Pur Premium Clip Car Air Freshener Refill Vanilla Voyage 2 x7.5mL",
    "WOW Price": 7.5,
    "WOW Size": "2 x7.5mL",
    "WOW ppu": "$5.36 / 10ML"
  },
  {
    "Brand_Product_Size": "Cold Power Clean & Fresh Odour Fighter Laundry Liquid 3.6L",
    "WOW Price": 30,
    "WOW Size": "3.6L",
    "WOW ppu": "$8.33 / 1L"
  },
  {
    "Brand_Product_Size": "Nature's Way Vita Gummies Vitamin D Vitamin D 120 pack",
    "WOW Price": 21,
    "WOW Size": "120 pack",
    "WOW ppu": "$17.50 / 100EA"
  },
  {
    "Brand_Product_Size": "All Day Socks Mens Black Size 7-10 2 pack",
    "WOW Price": 15,
    "WOW Size": "2 pack",
    "WOW ppu": "$7.50 / 1EA"
  },
  {
    "Brand_Product_Size": "Willow Farm Dip Tzatziki 200g",
    "WOW Price": 2,
    "WOW Size": "200g",
    "WOW ppu": "$1.00 / 100G"
  },
  {
    "Brand_Product_Size": "Haldiram's Gulab Jamun 1kg",
    "WOW Price": 6,
    "WOW Size": "1kg",
    "WOW ppu": "$0.60 / 100G"
  },
  {
    "Brand_Product_Size": "Nivea Q10 Power Anti-wrinkle Firming Eye Cream Moisturiser 15mL",
    "WOW Price": 22,
    "WOW Size": "15mL",
    "WOW ppu": "$146.67 / 100ML"
  },
  {
    "Brand_Product_Size": "D'orsogna Roast Chicken 320g",
    "WOW Price": 5.5,
    "WOW Size": "320g",
    "WOW ppu": "$17.19 / 1KG"
  },
  {
    "Brand_Product_Size": "D'orsogna Roast Chicken 320g",
    "WOW Price": 5.5,
    "WOW Size": "320g",
    "WOW ppu": "$17.19 / 1KG"
  },
  {
    "Brand_Product_Size": "Lolly Go Round Round Rainbow Sour Straps 170g",
    "WOW Price": 2,
    "WOW Size": "170g",
    "WOW ppu": "$1.18 / 100G"
  },
  {
    "Brand_Product_Size": "Manicare Pedipro Callus Remover each",
    "WOW Price": 12.5,
    "WOW Size": "each",
    "WOW ppu": "$12.50 / 1EA"
  },
  {
    "Brand_Product_Size": "Dairy Farmers No Added Sugar Classic Chocolate 500mL",
    "WOW Price": 2.4,
    "WOW Size": "500mL",
    "WOW ppu": "$4.80 / 1L"
  },
  {
    "Brand_Product_Size": "K-roo Kangaroo Diced 500g",
    "WOW Price": 9.4,
    "WOW Size": "500g",
    "WOW ppu": "$18.80 / 1KG"
  },
  {
    "Brand_Product_Size": "Gourmet Chef Marinara Sauce 450g",
    "WOW Price": 5,
    "WOW Size": "450g",
    "WOW ppu": "$11.11 / 1KG"
  },
  {
    "Brand_Product_Size": "Time's Up Vertical Spring Mouse Trap 2 pack",
    "WOW Price": 3.5,
    "WOW Size": "2 pack",
    "WOW ppu": "$3.50 / 1EA"
  },
  {
    "Brand_Product_Size": "Chicken Tonight Simmer Sauce Honey & Mustard 485g",
    "WOW Price": 2.5,
    "WOW Size": "485g",
    "WOW ppu": "$0.52 / 100G"
  },
  {
    "Brand_Product_Size": "Woolworths Cherry & Vanilla Cake 185g",
    "WOW Price": 5.5,
    "WOW Size": "185g",
    "WOW ppu": "$2.97 / 100G"
  },
  {
    "Brand_Product_Size": "Harry's Ice Cream Triple Choc Brownie 475mL",
    "WOW Price": 6,
    "WOW Size": "475mL",
    "WOW ppu": "$1.26 / 100ML"
  },
  {
    "Brand_Product_Size": "Tamar Valley Kids Pouch Greek Yoghurt Banana 110g",
    "WOW Price": 1.8,
    "WOW Size": "110g",
    "WOW ppu": "$1.64 / 100G"
  },
  {
    "Brand_Product_Size": "Philips Led 470lm Ses Candle Ww Frosted each",
    "WOW Price": 6.5,
    "WOW Size": "each",
    "WOW ppu": "$6.50 / 1EA"
  },
  {
    "Brand_Product_Size": "Sustagen Vanilla Ready To Drink 3x250mL",
    "WOW Price": 5.9,
    "WOW Size": "3x250mL",
    "WOW ppu": "$7.87 / 1L"
  },
  {
    "Brand_Product_Size": "Sustagen Vanilla Ready To Drink 3x250mL",
    "WOW Price": 5.9,
    "WOW Size": "3x250mL",
    "WOW ppu": "$7.87 / 1L"
  },
  {
    "Brand_Product_Size": "Sustagen Vanilla Ready To Drink 3x250mL",
    "WOW Price": 5.9,
    "WOW Size": "3x250mL",
    "WOW ppu": "$7.87 / 1L"
  },
  {
    "Brand_Product_Size": "President Camembert Cheese 200g",
    "WOW Price": 6,
    "WOW Size": "200g",
    "WOW ppu": "$30.00 / 1KG"
  },
  {
    "Brand_Product_Size": "President Camembert Cheese 200g",
    "WOW Price": 6,
    "WOW Size": "200g",
    "WOW ppu": "$30.00 / 1KG"
  },
  {
    "Brand_Product_Size": "Old El Paso Stand 'n Stuff Tortilla 8 pack",
    "WOW Price": 3.6,
    "WOW Size": "8 pack",
    "WOW ppu": "$1.87 / 100G"
  },
  {
    "Brand_Product_Size": "Oak Thickshake Raspberry Spider 425mL",
    "WOW Price": 2.85,
    "WOW Size": "425mL",
    "WOW ppu": "$6.71 / 1L"
  },
  {
    "Brand_Product_Size": "Nair Hair Removal Wax Easiwax Mini Strips 20 pack",
    "WOW Price": 9,
    "WOW Size": "20 pack",
    "WOW ppu": "$0.45 / 1EA"
  },
  {
    "Brand_Product_Size": "Mortein Nest Kill Cockroach Baits 12 pack",
    "WOW Price": 11.8,
    "WOW Size": "12 pack",
    "WOW ppu": "$0.98 / 1EA"
  },
  {
    "Brand_Product_Size": "Ingham's Turkey Thigh Roast 950g - 1.2kg",
    "WOW Price": 15.6,
    "WOW Size": "950g - 1.2kg",
    "WOW ppu": "$13.00 / 1KG"
  },
  {
    "Brand_Product_Size": "Gourmet Garden Herb Lightly Dried Garlic 10g",
    "WOW Price": 3.5,
    "WOW Size": "10g",
    "WOW ppu": "$3.50 / 10G"
  },
  {
    "Brand_Product_Size": "Gourmet Garden Herb Lightly Dried Garlic 10g",
    "WOW Price": 3.5,
    "WOW Size": "10g",
    "WOW ppu": "$3.50 / 10G"
  },
  {
    "Brand_Product_Size": "Normandie Pate Chicken With Cointreau 150g",
    "WOW Price": 4.5,
    "WOW Size": "150g",
    "WOW ppu": "$30.00 / 1KG"
  },
  {
    "Brand_Product_Size": "Body Science Body For Women Shaker Black Lid 400mL",
    "WOW Price": 7,
    "WOW Size": "400mL",
    "WOW ppu": "$7.00 / 1EA"
  },
  {
    "Brand_Product_Size": "Cancer Council Kids Spf 50+ Sunscreen 110mL",
    "WOW Price": 12,
    "WOW Size": "110mL",
    "WOW ppu": "$10.91 / 100ML"
  },
  {
    "Brand_Product_Size": "Three Threes Peppered Pickled Onions 500g",
    "WOW Price": 3.8,
    "WOW Size": "500g",
    "WOW ppu": "$7.60 / 1KG"
  },
  {
    "Brand_Product_Size": "Woolworths Rice Cracker Seaweed 100g",
    "WOW Price": 0.9,
    "WOW Size": "100g",
    "WOW ppu": "$0.90 / 100G"
  },
  {
    "Brand_Product_Size": "Mccain Rustica Sourdough Salami & Four Cheese Pizza 400g",
    "WOW Price": 8,
    "WOW Size": "400g",
    "WOW ppu": "$2.00 / 100G"
  },
  {
    "Brand_Product_Size": "Mainland Munchables Rice Crackers 4 pack",
    "WOW Price": 4.5,
    "WOW Size": "4 pack",
    "WOW ppu": "$37.50 / 1KG"
  },
  {
    "Brand_Product_Size": "Glade Sense & Spray Pomegranate & Cranberry Refill 12g",
    "WOW Price": 5.9,
    "WOW Size": "12g",
    "WOW ppu": "$4.84 / 10G"
  },
  {
    "Brand_Product_Size": "Well Naturally No Sugar Added Choc Mint Crisp Bar 45g",
    "WOW Price": 2.85,
    "WOW Size": "45g",
    "WOW ppu": "$6.33 / 100G"
  },
  {
    "Brand_Product_Size": "Philips Light Globe Led 10.5w 1055 Lumen Warm Es each",
    "WOW Price": 8,
    "WOW Size": "each",
    "WOW ppu": "$8.00 / 1EA"
  },
  {
    "Brand_Product_Size": "Woolworths Cooking Chocolate Milk 200g",
    "WOW Price": 2.5,
    "WOW Size": "200g",
    "WOW ppu": "$1.25 / 100G"
  },
  {
    "Brand_Product_Size": "San Remo Pasta Pulse Spaghetti 250g",
    "WOW Price": 4.2,
    "WOW Size": "250g",
    "WOW ppu": "$1.68 / 100G"
  },
  {
    "Brand_Product_Size": "Green's Maple Flavoured Syrup 375g",
    "WOW Price": 3.2,
    "WOW Size": "375g",
    "WOW ppu": "$0.85 / 100G"
  },
  {
    "Brand_Product_Size": "Head & Shoulders Clean & Balanced Conditioner 200mL",
    "WOW Price": 7,
    "WOW Size": "200mL",
    "WOW ppu": "$3.50 / 100ML"
  },
  {
    "Brand_Product_Size": "Blackmores Lyp-sine Coldsore Relief Tablets 30 pack",
    "WOW Price": 8.4,
    "WOW Size": "30 pack",
    "WOW ppu": "$28.00 / 100EA"
  },
  {
    "Brand_Product_Size": "Surf Coastal Luxury Laundry Powder 2kg",
    "WOW Price": 6,
    "WOW Size": "2kg",
    "WOW ppu": "$3.00 / 1KG"
  },
  {
    "Brand_Product_Size": "Crayola Color & Sticker Book Frozen each",
    "WOW Price": 3.5,
    "WOW Size": "each",
    "WOW ppu": ""
  },
  {
    "Brand_Product_Size": "Schwarzkopf Bio Tech Restore Oil 80mL",
    "WOW Price": 20,
    "WOW Size": "80mL",
    "WOW ppu": "$25.00 / 100ML"
  },
  {
    "Brand_Product_Size": "Hong Kong Dim Sim Kitchen Bbq Pork Buns 200g",
    "WOW Price": 2.5,
    "WOW Size": "200g",
    "WOW ppu": "$1.25 / 100G"
  },
  {
    "Brand_Product_Size": "Vitasoy Oat Milk 1L",
    "WOW Price": 2.9,
    "WOW Size": "1L",
    "WOW ppu": "$2.90 / 1L"
  },
  {
    "Brand_Product_Size": "Vitasoy Oat Milk 1L",
    "WOW Price": 2.9,
    "WOW Size": "1L",
    "WOW ppu": "$2.90 / 1L"
  },
  {
    "Brand_Product_Size": "Pandaroo Ingredients Mushroom Chinese Sliced 40g",
    "WOW Price": 2.75,
    "WOW Size": "40g",
    "WOW ppu": "$68.75 / 1KG"
  },
  {
    "Brand_Product_Size": "Heinz Baked Beans English Recipe 300g",
    "WOW Price": 2,
    "WOW Size": "300g",
    "WOW ppu": "$0.67 / 100G"
  },
  {
    "Brand_Product_Size": "Old El Paso Hot Taco Sauce 200g",
    "WOW Price": 3.2,
    "WOW Size": "200g",
    "WOW ppu": "$1.60 / 100G"
  },
  {
    "Brand_Product_Size": "Nature's Way Instant Natural High Protein Vegan Meal Rich Choc Fudge 400g",
    "WOW Price": 25,
    "WOW Size": "400g",
    "WOW ppu": "$6.25 / 100G"
  },
  {
    "Brand_Product_Size": "Beerenberg Apricot Jam 300g",
    "WOW Price": 5,
    "WOW Size": "300g",
    "WOW ppu": "$1.67 / 100G"
  },
  {
    "Brand_Product_Size": "Bonds Singlet Mens Chesty Coloured Size 18 1 pack",
    "WOW Price": 15,
    "WOW Size": "1 pack",
    "WOW ppu": ""
  },
  {
    "Brand_Product_Size": "Dairy Farmers Thick & Creamy Strawberry Yoghurt 600g",
    "WOW Price": 4.5,
    "WOW Size": "600g",
    "WOW ppu": "$0.75 / 100G"
  },
  {
    "Brand_Product_Size": "Macro Organic Trail Mix 250g",
    "WOW Price": 7,
    "WOW Size": "250g",
    "WOW ppu": "$28.00 / 1KG"
  },
  {
    "Brand_Product_Size": "Arnott's Sesame Cracker Wheat 250g",
    "WOW Price": 3,
    "WOW Size": "250g",
    "WOW ppu": "$1.20 / 100G"
  },
  {
    "Brand_Product_Size": "Continental Simmer Soup Chicken Noodle Salt Reduced 40g",
    "WOW Price": 0.95,
    "WOW Size": "40g",
    "WOW ppu": "$2.38 / 100G"
  },
  {
    "Brand_Product_Size": "Maybelline Superstay Matte Ink Liquid Lipstick - Dreamer 10 5mL",
    "WOW Price": 11,
    "WOW Size": "5mL",
    "WOW ppu": "$22.00 / 10ML"
  },
  {
    "Brand_Product_Size": "Streets Cornetto Mini Choc N Ball Ice Cream 6 pack",
    "WOW Price": 6,
    "WOW Size": "6 pack",
    "WOW ppu": "$1.67 / 100ML"
  },
  {
    "Brand_Product_Size": "Off The Eaten Path Vegetable Chips Pea & Pinto Bean Sticsks Sea Salt 100g",
    "WOW Price": 4,
    "WOW Size": "100g",
    "WOW ppu": "$4.00 / 100G"
  },
  {
    "Brand_Product_Size": "Balnea Soap Box each",
    "WOW Price": 1.6,
    "WOW Size": "each",
    "WOW ppu": "$1.60 / 1EA"
  },
  {
    "Brand_Product_Size": "Woolworths Flat Mini Manual Umbrella Printed each",
    "WOW Price": 12.95,
    "WOW Size": "each",
    "WOW ppu": ""
  },
  {
    "Brand_Product_Size": "Sabco Antimicrobial Wipes Roll 25 pack",
    "WOW Price": 5.5,
    "WOW Size": "25 pack",
    "WOW ppu": "$0.22 / 1EA"
  },
  {
    "Brand_Product_Size": "Rufus & Coco Large Litter Liners 8 pack",
    "WOW Price": 5.99,
    "WOW Size": "8 pack",
    "WOW ppu": "$25.49 / 1KG"
  },
  {
    "Brand_Product_Size": "Philips Led 1055lm Cool Es 2 pack",
    "WOW Price": 6.5,
    "WOW Size": "2 pack",
    "WOW ppu": "$3.25 / 1EA"
  },
  {
    "Brand_Product_Size": "Lindt Lindor Chocolate Balls Assorted 150g box",
    "WOW Price": 14,
    "WOW Size": "150g box",
    "WOW ppu": "$9.33 / 100G"
  },
  {
    "Brand_Product_Size": "Cenovis Zinc Plus Tablets 150 pack",
    "WOW Price": 9.1,
    "WOW Size": "150 pack",
    "WOW ppu": "$6.07 / 100EA"
  },
  {
    "Brand_Product_Size": "Glen 20 Spray Disinfectant Country Scent 375g",
    "WOW Price": 9.85,
    "WOW Size": "375g",
    "WOW ppu": "$2.63 / 100G"
  },
  {
    "Brand_Product_Size": "Maesri Paste Red Curry 114g",
    "WOW Price": 1.65,
    "WOW Size": "114g",
    "WOW ppu": "$1.45 / 100G"
  },
  {
    "Brand_Product_Size": "Rufus & Coco Water Free Wash Dog Grooming Powder 100g",
    "WOW Price": 13.39,
    "WOW Size": "100g",
    "WOW ppu": "$13.39 / 100ML"
  },
  {
    "Brand_Product_Size": "Bundaberg Sparkling Passionfruit Sparkling Drink 4x375mL",
    "WOW Price": 6.35,
    "WOW Size": "4x375mL",
    "WOW ppu": "$4.23 / 1L"
  },
  {
    "Brand_Product_Size": "Chobani Flip Lemon Meringue Tang 140g",
    "WOW Price": 3,
    "WOW Size": "140g",
    "WOW ppu": "$2.14 / 100G"
  },
  {
    "Brand_Product_Size": "Chobani Flip Lemon Meringue Tang 140g",
    "WOW Price": 3,
    "WOW Size": "140g",
    "WOW ppu": "$2.14 / 100G"
  },
  {
    "Brand_Product_Size": "Cottee's Conserve Raspberry 500g",
    "WOW Price": 2.8,
    "WOW Size": "500g",
    "WOW ppu": "$0.56 / 100G"
  },
  {
    "Brand_Product_Size": "Nivea Men Deep Shower Gel & Body Wash 500mL",
    "WOW Price": 6,
    "WOW Size": "500mL",
    "WOW ppu": "$1.20 / 100ML"
  },
  {
    "Brand_Product_Size": "Norsca 0% Aluminium Antiperspirant Refreshing Vetiver Deodorant 245mL",
    "WOW Price": 8,
    "WOW Size": "245mL",
    "WOW ppu": "$5.33 / 100G"
  },
  {
    "Brand_Product_Size": "Woolworths Diced Pineapple In Juice 695g",
    "WOW Price": 3.5,
    "WOW Size": "695g",
    "WOW ppu": "$5.04 / 1KG"
  },
  {
    "Brand_Product_Size": "Gits Ready To Eat Punjabi Kadhi 300g",
    "WOW Price": 2.6,
    "WOW Size": "300g",
    "WOW ppu": "$0.87 / 100G"
  },
  {
    "Brand_Product_Size": "Total Care Whacky Duck Dog Toy each",
    "WOW Price": 15,
    "WOW Size": "each",
    "WOW ppu": "$15.00 / 1EA"
  },
  {
    "Brand_Product_Size": "Cloverdale Organic Mixed Blossom Honey 400g",
    "WOW Price": 6.4,
    "WOW Size": "400g",
    "WOW ppu": "$1.60 / 100G"
  },
  {
    "Brand_Product_Size": "Nuttelex Olive Buttery Spread 1kg",
    "WOW Price": 6,
    "WOW Size": "1kg",
    "WOW ppu": "$0.60 / 100G"
  },
  {
    "Brand_Product_Size": "Herbal Essences Sulfate Free Birch Bark Extract Shampoo 360mL",
    "WOW Price": 7,
    "WOW Size": "360mL",
    "WOW ppu": "$1.94 / 100ML"
  },
  {
    "Brand_Product_Size": "Frey Mint Stixx Chocolate Bar 42g",
    "WOW Price": 2,
    "WOW Size": "42g",
    "WOW ppu": "$4.76 / 100G"
  },
  {
    "Brand_Product_Size": "Sanitarium Up&go Liquid Breakfast Banana 3 pack",
    "WOW Price": 4.95,
    "WOW Size": "3 pack",
    "WOW ppu": "$6.60 / 1L"
  },
  {
    "Brand_Product_Size": "Sanitarium Up&go Liquid Breakfast Banana 3 pack",
    "WOW Price": 4.95,
    "WOW Size": "3 pack",
    "WOW ppu": "$6.60 / 1L"
  },
  {
    "Brand_Product_Size": "Kellogg's Corn Flakes Breakfast Cereal 220g",
    "WOW Price": 2.9,
    "WOW Size": "220g",
    "WOW ppu": "$1.32 / 100G"
  },
  {
    "Brand_Product_Size": "Choice Mi Goreng Instant Noodles 85g x5 pack",
    "WOW Price": 1.5,
    "WOW Size": "85g x5 pack",
    "WOW ppu": "$0.35 / 100G"
  },
  {
    "Brand_Product_Size": "Nescafe Coffee Mixer Sachets Latte Hazelnut 10 pack",
    "WOW Price": 3.15,
    "WOW Size": "10 pack",
    "WOW ppu": "$0.32 / 1EA"
  },
  {
    "Brand_Product_Size": "Nescafe Coffee Mixer Sachets Latte Hazelnut 10 pack",
    "WOW Price": 3.15,
    "WOW Size": "10 pack",
    "WOW ppu": "$0.32 / 1EA"
  },
  {
    "Brand_Product_Size": "Aveeno Skin Relief Body Wash 532mL",
    "WOW Price": 16,
    "WOW Size": "532mL",
    "WOW ppu": "$3.01 / 100ML"
  },
  {
    "Brand_Product_Size": "Vittoria Italian Nespresso Compatible Coffee Capsules pack 10",
    "WOW Price": 6,
    "WOW Size": "pack 10",
    "WOW ppu": "$0.60 / 1EA"
  },
  {
    "Brand_Product_Size": "Vittoria Italian Nespresso Compatible Coffee Capsules pack 10",
    "WOW Price": 6,
    "WOW Size": "pack 10",
    "WOW ppu": "$0.60 / 1EA"
  },
  {
    "Brand_Product_Size": "Cabbage Chinese Wombok whoLe each",
    "WOW Price": 4.9,
    "WOW Size": "whoLe each",
    "WOW ppu": "$4.90 / 1EA"
  },
  {
    "Brand_Product_Size": "Robitussin Cough Syrups Cold & Chesty Cough 235mL",
    "WOW Price": 11.4,
    "WOW Size": "235mL",
    "WOW ppu": "$5.70 / 100ML"
  },
  {
    "Brand_Product_Size": "Essentials Frozen Cut Green Beans 1kg",
    "WOW Price": 1.99,
    "WOW Size": "1kg",
    "WOW ppu": "$1.99 / 1KG"
  },
  {
    "Brand_Product_Size": "I Pastai Tortellone Wagyu Beef 300g",
    "WOW Price": 7,
    "WOW Size": "300g",
    "WOW ppu": "$2.33 / 100G"
  },
  {
    "Brand_Product_Size": "Gravox Gravy Mix Supreme Chicken 200g",
    "WOW Price": 3.4,
    "WOW Size": "200g",
    "WOW ppu": "$0.17 / 10G"
  },
  {
    "Brand_Product_Size": "Ogx Extra Volume Biotin & Collagen Shampoo 385mL",
    "WOW Price": 21,
    "WOW Size": "385mL",
    "WOW ppu": "$5.45 / 100ML"
  },
  {
    "Brand_Product_Size": "Woolworths Spring Water 6x1.5L bottLes",
    "WOW Price": 4.75,
    "WOW Size": "6x1.5L bottLes",
    "WOW ppu": "$0.53 / 1L"
  },
  {
    "Brand_Product_Size": "Vegemite Spread 380g",
    "WOW Price": 6.5,
    "WOW Size": "380g",
    "WOW ppu": "$1.71 / 100G"
  },
  {
    "Brand_Product_Size": "Vegemite Spread 380g",
    "WOW Price": 6.5,
    "WOW Size": "380g",
    "WOW ppu": "$1.71 / 100G"
  },
  {
    "Brand_Product_Size": "Harry's Ice Cream Salted Caramel Fudge 475mL",
    "WOW Price": 6,
    "WOW Size": "475mL",
    "WOW ppu": "$1.26 / 100ML"
  },
  {
    "Brand_Product_Size": "Nestle Rolo 52g",
    "WOW Price": 3,
    "WOW Size": "52g",
    "WOW ppu": "$5.77 / 100G"
  },
  {
    "Brand_Product_Size": "Nivea Daily Essentials Refreshing Facial Wash Gel 150mL",
    "WOW Price": 7.7,
    "WOW Size": "150mL",
    "WOW ppu": "$5.13 / 100ML"
  },
  {
    "Brand_Product_Size": "Swisse Manuka Honey Glow Moisturiser 120mL",
    "WOW Price": 14,
    "WOW Size": "120mL",
    "WOW ppu": "$11.67 / 100ML"
  },
  {
    "Brand_Product_Size": "Mcobeauty Eyeshadow Palette Burgundy/nude 8.1g",
    "WOW Price": 7.5,
    "WOW Size": "8.1g",
    "WOW ppu": "$9.26 / 10G"
  },
  {
    "Brand_Product_Size": "Mtr Badam Drink Can 180 x6 pack",
    "WOW Price": 8.5,
    "WOW Size": "180 x6 pack",
    "WOW ppu": "$7.87 / 1L"
  },
  {
    "Brand_Product_Size": "Calidad Brother 73/40 Bcmy 4 pack",
    "WOW Price": 55,
    "WOW Size": "4 pack",
    "WOW ppu": ""
  },
  {
    "Brand_Product_Size": "Mr Chen's Chicken & Lemon Grass Dumplings 300g",
    "WOW Price": 7.5,
    "WOW Size": "300g",
    "WOW ppu": "$2.50 / 100G"
  },
  {
    "Brand_Product_Size": "Piksters Hydropik Water Flosser each",
    "WOW Price": 100,
    "WOW Size": "each",
    "WOW ppu": "$100.00 / 1EA"
  },
  {
    "Brand_Product_Size": "Dove Summer Glow Body Lotion Fair To Medium 250mL",
    "WOW Price": 8,
    "WOW Size": "250mL",
    "WOW ppu": "$3.20 / 100ML"
  },
  {
    "Brand_Product_Size": "Spc Baked Beans In Rich Tomato Salt Reduced 4x140g",
    "WOW Price": 3.6,
    "WOW Size": "4x140g",
    "WOW ppu": "$0.64 / 100G"
  },
  {
    "Brand_Product_Size": "Campbell's Real Beef Liquid Stock Salt Reduced 1L",
    "WOW Price": 3,
    "WOW Size": "1L",
    "WOW ppu": "$0.30 / 100ML"
  },
  {
    "Brand_Product_Size": "Optus X Lite each",
    "WOW Price": 19,
    "WOW Size": "each",
    "WOW ppu": ""
  },
  {
    "Brand_Product_Size": "Two Spoons Junket Tablets 9g",
    "WOW Price": 4,
    "WOW Size": "9g",
    "WOW ppu": "$44.44 / 100G"
  },
  {
    "Brand_Product_Size": "Maped Transparent School Pack each",
    "WOW Price": 10,
    "WOW Size": "each",
    "WOW ppu": ""
  },
  {
    "Brand_Product_Size": "Continental Nutrish Stock Liquid Vegan Beef Style 500mL",
    "WOW Price": 2.3,
    "WOW Size": "500mL",
    "WOW ppu": "$0.46 / 100ML"
  },
  {
    "Brand_Product_Size": "Chef Brown Sauce 330g",
    "WOW Price": 4.4,
    "WOW Size": "330g",
    "WOW ppu": "$1.33 / 100G"
  },
  {
    "Brand_Product_Size": "Babybel Cheese & Mini Crackers 40g",
    "WOW Price": 2.5,
    "WOW Size": "40g",
    "WOW ppu": "$62.50 / 1KG"
  },
  {
    "Brand_Product_Size": "Cadbury Dairy Milk Freddo Milky Top Share Pack 12 pack",
    "WOW Price": 5,
    "WOW Size": "12 pack",
    "WOW ppu": "$3.47 / 100G"
  },
  {
    "Brand_Product_Size": "Lucky Walnuts, Cashews & Almonds 6 pack",
    "WOW Price": 6.4,
    "WOW Size": "6 pack",
    "WOW ppu": "$35.56 / 1KG"
  },
  {
    "Brand_Product_Size": "For Her Crew Socks White Size 9-11 5 pack",
    "WOW Price": 7,
    "WOW Size": "5 pack",
    "WOW ppu": ""
  },
  {
    "Brand_Product_Size": "Swiss Gruyere Wheel per kg",
    "WOW Price": 69,
    "WOW Size": "per kg",
    "WOW ppu": "$69.00 / 1KG"
  },
  {
    "Brand_Product_Size": "Swiss Gruyere Wheel per kg",
    "WOW Price": 69,
    "WOW Size": "per kg",
    "WOW ppu": "$69.00 / 1KG"
  },
  {
    "Brand_Product_Size": "Kushi Cake Rusk 400g",
    "WOW Price": 3,
    "WOW Size": "400g",
    "WOW ppu": "$0.75 / 100G"
  },
  {
    "Brand_Product_Size": "Cornwell's Organic Apple Cider Vinegar 500mL",
    "WOW Price": 4.8,
    "WOW Size": "500mL",
    "WOW ppu": "$0.96 / 100ML"
  },
  {
    "Brand_Product_Size": "Patak's Rogan Josh Curry Simmer Sauce Simmer Sauce 450g",
    "WOW Price": 3.5,
    "WOW Size": "450g",
    "WOW ppu": "$0.78 / 100G"
  },
  {
    "Brand_Product_Size": "Lean Cuisine Thai Green Chicken Curry With Rice 280g",
    "WOW Price": 4.5,
    "WOW Size": "280g",
    "WOW ppu": "$1.61 / 100G"
  },
  {
    "Brand_Product_Size": "Waterfords Mineral Water Lemon Lime & Bitters 1L",
    "WOW Price": 1.95,
    "WOW Size": "1L",
    "WOW ppu": "$1.95 / 1L"
  },
  {
    "Brand_Product_Size": "Revlon Colorstay Ultimate Suede Supermodel 2.55g",
    "WOW Price": 13.5,
    "WOW Size": "2.55g",
    "WOW ppu": "$52.94 / 10G"
  },
  {
    "Brand_Product_Size": "Dairyworks Tasty Cheese Grated 500g",
    "WOW Price": 7,
    "WOW Size": "500g",
    "WOW ppu": "$14.00 / 1KG"
  },
  {
    "Brand_Product_Size": "Hunter Belle Cheddar Onion & Thyme 140g",
    "WOW Price": 7,
    "WOW Size": "140g",
    "WOW ppu": "$50.00 / 1KG"
  },
  {
    "Brand_Product_Size": "Hunter Belle Cheddar Onion & Thyme 140g",
    "WOW Price": 7,
    "WOW Size": "140g",
    "WOW ppu": "$50.00 / 1KG"
  },
  {
    "Brand_Product_Size": "Lemnos Reduced Fat Fetta Cheese 200g",
    "WOW Price": 4.5,
    "WOW Size": "200g",
    "WOW ppu": "$22.50 / 1KG"
  },
  {
    "Brand_Product_Size": "Lemnos Reduced Fat Fetta Cheese 200g",
    "WOW Price": 4.5,
    "WOW Size": "200g",
    "WOW ppu": "$22.50 / 1KG"
  },
  {
    "Brand_Product_Size": "Bega Peanut Butter No Added Sugar Or Salt Smooth 325g",
    "WOW Price": 4,
    "WOW Size": "325g",
    "WOW ppu": "$1.23 / 100G"
  },
  {
    "Brand_Product_Size": "Glad To Be Green Compostable Small 20 pack",
    "WOW Price": 4,
    "WOW Size": "20 pack",
    "WOW ppu": "$0.20 / 1EA"
  },
  {
    "Brand_Product_Size": "Gravox Gravy Cracked Pepper & Shiraz 160g",
    "WOW Price": 2.5,
    "WOW Size": "160g",
    "WOW ppu": "$0.16 / 10G"
  },
  {
    "Brand_Product_Size": "Mr Chen's Beef Teriyaki Dumplings 300g",
    "WOW Price": 7.5,
    "WOW Size": "300g",
    "WOW ppu": "$2.50 / 100G"
  },
  {
    "Brand_Product_Size": "Vileda Mop Bath Magic Refill each",
    "WOW Price": 9,
    "WOW Size": "each",
    "WOW ppu": ""
  },
  {
    "Brand_Product_Size": "The Juice Brothers Summer Smash 1.5L",
    "WOW Price": 7,
    "WOW Size": "1.5L",
    "WOW ppu": "$4.67 / 1L"
  },
  {
    "Brand_Product_Size": "Noshu 95% Sugar Free Milk Chocolate Melts 150g",
    "WOW Price": 5,
    "WOW Size": "150g",
    "WOW ppu": "$3.33 / 100G"
  },
  {
    "Brand_Product_Size": "Nature Nate's 100% Pure Australian Raw & Unfiltered Honey 500g",
    "WOW Price": 9,
    "WOW Size": "500g",
    "WOW ppu": "$1.80 / 100G"
  },
  {
    "Brand_Product_Size": "Spirax Notebook A5 Assorted Colours 200pg each",
    "WOW Price": 4.5,
    "WOW Size": "200pg each",
    "WOW ppu": ""
  },
  {
    "Brand_Product_Size": "Dove Women Deodorant Stick Fresh Pomegranate 40g",
    "WOW Price": 6,
    "WOW Size": "40g",
    "WOW ppu": "$15.00 / 100G"
  },
  {
    "Brand_Product_Size": "Mountain Dew Soft Drink Energised Bottle 1.25L",
    "WOW Price": 2.35,
    "WOW Size": "1.25L",
    "WOW ppu": "$1.88 / 1L"
  },
  {
    "Brand_Product_Size": "Monini Classico Extra Virgin Olive Oil 750mL",
    "WOW Price": 12,
    "WOW Size": "750mL",
    "WOW ppu": "$1.60 / 100ML"
  },
  {
    "Brand_Product_Size": "Woolworths Balsamic Vinegar 250mL",
    "WOW Price": 2.4,
    "WOW Size": "250mL",
    "WOW ppu": "$0.96 / 100ML"
  },
  {
    "Brand_Product_Size": "Organic Choice Air Freshener Baltic Saffron & Juniperberry 200mL",
    "WOW Price": 10,
    "WOW Size": "200mL",
    "WOW ppu": "$5.00 / 100ML"
  },
  {
    "Brand_Product_Size": "Greenies Teenie Dog Dental Treat 340g",
    "WOW Price": 26,
    "WOW Size": "340g",
    "WOW ppu": "$7.65 / 100G"
  },
  {
    "Brand_Product_Size": "Dettol Parents Approval Handwash Refill Jasmine 950mL",
    "WOW Price": 8.5,
    "WOW Size": "950mL",
    "WOW ppu": "$0.89 / 100ML"
  },
  {
    "Brand_Product_Size": "Woolworths Raspberry Flavoured Liquorice Twists 270g",
    "WOW Price": 2,
    "WOW Size": "270g",
    "WOW ppu": "$0.74 / 100G"
  },
  {
    "Brand_Product_Size": "Hoyt's Nutmeg Whole 30g",
    "WOW Price": 2.5,
    "WOW Size": "30g",
    "WOW ppu": "$0.83 / 10G"
  },
  {
    "Brand_Product_Size": "Paperclick Large Pu Pencil Case Assorted each",
    "WOW Price": 5,
    "WOW Size": "each",
    "WOW ppu": ""
  },
  {
    "Brand_Product_Size": "Kambrook Stick Mixer Mix And Store each",
    "WOW Price": 49,
    "WOW Size": "each",
    "WOW ppu": ""
  },
  {
    "Brand_Product_Size": "Continental Recipe Base Spaghetti Bolognese 50g",
    "WOW Price": 1.6,
    "WOW Size": "50g",
    "WOW ppu": "$3.20 / 100G"
  },
  {
    "Brand_Product_Size": "Camelbak Eddy Stainless Steel Bottle Assorted each",
    "WOW Price": 45,
    "WOW Size": "each",
    "WOW ppu": ""
  },
  {
    "Brand_Product_Size": "Sunrice Microwave Indian Aromatic Basmati Rice 450g",
    "WOW Price": 3.5,
    "WOW Size": "450g",
    "WOW ppu": "$0.78 / 100G"
  },
  {
    "Brand_Product_Size": "Murray River Organics 100% Organic Virgin Coconut Oil 700mL",
    "WOW Price": 11,
    "WOW Size": "700mL",
    "WOW ppu": "$1.57 / 100ML"
  },
  {
    "Brand_Product_Size": "Paperclick Merit Stickers Assorted each",
    "WOW Price": 2,
    "WOW Size": "each",
    "WOW ppu": ""
  },
  {
    "Brand_Product_Size": "Hoyt's Cardamom Pods 10g",
    "WOW Price": 2.6,
    "WOW Size": "10g",
    "WOW ppu": "$2.60 / 10G"
  },
  {
    "Brand_Product_Size": "Sole Mare Portuguese Style Sardines 120g",
    "WOW Price": 2.8,
    "WOW Size": "120g",
    "WOW ppu": "$23.33 / 1KG"
  },
  {
    "Brand_Product_Size": "Olsent Led Gu5.3 Mr16 6w 500lm Ww 60' 2 pack",
    "WOW Price": 10,
    "WOW Size": "2 pack",
    "WOW ppu": "$5.00 / 1EA"
  },
  {
    "Brand_Product_Size": "Panadol With Optizorb Paracetamol Pain Relief 20 pack",
    "WOW Price": 4,
    "WOW Size": "20 pack",
    "WOW ppu": "$0.20 / 1EA"
  },
  {
    "Brand_Product_Size": "Clean Laundry Powder Sunny Glow 2kg",
    "WOW Price": 5.5,
    "WOW Size": "2kg",
    "WOW ppu": "$2.75 / 1KG"
  },
  {
    "Brand_Product_Size": "Maharajah's Choice Black Mustard Seed Spice 250g",
    "WOW Price": 1.7,
    "WOW Size": "250g",
    "WOW ppu": "$0.07 / 10G"
  },
  {
    "Brand_Product_Size": "Rexona Men Clinical Clean Scent 180mL",
    "WOW Price": 5,
    "WOW Size": "180mL",
    "WOW ppu": "$2.78 / 100ML"
  },
  {
    "Brand_Product_Size": "Arnott's Shapes Mini Bites Sour Cream & OnionCrackers 140g",
    "WOW Price": 2.5,
    "WOW Size": "140g",
    "WOW ppu": "$1.79 / 100G"
  },
  {
    "Brand_Product_Size": "Initial Brewing Craft Xpa Can 375mL",
    "WOW Price": 4.5,
    "WOW Size": "375mL",
    "WOW ppu": ""
  },
  {
    "Brand_Product_Size": "Tetley Tagless Tea Bags 100 pack",
    "WOW Price": 3.3,
    "WOW Size": "100 pack",
    "WOW ppu": "$0.03 / 1EA"
  },
  {
    "Brand_Product_Size": "Tetley Tagless Tea Bags 100 pack",
    "WOW Price": 3.3,
    "WOW Size": "100 pack",
    "WOW ppu": "$0.03 / 1EA"
  },
  {
    "Brand_Product_Size": "Head & Shoulders Apple Fresh Shampoo 660mL",
    "WOW Price": 11.9,
    "WOW Size": "660mL",
    "WOW ppu": "$1.80 / 100ML"
  },
  {
    "Brand_Product_Size": "Sacred Grounds Breezy Blend Ground Coffee 200g",
    "WOW Price": 10,
    "WOW Size": "200g",
    "WOW ppu": "$5.00 / 100G"
  },
  {
    "Brand_Product_Size": "Sacred Grounds Breezy Blend Ground Coffee 200g",
    "WOW Price": 10,
    "WOW Size": "200g",
    "WOW ppu": "$5.00 / 100G"
  },
  {
    "Brand_Product_Size": "Whittaker's Block Dark Salted Caramel 250g",
    "WOW Price": 6,
    "WOW Size": "250g",
    "WOW ppu": "$2.40 / 100G"
  },
  {
    "Brand_Product_Size": "Ayam Thai Yellow Curry Paste 185g",
    "WOW Price": 3.5,
    "WOW Size": "185g",
    "WOW ppu": "$1.89 / 100G"
  },
  {
    "Brand_Product_Size": "Jack Hammer Long Nose Pliers 160mm each",
    "WOW Price": 8,
    "WOW Size": "each",
    "WOW ppu": ""
  },
  {
    "Brand_Product_Size": "Revlon Colorstay Natural Beige Foundation 30mL",
    "WOW Price": 17.5,
    "WOW Size": "30mL",
    "WOW ppu": "$5.83 / 10ML"
  },
  {
    "Brand_Product_Size": "Mccain Superfries Shoestring 900g",
    "WOW Price": 3.3,
    "WOW Size": "900g",
    "WOW ppu": "$3.67 / 1KG"
  },
  {
    "Brand_Product_Size": "My Dog Lamb Loaf Classics Wet Dog Food Tray 100g",
    "WOW Price": 1,
    "WOW Size": "100g",
    "WOW ppu": "$1.00 / 100G"
  },
  {
    "Brand_Product_Size": "Pandaroo Ingredients Rice Paper Spring Roll 150g",
    "WOW Price": 2.15,
    "WOW Size": "150g",
    "WOW ppu": "$1.43 / 100G"
  },
  {
    "Brand_Product_Size": "Bell Farms Chopped Spinach 250g",
    "WOW Price": 0.95,
    "WOW Size": "250g",
    "WOW ppu": "$3.80 / 1KG"
  },
  {
    "Brand_Product_Size": "Rimmel Scandaleyes Wow Wings Black Mascara 12mL",
    "WOW Price": 9,
    "WOW Size": "12mL",
    "WOW ppu": "$7.50 / 10ML"
  },
  {
    "Brand_Product_Size": "Natures Organics Fruits Conditioner Restore Coconut Lime 500mL",
    "WOW Price": 1.9,
    "WOW Size": "500mL",
    "WOW ppu": "$0.38 / 100ML"
  },
  {
    "Brand_Product_Size": "Chupa Chups Faces Flat Lollipops 35 pack",
    "WOW Price": 4.25,
    "WOW Size": "35 pack",
    "WOW ppu": "$2.02 / 100G"
  },
  {
    "Brand_Product_Size": "Pine O Cleen Surface Wipes 45 pack",
    "WOW Price": 4,
    "WOW Size": "45 pack",
    "WOW ppu": "$0.09 / 1EA"
  },
  {
    "Brand_Product_Size": "Jack Hammer Paint Scraper 50mm each",
    "WOW Price": 6,
    "WOW Size": "each",
    "WOW ppu": ""
  },
  {
    "Brand_Product_Size": "Golden Circle Beetroot Baby Whole 450g",
    "WOW Price": 2,
    "WOW Size": "450g",
    "WOW ppu": "$4.44 / 1KG"
  },
  {
    "Brand_Product_Size": "Avocado Shepard each",
    "WOW Price": 2,
    "WOW Size": "each",
    "WOW ppu": "$2.00 / 1EA"
  },
  {
    "Brand_Product_Size": "Avocado Shepard each",
    "WOW Price": 2,
    "WOW Size": "each",
    "WOW ppu": "$2.00 / 1EA"
  },
  {
    "Brand_Product_Size": "Evian Natural Mineral Water 1.25L",
    "WOW Price": 3.7,
    "WOW Size": "1.25L",
    "WOW ppu": "$2.96 / 1L"
  },
  {
    "Brand_Product_Size": "Evian Natural Mineral Water 1.25L",
    "WOW Price": 3.7,
    "WOW Size": "1.25L",
    "WOW ppu": "$2.96 / 1L"
  },
  {
    "Brand_Product_Size": "Masterfoods Tomato Relish 250g",
    "WOW Price": 2.7,
    "WOW Size": "250g",
    "WOW ppu": "$10.80 / 1KG"
  },
  {
    "Brand_Product_Size": "Fitzco Home Style Chicken Burgers 500g",
    "WOW Price": 6,
    "WOW Size": "500g",
    "WOW ppu": "$12.00 / 1KG"
  },
  {
    "Brand_Product_Size": "Cadbury Dairy Milk Hazelnut Sticks 4 pack",
    "WOW Price": 6,
    "WOW Size": "4 pack",
    "WOW ppu": "$1.67 / 100ML"
  },
  {
    "Brand_Product_Size": "Whiskas So Fishy 1+ Years Wet Cat Food Seafood Servings In Loaf Pouch 85g x12",
    "WOW Price": 7.35,
    "WOW Size": "85g x12",
    "WOW ppu": "$0.72 / 100G"
  },
  {
    "Brand_Product_Size": "Primo Pulled Chicken 150g",
    "WOW Price": 4.5,
    "WOW Size": "150g",
    "WOW ppu": "$30.00 / 1KG"
  },
  {
    "Brand_Product_Size": "Decor Glass Deluxe Clips Leak Proof Oblong 630mL",
    "WOW Price": 10,
    "WOW Size": "630mL",
    "WOW ppu": ""
  },
  {
    "Brand_Product_Size": "Clio Italian Soft Shine 12d Pantyhose Natural Tall each",
    "WOW Price": 8,
    "WOW Size": "each",
    "WOW ppu": ""
  },
  {
    "Brand_Product_Size": "Lemnos Organic Haloumi Cheese 180g",
    "WOW Price": 6,
    "WOW Size": "180g",
    "WOW ppu": "$33.33 / 1KG"
  },
  {
    "Brand_Product_Size": "Lemnos Organic Haloumi Cheese 180g",
    "WOW Price": 6,
    "WOW Size": "180g",
    "WOW ppu": "$33.33 / 1KG"
  },
  {
    "Brand_Product_Size": "Woolworths Stonebaked Turkish Rolls 4 pack",
    "WOW Price": 2.5,
    "WOW Size": "4 pack",
    "WOW ppu": "$0.63 / 100G"
  },
  {
    "Brand_Product_Size": "Bare Bakers Coconut Brownie Slice 270g",
    "WOW Price": 6.5,
    "WOW Size": "270g",
    "WOW ppu": "$2.41 / 100G"
  },
  {
    "Brand_Product_Size": "Haagen-dazs Salted Caramel Ice Cream 457mL",
    "WOW Price": 11.5,
    "WOW Size": "457mL",
    "WOW ppu": "$2.52 / 100ML"
  },
  {
    "Brand_Product_Size": "Vileda Mop Supersize Cotton each",
    "WOW Price": 18,
    "WOW Size": "each",
    "WOW ppu": ""
  },
  {
    "Brand_Product_Size": "Aroma Essentials Vanilla Caramel Candle 300g",
    "WOW Price": 13,
    "WOW Size": "300g",
    "WOW ppu": "$13.00 / 1EA"
  },
  {
    "Brand_Product_Size": "Edgell Hash Brown each",
    "WOW Price": 0.5,
    "WOW Size": "each",
    "WOW ppu": "$0.50 / 1EA"
  },
  {
    "Brand_Product_Size": "Garnier Nutrisse Hair Colour 3.6 Crimson Promise each",
    "WOW Price": 7.46,
    "WOW Size": "each",
    "WOW ppu": ""
  },
  {
    "Brand_Product_Size": "Heinz 6 Months+ Chicken, Sweetcorn And Mango 120g",
    "WOW Price": 1.5,
    "WOW Size": "120g",
    "WOW ppu": "$1.25 / 100G"
  },
  {
    "Brand_Product_Size": "Luv-a-duck Peking Duck Pancake Kit 560g",
    "WOW Price": 17.5,
    "WOW Size": "560g",
    "WOW ppu": "$31.25 / 1KG"
  },
  {
    "Brand_Product_Size": "Sunrice Japanese Style Sushi Rice 750g",
    "WOW Price": 3.5,
    "WOW Size": "750g",
    "WOW ppu": "$0.47 / 100G"
  },
  {
    "Brand_Product_Size": "Colgate Electric Toothbrush Assorted each",
    "WOW Price": 12,
    "WOW Size": "each",
    "WOW ppu": "$12.00 / 1EA"
  },
  {
    "Brand_Product_Size": "Fountain Tomato Sauce 2L",
    "WOW Price": 5.4,
    "WOW Size": "2L",
    "WOW ppu": "$0.27 / 100ML"
  },
  {
    "Brand_Product_Size": "Essentials Coconut Milk 400mL",
    "WOW Price": 0.95,
    "WOW Size": "400mL",
    "WOW ppu": "$0.24 / 100ML"
  },
  {
    "Brand_Product_Size": "Essentials Scourer 6 pack",
    "WOW Price": 0.7,
    "WOW Size": "6 pack",
    "WOW ppu": "$0.12 / 1EA"
  },
  {
    "Brand_Product_Size": "Bell Farms Snap Frozen Winter Veggies 1kg",
    "WOW Price": 3,
    "WOW Size": "1kg",
    "WOW ppu": "$3.00 / 1KG"
  },
  {
    "Brand_Product_Size": "Farmers Union Pouch Hint Of Real Mango 130g",
    "WOW Price": 1.5,
    "WOW Size": "130g",
    "WOW ppu": "$1.15 / 100G"
  },
  {
    "Brand_Product_Size": "Schmackos Strapz Liver Dog Treats 200g",
    "WOW Price": 3,
    "WOW Size": "200g",
    "WOW ppu": "$1.50 / 100G"
  },
  {
    "Brand_Product_Size": "Woolworths Baby Spinach Salad With Rocket 60g bag",
    "WOW Price": 2,
    "WOW Size": "60g bag",
    "WOW ppu": "$33.33 / 1KG"
  },
  {
    "Brand_Product_Size": "Woolworths Baby Spinach Salad With Rocket 60g bag",
    "WOW Price": 2,
    "WOW Size": "60g bag",
    "WOW ppu": "$33.33 / 1KG"
  },
  {
    "Brand_Product_Size": "Woolworths Baby Spinach Salad With Rocket 60g bag",
    "WOW Price": 2,
    "WOW Size": "60g bag",
    "WOW ppu": "$33.33 / 1KG"
  },
  {
    "Brand_Product_Size": "Glow Lab Hair Serum 50mL",
    "WOW Price": 18,
    "WOW Size": "50mL",
    "WOW ppu": "$36.00 / 100ML"
  },
  {
    "Brand_Product_Size": "Pork Stiry Fry 400g",
    "WOW Price": 8,
    "WOW Size": "400g",
    "WOW ppu": "$20.00 / 1KG"
  },
  {
    "Brand_Product_Size": "The Spice Tailor Fiery Goan Curry 300g",
    "WOW Price": 2.75,
    "WOW Size": "300g",
    "WOW ppu": "$0.92 / 100G"
  },
  {
    "Brand_Product_Size": "Birds Eye Deli Whiting Crisp Light Batter 250g",
    "WOW Price": 7.5,
    "WOW Size": "250g",
    "WOW ppu": "$30.00 / 1KG"
  },
  {
    "Brand_Product_Size": "Kleenex Facial Tissues Extra Care Eucalyptus 95 pack",
    "WOW Price": 2.6,
    "WOW Size": "95 pack",
    "WOW ppu": "$2.74 / 100SS"
  },
  {
    "Brand_Product_Size": "Kleenex Facial Tissues Extra Care Eucalyptus 95 pack",
    "WOW Price": 2.6,
    "WOW Size": "95 pack",
    "WOW ppu": "$2.74 / 100SS"
  },
  {
    "Brand_Product_Size": "Pureau Ultra Pure Water 10L",
    "WOW Price": 8.55,
    "WOW Size": "10L",
    "WOW ppu": "$0.86 / 1L"
  },
  {
    "Brand_Product_Size": "Papermate Profile Pen Black 2 pack",
    "WOW Price": 3.64,
    "WOW Size": "2 pack",
    "WOW ppu": "$1.82 / 1EA"
  },
  {
    "Brand_Product_Size": "Healtheries Rice Wheels Burger Multipack 6 pack",
    "WOW Price": 3.8,
    "WOW Size": "6 pack",
    "WOW ppu": "$3.02 / 100G"
  },
  {
    "Brand_Product_Size": "Woolworths Tonic Water 1.25L",
    "WOW Price": 1,
    "WOW Size": "1.25L",
    "WOW ppu": "$0.80 / 1L"
  },
  {
    "Brand_Product_Size": "Lucky Dog Meaty Chew Mini Roo 5 pack",
    "WOW Price": 4.5,
    "WOW Size": "5 pack",
    "WOW ppu": "$6.43 / 100G"
  },
  {
    "Brand_Product_Size": "Toni & Guy Paddle Brush each",
    "WOW Price": 14,
    "WOW Size": "each",
    "WOW ppu": ""
  },
  {
    "Brand_Product_Size": "Arcosteel Stonehenge Cookware Frypan 30cm each",
    "WOW Price": 30,
    "WOW Size": "each",
    "WOW ppu": ""
  },
  {
    "Brand_Product_Size": "Vanish Preen Oxi Action Stain Remover Refill 375mL",
    "WOW Price": 4,
    "WOW Size": "375mL",
    "WOW ppu": "$10.67 / 1L"
  },
  {
    "Brand_Product_Size": "Smitten Chicken Selection Adult Wet Cat Food 12 pack",
    "WOW Price": 5.4,
    "WOW Size": "12 pack",
    "WOW ppu": "$0.53 / 100G"
  },
  {
    "Brand_Product_Size": "Dairy Farmers Sour Cream 250g",
    "WOW Price": 3,
    "WOW Size": "250g",
    "WOW ppu": "$1.20 / 100G"
  },
  {
    "Brand_Product_Size": "Dencorub Gels Extra Strength Heat 100g",
    "WOW Price": 4.8,
    "WOW Size": "100g",
    "WOW ppu": "$4.80 / 100G"
  },
  {
    "Brand_Product_Size": "Chevron Extension Lead 5m 10 Amps each",
    "WOW Price": 7,
    "WOW Size": "each",
    "WOW ppu": ""
  },
  {
    "Brand_Product_Size": "Swisse Ultiboost High Strength Cranberry Capsules 30 pack",
    "WOW Price": 28,
    "WOW Size": "30 pack",
    "WOW ppu": "$93.33 / 100EA"
  },
  {
    "Brand_Product_Size": "Fussy Cat Grain Free Cat Food Chicken & Turkey With Cranberries 2.5kg",
    "WOW Price": 19.99,
    "WOW Size": "2.5kg",
    "WOW ppu": "$0.80 / 100G"
  },
  {
    "Brand_Product_Size": "Ben & Jerry's Chunky Monkey Ice Cream Tub 458mL",
    "WOW Price": 12,
    "WOW Size": "458mL",
    "WOW ppu": "$2.62 / 100ML"
  },
  {
    "Brand_Product_Size": "Woolworths Hearty Lamb & Barley Soup 500g",
    "WOW Price": 5,
    "WOW Size": "500g",
    "WOW ppu": "$1.00 / 100G"
  },
  {
    "Brand_Product_Size": "Kleenex Facial Tissue Kids 200 pack",
    "WOW Price": 2,
    "WOW Size": "200 pack",
    "WOW ppu": "$1.00 / 100SS"
  },
  {
    "Brand_Product_Size": "Kleenex Facial Tissue Kids 200 pack",
    "WOW Price": 2,
    "WOW Size": "200 pack",
    "WOW ppu": "$1.00 / 100SS"
  },
  {
    "Brand_Product_Size": "No Vac Sanitiser & Deodoriser Carpet Fresh Pet 290g",
    "WOW Price": 4.9,
    "WOW Size": "290g",
    "WOW ppu": "$1.69 / 100G"
  },
  {
    "Brand_Product_Size": "Dr. Oetker Ristorante Mozzarella Gluten Free 370g",
    "WOW Price": 9.5,
    "WOW Size": "370g",
    "WOW ppu": "$2.57 / 100G"
  },
  {
    "Brand_Product_Size": "Mint Non-stick Coating Frypan 20cm each",
    "WOW Price": 9,
    "WOW Size": "each",
    "WOW ppu": ""
  },
  {
    "Brand_Product_Size": "Libra Goodnights Pads Ultra Thin Wings 10 pack",
    "WOW Price": 2.9,
    "WOW Size": "10 pack",
    "WOW ppu": "$0.29 / 1EA"
  },
  {
    "Brand_Product_Size": "Barilla Bows Farfalle Pasta No 65 500g",
    "WOW Price": 2.4,
    "WOW Size": "500g",
    "WOW ppu": "$0.48 / 100G"
  },
  {
    "Brand_Product_Size": "Harpic Fresh Power Toilet Cleaner Itb Marine Splash each",
    "WOW Price": 2.5,
    "WOW Size": "each",
    "WOW ppu": "$2.50 / 1EA"
  },
  {
    "Brand_Product_Size": "Olay Regenerist Face Cream Day Uv Protection 75mL",
    "WOW Price": 22.75,
    "WOW Size": "75mL",
    "WOW ppu": "$30.33 / 100ML"
  },
  {
    "Brand_Product_Size": "Karicare 1 Baby Infant Formula Sachets From Birth To 6 Months 21.9g x5 pack",
    "WOW Price": 3,
    "WOW Size": "21.9g x5 pack",
    "WOW ppu": "$2.74 / 100G"
  },
  {
    "Brand_Product_Size": "Elastoplast Sensitive Skin Tone Light Plasters 20 pack",
    "WOW Price": 3.5,
    "WOW Size": "20 pack",
    "WOW ppu": "$0.18 / 1EA"
  },
  {
    "Brand_Product_Size": "Mc Yee Noodles Wonton 300g",
    "WOW Price": 1.9,
    "WOW Size": "300g",
    "WOW ppu": "$6.33 / 1KG"
  },
  {
    "Brand_Product_Size": "Vittoria Espresso Ground Coffee 500g",
    "WOW Price": 9,
    "WOW Size": "500g",
    "WOW ppu": "$1.80 / 100G"
  },
  {
    "Brand_Product_Size": "Vittoria Espresso Ground Coffee 500g",
    "WOW Price": 9,
    "WOW Size": "500g",
    "WOW ppu": "$1.80 / 100G"
  },
  {
    "Brand_Product_Size": "Woolworths Green Banana Prawns Large Thawed per kg",
    "WOW Price": 22,
    "WOW Size": "per kg",
    "WOW ppu": "$22.00 / 1KG"
  },
  {
    "Brand_Product_Size": "Woolworths Beef Porterhouse Steak 300g",
    "WOW Price": 15,
    "WOW Size": "300g",
    "WOW ppu": "$50.00 / 1KG"
  },
  {
    "Brand_Product_Size": "Vitapet Giant Chicken Sticks 100g",
    "WOW Price": 6.5,
    "WOW Size": "100g",
    "WOW ppu": "$6.50 / 100G"
  },
  {
    "Brand_Product_Size": "Willow Waste Bin Flip Top Tidy Large each",
    "WOW Price": 12,
    "WOW Size": "each",
    "WOW ppu": "$12.00 / 1EA"
  },
  {
    "Brand_Product_Size": "King Island Phoques Cove Camembert Cheese 200g",
    "WOW Price": 12.6,
    "WOW Size": "200g",
    "WOW ppu": "$63.00 / 1KG"
  },
  {
    "Brand_Product_Size": "King Island Phoques Cove Camembert Cheese 200g",
    "WOW Price": 12.6,
    "WOW Size": "200g",
    "WOW ppu": "$63.00 / 1KG"
  },
  {
    "Brand_Product_Size": "Woolworths Frozen Mango 1kg",
    "WOW Price": 6.6,
    "WOW Size": "1kg",
    "WOW ppu": "$6.60 / 1KG"
  },
  {
    "Brand_Product_Size": "Simple Kind To Skin Facial Wash Moisturising 150mL",
    "WOW Price": 11,
    "WOW Size": "150mL",
    "WOW ppu": "$7.33 / 100ML"
  },
  {
    "Brand_Product_Size": "Sistema Klip It Plus Biscuit Box Square 2.2L",
    "WOW Price": 4.5,
    "WOW Size": "2.2L",
    "WOW ppu": "$4.50 / 1EA"
  },
  {
    "Brand_Product_Size": "Help@hand Paracetamol Caps 500mg Caps 500mg 20 pack",
    "WOW Price": 1.25,
    "WOW Size": "20 pack",
    "WOW ppu": "$0.06 / 1EA"
  },
  {
    "Brand_Product_Size": "Primo Turkey Breast 80g",
    "WOW Price": 3.25,
    "WOW Size": "80g",
    "WOW ppu": "$40.63 / 1KG"
  },
  {
    "Brand_Product_Size": "Primo Turkey Breast 80g",
    "WOW Price": 3.25,
    "WOW Size": "80g",
    "WOW ppu": "$40.63 / 1KG"
  },
  {
    "Brand_Product_Size": "Decor Go Click Snack Box each",
    "WOW Price": 2.75,
    "WOW Size": "each",
    "WOW ppu": ""
  },
  {
    "Brand_Product_Size": "Mint Rolling Pin each",
    "WOW Price": 4,
    "WOW Size": "each",
    "WOW ppu": ""
  },
  {
    "Brand_Product_Size": "L'oreal Revitalift Face Cream X3 Night 50mL",
    "WOW Price": 27,
    "WOW Size": "50mL",
    "WOW ppu": "$54.00 / 100ML"
  },
  {
    "Brand_Product_Size": "Exelpet Vet Series Treatment Spot On Flea Large Dog 2 pack",
    "WOW Price": 32,
    "WOW Size": "2 pack",
    "WOW ppu": "$16.00 / 1EA"
  },
  {
    "Brand_Product_Size": "Linda Mccartney's Sausage Roll Vegetarian 6 pack",
    "WOW Price": 5,
    "WOW Size": "6 pack",
    "WOW ppu": "$1.46 / 100G"
  },
  {
    "Brand_Product_Size": "Woolworths Garlic Aioli 250mL",
    "WOW Price": 1.95,
    "WOW Size": "250mL",
    "WOW ppu": "$0.78 / 100ML"
  },
  {
    "Brand_Product_Size": "Doritos Corn Chips Original Share Pack 170g",
    "WOW Price": 2.75,
    "WOW Size": "170g",
    "WOW ppu": "$1.62 / 100G"
  },
  {
    "Brand_Product_Size": "Negrita Ground Coffee Turkish Dark Roast 200g",
    "WOW Price": 3.6,
    "WOW Size": "200g",
    "WOW ppu": "$1.80 / 100G"
  },
  {
    "Brand_Product_Size": "Negrita Ground Coffee Turkish Dark Roast 200g",
    "WOW Price": 3.6,
    "WOW Size": "200g",
    "WOW ppu": "$1.80 / 100G"
  },
  {
    "Brand_Product_Size": "Mcvitie's Hobnobs Milk Chocolate 300g",
    "WOW Price": 1.97,
    "WOW Size": "300g",
    "WOW ppu": "$0.66 / 100G"
  },
  {
    "Brand_Product_Size": "Bell Farms Hash Browns 1kg",
    "WOW Price": 2.95,
    "WOW Size": "1kg",
    "WOW ppu": "$2.95 / 1KG"
  },
  {
    "Brand_Product_Size": "Bonds Kids Socks Lowcut Logo 9 - 12 3 pack",
    "WOW Price": 9.1,
    "WOW Size": "3 pack",
    "WOW ppu": "$3.03 / 1EA"
  },
  {
    "Brand_Product_Size": "Energizer Phone Case Iphone 6/7/8 each",
    "WOW Price": 20,
    "WOW Size": "each",
    "WOW ppu": ""
  },
  {
    "Brand_Product_Size": "Dine Finest Serve With Meat In Gravy Wet Cat Food Mini Pouch 6 pack",
    "WOW Price": 3.35,
    "WOW Size": "6 pack",
    "WOW ppu": "$1.12 / 100G"
  },
  {
    "Brand_Product_Size": "Yumi's Roasted Beetroot Hommus Dip 200g",
    "WOW Price": 4,
    "WOW Size": "200g",
    "WOW ppu": "$2.00 / 100G"
  },
  {
    "Brand_Product_Size": "Kong Foo Sing Snacks Fortune Cookies 100g",
    "WOW Price": 4.5,
    "WOW Size": "100g",
    "WOW ppu": "$4.50 / 100G"
  },
  {
    "Brand_Product_Size": "Dine Perfect Portions In Gravy Chicken Wet Cat Food Trays 2x37.5g",
    "WOW Price": 1.2,
    "WOW Size": "2x37.5g",
    "WOW ppu": "$1.60 / 100G"
  },
  {
    "Brand_Product_Size": "Uncle Tobys Lemon & Yoghurt Drizzle Muesli Bars 5 pack",
    "WOW Price": 2.5,
    "WOW Size": "5 pack",
    "WOW ppu": "$1.43 / 100G"
  },
  {
    "Brand_Product_Size": "Uncle Tobys Lemon & Yoghurt Drizzle Muesli Bars 5 pack",
    "WOW Price": 2.5,
    "WOW Size": "5 pack",
    "WOW ppu": "$1.43 / 100G"
  },
  {
    "Brand_Product_Size": "Energizer Max Aa Batteries 30 pack",
    "WOW Price": 25,
    "WOW Size": "30 pack",
    "WOW ppu": "$0.83 / 1EA"
  },
  {
    "Brand_Product_Size": "Voost Effervescent Iron Plus Tablets 10 pack",
    "WOW Price": 3.5,
    "WOW Size": "10 pack",
    "WOW ppu": "$35.00 / 100EA"
  },
  {
    "Brand_Product_Size": "Woolworths Chicken Breast Sweet Chilli Tenders 400g",
    "WOW Price": 3.5,
    "WOW Size": "400g",
    "WOW ppu": "$8.75 / 1KG"
  },
  {
    "Brand_Product_Size": "Woolworths Roast Lamb Rack 550g - 1.2kg",
    "WOW Price": 43.2,
    "WOW Size": "550g - 1.2kg",
    "WOW ppu": "$36.00 / 1KG"
  },
  {
    "Brand_Product_Size": "Woolworths Cook Chicken Breast Steaks Chilli Garlic & Rosemary 500g",
    "WOW Price": 10,
    "WOW Size": "500g",
    "WOW ppu": "$20.00 / 1KG"
  },
  {
    "Brand_Product_Size": "Luv-a-duck Peking Duck Breasts 360g",
    "WOW Price": 16,
    "WOW Size": "360g",
    "WOW ppu": "$44.44 / 1KG"
  },
  {
    "Brand_Product_Size": "Cracker Barrel Infused Maple 130g",
    "WOW Price": 5.15,
    "WOW Size": "130g",
    "WOW ppu": "$39.62 / 1KG"
  },
  {
    "Brand_Product_Size": "Cracker Barrel Infused Maple 130g",
    "WOW Price": 5.15,
    "WOW Size": "130g",
    "WOW ppu": "$39.62 / 1KG"
  },
  {
    "Brand_Product_Size": "Sunrice Rice Cakes Original Rice Cakes 150g",
    "WOW Price": 1.8,
    "WOW Size": "150g",
    "WOW ppu": "$1.20 / 100G"
  },
  {
    "Brand_Product_Size": "Sunrice Rice Cakes Original Rice Cakes 150g",
    "WOW Price": 1.8,
    "WOW Size": "150g",
    "WOW ppu": "$1.20 / 100G"
  },
  {
    "Brand_Product_Size": "L'oreal Excellence Creme Hair Colour 8.1 Ash Blonde each",
    "WOW Price": 16,
    "WOW Size": "each",
    "WOW ppu": ""
  },
  {
    "Brand_Product_Size": "Dr. Oetker Ristorante Pizza Mozzarella 335g",
    "WOW Price": 6.8,
    "WOW Size": "335g",
    "WOW ppu": "$2.03 / 100G"
  },
  {
    "Brand_Product_Size": "Decor Snap & Seal Soft Touch Bottle 500ml each",
    "WOW Price": 4.5,
    "WOW Size": "each",
    "WOW ppu": ""
  },
  {
    "Brand_Product_Size": "Decor Snap & Seal Soft Touch Bottle 500ml each",
    "WOW Price": 4.5,
    "WOW Size": "each",
    "WOW ppu": ""
  },
  {
    "Brand_Product_Size": "Sup Shots Fit Energy - Fuel Ignite Train 8 pack x 50mL",
    "WOW Price": 15,
    "WOW Size": "8 pack x 50mL",
    "WOW ppu": "$3.75 / 100ML"
  },
  {
    "Brand_Product_Size": "Essentials Candle Unscented 5hr 48 pack",
    "WOW Price": 7,
    "WOW Size": "48 pack",
    "WOW ppu": "$14.58 / 100EA"
  },
  {
    "Brand_Product_Size": "Woolworths Semi Dried Tomatoes Mediterranean Herbs per kg",
    "WOW Price": 26,
    "WOW Size": "per kg",
    "WOW ppu": "$26.00 / 1KG"
  },
  {
    "Brand_Product_Size": "Canon Printer Ink Cl641 Tri Colour Ink Tank each",
    "WOW Price": 25.6,
    "WOW Size": "each",
    "WOW ppu": ""
  },
  {
    "Brand_Product_Size": "Devondale Sparkling Juice Apple 750mL",
    "WOW Price": 2.5,
    "WOW Size": "750mL",
    "WOW ppu": "$3.33 / 1L"
  },
  {
    "Brand_Product_Size": "Mccain Pub Style Extra Crispy Chips 750g",
    "WOW Price": 4.5,
    "WOW Size": "750g",
    "WOW ppu": "$6.00 / 1KG"
  },
  {
    "Brand_Product_Size": "Sanitarium Weet-bix Blends Multi-grain+ Breakfast Cereal 860g",
    "WOW Price": 6.25,
    "WOW Size": "860g",
    "WOW ppu": "$0.73 / 100G"
  },
  {
    "Brand_Product_Size": "Normandie Pate Chicken Champagne 150g",
    "WOW Price": 4.5,
    "WOW Size": "150g",
    "WOW ppu": "$30.00 / 1KG"
  },
  {
    "Brand_Product_Size": "Skyn Original Condoms 40 pack",
    "WOW Price": 29,
    "WOW Size": "40 pack",
    "WOW ppu": "$72.50 / 100EA"
  },
  {
    "Brand_Product_Size": "Green Gardener Garden Hose Fitting Brass 4 pack",
    "WOW Price": 13.5,
    "WOW Size": "4 pack",
    "WOW ppu": ""
  },
  {
    "Brand_Product_Size": "Only Organic 8 Months+ Mango & Yoghurt Brekkie 120g",
    "WOW Price": 1.5,
    "WOW Size": "120g",
    "WOW ppu": "$1.25 / 100G"
  },
  {
    "Brand_Product_Size": "Philips Led 1400lm Cool Bc 2 pack",
    "WOW Price": 7.5,
    "WOW Size": "2 pack",
    "WOW ppu": "$3.75 / 1EA"
  },
  {
    "Brand_Product_Size": "Armada Espresso Cups 20 pack",
    "WOW Price": 3,
    "WOW Size": "20 pack",
    "WOW ppu": "$0.15 / 1EA"
  },
  {
    "Brand_Product_Size": "Bonnington's Cough Syrups Irish Moss 200mL",
    "WOW Price": 6.5,
    "WOW Size": "200mL",
    "WOW ppu": "$3.25 / 100ML"
  },
  {
    "Brand_Product_Size": "Woolworths Auto Open Umbrella Polka Dots Black each",
    "WOW Price": 12.95,
    "WOW Size": "each",
    "WOW ppu": ""
  },
  {
    "Brand_Product_Size": "Ratsak Baits Fast Action Wax Blocks 6 pack",
    "WOW Price": 6.45,
    "WOW Size": "6 pack",
    "WOW ppu": "$1.08 / 1EA"
  },
  {
    "Brand_Product_Size": "Woolworths Chai Latte Sachets 10 pack",
    "WOW Price": 3.25,
    "WOW Size": "10 pack",
    "WOW ppu": "$1.30 / 100G"
  },
  {
    "Brand_Product_Size": "Woolworths Chai Latte Sachets 10 pack",
    "WOW Price": 3.25,
    "WOW Size": "10 pack",
    "WOW ppu": "$1.30 / 100G"
  },
  {
    "Brand_Product_Size": "Sheer Relief Firm Compress Tights 12d Natural X-tall each",
    "WOW Price": 9,
    "WOW Size": "each",
    "WOW ppu": ""
  },
  {
    "Brand_Product_Size": "Essentials Plastic Coated Wire Hangers each",
    "WOW Price": 3,
    "WOW Size": "each",
    "WOW ppu": ""
  },
  {
    "Brand_Product_Size": "Westgold Butter Unsalted 400g",
    "WOW Price": 5,
    "WOW Size": "400g",
    "WOW ppu": "$1.25 / 100G"
  },
  {
    "Brand_Product_Size": "Gaviscon Dual Action Heartburn & Indigestion Liquid Berry 600mL",
    "WOW Price": 15.7,
    "WOW Size": "600mL",
    "WOW ppu": "$2.62 / 100ML"
  },
  {
    "Brand_Product_Size": "Woolworths Cook Butterflied Lamb Shoulder With Lemon & Garlic 1kg - 1.55kg",
    "WOW Price": 29.45,
    "WOW Size": "1kg - 1.55kg",
    "WOW ppu": "$19.00 / 1KG"
  },
  {
    "Brand_Product_Size": "Woolworths Carrots 1kg",
    "WOW Price": 2,
    "WOW Size": "1kg",
    "WOW ppu": "$2.00 / 1KG"
  },
  {
    "Brand_Product_Size": "Woolworths Carrots 1kg",
    "WOW Price": 2,
    "WOW Size": "1kg",
    "WOW ppu": "$2.00 / 1KG"
  },
  {
    "Brand_Product_Size": "Maggie Beer Natural Vegetable Stock 500mL",
    "WOW Price": 4,
    "WOW Size": "500mL",
    "WOW ppu": "$0.80 / 100ML"
  },
  {
    "Brand_Product_Size": "Pine O Cleen Disinfectant Spray Apple Crisp 750mL",
    "WOW Price": 4,
    "WOW Size": "750mL",
    "WOW ppu": "$0.53 / 100ML"
  },
  {
    "Brand_Product_Size": "Deep Cove Sardines In Springwater 125g",
    "WOW Price": 0.85,
    "WOW Size": "125g",
    "WOW ppu": "$6.80 / 1KG"
  },
  {
    "Brand_Product_Size": "Pauls Smarter Reduced Fat Milk 1L",
    "WOW Price": 2.15,
    "WOW Size": "1L",
    "WOW ppu": "$2.15 / 1L"
  },
  {
    "Brand_Product_Size": "Woolworths Thawed Lobster Tails each",
    "WOW Price": 8.5,
    "WOW Size": "each",
    "WOW ppu": "$8.50 / 1EA"
  },
  {
    "Brand_Product_Size": "Old Time Bakery Pizza Bases Gluten Free 2 pack",
    "WOW Price": 6,
    "WOW Size": "2 pack",
    "WOW ppu": "$2.00 / 100G"
  },
  {
    "Brand_Product_Size": "The Collective Probiotic Kefir Kids Yoghurt Pouch Strawberry 100g",
    "WOW Price": 1.2,
    "WOW Size": "100g",
    "WOW ppu": "$1.20 / 100G"
  },
  {
    "Brand_Product_Size": "Steggles Salt & Vinegar Chicken Tenders 1kg",
    "WOW Price": 11,
    "WOW Size": "1kg",
    "WOW ppu": "$11.00 / 1KG"
  },
  {
    "Brand_Product_Size": "Gravox Gravy Mix Pepper Sauce 140g",
    "WOW Price": 3.5,
    "WOW Size": "140g",
    "WOW ppu": "$0.25 / 10G"
  },
  {
    "Brand_Product_Size": "On The Menu Chicken Parmigiana 320g",
    "WOW Price": 4.8,
    "WOW Size": "320g",
    "WOW ppu": "$1.50 / 100G"
  },
  {
    "Brand_Product_Size": "Mcobeauty Ultra Stay Liquid Matte Nude Brown 4.8mL",
    "WOW Price": 8,
    "WOW Size": "4.8mL",
    "WOW ppu": "$16.67 / 10ML"
  },
  {
    "Brand_Product_Size": "Rimmel Magnifeyes Eye Shadow Nude Palette 14.2g",
    "WOW Price": 11,
    "WOW Size": "14.2g",
    "WOW ppu": "$7.75 / 10G"
  },
  {
    "Brand_Product_Size": "Starbucks By Nespresso Single Origin Sumatra Coffee Pods 10 pack",
    "WOW Price": 5,
    "WOW Size": "10 pack",
    "WOW ppu": "$0.50 / 1EA"
  },
  {
    "Brand_Product_Size": "Starbucks By Nespresso Single Origin Sumatra Coffee Pods 10 pack",
    "WOW Price": 5,
    "WOW Size": "10 pack",
    "WOW ppu": "$0.50 / 1EA"
  },
  {
    "Brand_Product_Size": "Oscar Orsen Dual Sided Emery Boards 10 pack",
    "WOW Price": 2,
    "WOW Size": "10 pack",
    "WOW ppu": "$0.20 / 1EA"
  },
  {
    "Brand_Product_Size": "Macro Free Range Chicken Breast Schnitzel 500g",
    "WOW Price": 10,
    "WOW Size": "500g",
    "WOW ppu": "$20.00 / 1KG"
  },
  {
    "Brand_Product_Size": "D'orsogna Deli Fresh Ham Honey 100g",
    "WOW Price": 3.7,
    "WOW Size": "100g",
    "WOW ppu": "$37.00 / 1KG"
  },
  {
    "Brand_Product_Size": "D'orsogna Deli Fresh Ham Honey 100g",
    "WOW Price": 3.7,
    "WOW Size": "100g",
    "WOW ppu": "$37.00 / 1KG"
  },
  {
    "Brand_Product_Size": "Woolworths Free From Gluten Breadcrumbs 350g",
    "WOW Price": 4,
    "WOW Size": "350g",
    "WOW ppu": "$1.14 / 100G"
  },
  {
    "Brand_Product_Size": "Lee Kum Kee Soy Sauce 150mL",
    "WOW Price": 2.3,
    "WOW Size": "150mL",
    "WOW ppu": "$1.53 / 100ML"
  },
  {
    "Brand_Product_Size": "Macro Organic Psyllium Husk 250g",
    "WOW Price": 6,
    "WOW Size": "250g",
    "WOW ppu": "$2.40 / 100G"
  },
  {
    "Brand_Product_Size": "Birds Eye Steam Potato & Broccoli 400g",
    "WOW Price": 4.2,
    "WOW Size": "400g",
    "WOW ppu": "$10.50 / 1KG"
  },
  {
    "Brand_Product_Size": "Blackmores Omega Double High Strength Fish Oil Capsules 90 pack",
    "WOW Price": 15,
    "WOW Size": "90 pack",
    "WOW ppu": "$16.67 / 100EA"
  },
  {
    "Brand_Product_Size": "Woolworths Bbq Foil Tray Mini 4 pack",
    "WOW Price": 3.5,
    "WOW Size": "4 pack",
    "WOW ppu": "$0.88 / 1EA"
  },
  {
    "Brand_Product_Size": "Dolmio Extra Bolognese Tomato Pasta Sauce 785g",
    "WOW Price": 3.75,
    "WOW Size": "785g",
    "WOW ppu": "$0.48 / 100G"
  },
  {
    "Brand_Product_Size": "Woolworths Cashews 450g",
    "WOW Price": 9.65,
    "WOW Size": "450g",
    "WOW ppu": "$21.44 / 1KG"
  },
  {
    "Brand_Product_Size": "A+ Snacks Seaweed 4.5g",
    "WOW Price": 1,
    "WOW Size": "4.5g",
    "WOW ppu": "$22.22 / 100G"
  },
  {
    "Brand_Product_Size": "Mccain Mixed Vegetables Seasonal Mix 1kg",
    "WOW Price": 4.5,
    "WOW Size": "1kg",
    "WOW ppu": "$4.50 / 1KG"
  },
  {
    "Brand_Product_Size": "Pantene Pro-v Daily Moisture Renewal Conditioner 375mL",
    "WOW Price": 4,
    "WOW Size": "375mL",
    "WOW ppu": "$1.07 / 100ML"
  },
  {
    "Brand_Product_Size": "Woolworths Popcorn Lightly Salted 80g",
    "WOW Price": 2.1,
    "WOW Size": "80g",
    "WOW ppu": "$2.63 / 100G"
  },
  {
    "Brand_Product_Size": "Macro Organic Puffed Multigrain Blend 100g",
    "WOW Price": 4.5,
    "WOW Size": "100g",
    "WOW ppu": "$4.50 / 100G"
  },
  {
    "Brand_Product_Size": "Birds Eye Steam Fresh Thai Red Curry Sauce 380g",
    "WOW Price": 9,
    "WOW Size": "380g",
    "WOW ppu": "$23.68 / 1KG"
  },
  {
    "Brand_Product_Size": "Paperclick Scissors Soft Grip each",
    "WOW Price": 4,
    "WOW Size": "each",
    "WOW ppu": ""
  },
  {
    "Brand_Product_Size": "Essentials Sink Plug each",
    "WOW Price": 2,
    "WOW Size": "each",
    "WOW ppu": ""
  },
  {
    "Brand_Product_Size": "Woolworths Select Razor Womens Fleur Razor Plus 2 Cart each",
    "WOW Price": 6.5,
    "WOW Size": "each",
    "WOW ppu": "$6.50 / 1EA"
  },
  {
    "Brand_Product_Size": "Armada Unicorn Serviettes 20 pack",
    "WOW Price": 2,
    "WOW Size": "20 pack",
    "WOW ppu": ""
  },
  {
    "Brand_Product_Size": "Nature's Way Joint Restore Triple Action 60 pack",
    "WOW Price": 27.5,
    "WOW Size": "60 pack",
    "WOW ppu": "$45.83 / 100EA"
  },
  {
    "Brand_Product_Size": "Cadbury Dairy Milk Chocolate Gift Box 220g",
    "WOW Price": 12,
    "WOW Size": "220g",
    "WOW ppu": "$5.45 / 100G"
  },
  {
    "Brand_Product_Size": "Sistema Klip It Plus Rectangle 1L",
    "WOW Price": 2.75,
    "WOW Size": "1L",
    "WOW ppu": "$2.75 / 1EA"
  },
  {
    "Brand_Product_Size": "Woolworths Black Sliced Olives 430g",
    "WOW Price": 2.15,
    "WOW Size": "430g",
    "WOW ppu": "$0.50 / 100G"
  },
  {
    "Brand_Product_Size": "Woolworths Tasty Cheese Slices & Sliced Mild Salami 45g",
    "WOW Price": 3,
    "WOW Size": "45g",
    "WOW ppu": "$66.67 / 1KG"
  },
  {
    "Brand_Product_Size": "Annalisa Beans Cannellini 400g",
    "WOW Price": 1.5,
    "WOW Size": "400g",
    "WOW ppu": "$3.75 / 1KG"
  },
  {
    "Brand_Product_Size": "Lee Kum Kee Panda Sauce Oyster 907g",
    "WOW Price": 6.5,
    "WOW Size": "907g",
    "WOW ppu": "$7.17 / 1KG"
  },
  {
    "Brand_Product_Size": "Vitapet Duck Tenders 100g",
    "WOW Price": 7.4,
    "WOW Size": "100g",
    "WOW ppu": "$7.40 / 100G"
  },
  {
    "Brand_Product_Size": "Revlon Powder Blush Naughty Nude 5.0g",
    "WOW Price": 13.5,
    "WOW Size": "5.0g",
    "WOW ppu": "$27.00 / 10G"
  },
  {
    "Brand_Product_Size": "Woolworths Surimi Mix 1kg",
    "WOW Price": 7.5,
    "WOW Size": "1kg",
    "WOW ppu": "$7.50 / 1KG"
  },
  {
    "Brand_Product_Size": "Fitness Outcomes Beef Bolognese 350g",
    "WOW Price": 9,
    "WOW Size": "350g",
    "WOW ppu": "$2.57 / 100G"
  },
  {
    "Brand_Product_Size": "Kiri Greek Style Spreadable Cream Cheese 200g",
    "WOW Price": 3,
    "WOW Size": "200g",
    "WOW ppu": "$15.00 / 1KG"
  },
  {
    "Brand_Product_Size": "Pepsi Max Creaming Soda Bottle 1.25L",
    "WOW Price": 2.35,
    "WOW Size": "1.25L",
    "WOW ppu": "$1.88 / 1L"
  },
  {
    "Brand_Product_Size": "Streets Magnum Luxe Salted Caramel Tub 440mL",
    "WOW Price": 9,
    "WOW Size": "440mL",
    "WOW ppu": "$2.05 / 100ML"
  },
  {
    "Brand_Product_Size": "Nestle Reduced Fat Uht Cream 230mL",
    "WOW Price": 3.3,
    "WOW Size": "230mL",
    "WOW ppu": "$1.43 / 100ML"
  },
  {
    "Brand_Product_Size": "Frankie & Friends Non Skid Small Embossed Dog Bowl each",
    "WOW Price": 6.75,
    "WOW Size": "each",
    "WOW ppu": ""
  },
  {
    "Brand_Product_Size": "Nobby's Peanuts Salt & Vinegar 350g",
    "WOW Price": 2.45,
    "WOW Size": "350g",
    "WOW ppu": "$7.00 / 1KG"
  },
  {
    "Brand_Product_Size": "Mrs Macs Microwave Beef & Cheese Pie 175g",
    "WOW Price": 2.5,
    "WOW Size": "175g",
    "WOW ppu": "$1.43 / 100G"
  },
  {
    "Brand_Product_Size": "Woolworths Dolmades Traditional Traditional 280g",
    "WOW Price": 3.75,
    "WOW Size": "280g",
    "WOW ppu": "$13.39 / 1KG"
  },
  {
    "Brand_Product_Size": "Woolworths Frozen Fish Crumbed 1kg",
    "WOW Price": 8,
    "WOW Size": "1kg",
    "WOW ppu": "$8.00 / 1KG"
  },
  {
    "Brand_Product_Size": "Golden Circle Puree Berry Buzz 120g",
    "WOW Price": 1.5,
    "WOW Size": "120g",
    "WOW ppu": "$12.50 / 1KG"
  },
  {
    "Brand_Product_Size": "Golden Circle Puree Berry Buzz 120g",
    "WOW Price": 1.5,
    "WOW Size": "120g",
    "WOW ppu": "$12.50 / 1KG"
  },
  {
    "Brand_Product_Size": "Mazzetti Apple Cider Vinegar With Mother 500mL",
    "WOW Price": 4.15,
    "WOW Size": "500mL",
    "WOW ppu": "$0.83 / 100ML"
  },
  {
    "Brand_Product_Size": "Sanitarium Up&go Liquid Breakfast Honeycomb 3 pack",
    "WOW Price": 4.95,
    "WOW Size": "3 pack",
    "WOW ppu": "$6.60 / 1L"
  },
  {
    "Brand_Product_Size": "Sanitarium Up&go Liquid Breakfast Honeycomb 3 pack",
    "WOW Price": 4.95,
    "WOW Size": "3 pack",
    "WOW ppu": "$6.60 / 1L"
  },
  {
    "Brand_Product_Size": "Peters No Sugar Added Vanilla Tub 1.2L",
    "WOW Price": 7.6,
    "WOW Size": "1.2L",
    "WOW ppu": "$0.63 / 100ML"
  },
  {
    "Brand_Product_Size": "Woolworths White Washed Potatoes 1kg",
    "WOW Price": 3.5,
    "WOW Size": "1kg",
    "WOW ppu": "$3.50 / 1KG"
  },
  {
    "Brand_Product_Size": "Appy Co Summer Berries Fruit Drink 200mL x3 pack",
    "WOW Price": 3.3,
    "WOW Size": "200mL x3 pack",
    "WOW ppu": "$5.50 / 1L"
  },
  {
    "Brand_Product_Size": "Kanzi Apple each",
    "WOW Price": 1.14,
    "WOW Size": "each",
    "WOW ppu": "$1.14 / 1EA"
  },
  {
    "Brand_Product_Size": "Kanzi Apple each",
    "WOW Price": 1.14,
    "WOW Size": "each",
    "WOW ppu": "$1.14 / 1EA"
  },
  {
    "Brand_Product_Size": "Woolworths Puff Pastry Sheets 1kg",
    "WOW Price": 2.3,
    "WOW Size": "1kg",
    "WOW ppu": "$0.23 / 100G"
  },
  {
    "Brand_Product_Size": "Trolli Sour Gecko 8 pack",
    "WOW Price": 3.5,
    "WOW Size": "8 pack",
    "WOW ppu": "$2.30 / 100G"
  },
  {
    "Brand_Product_Size": "Ansell Gloves Handy Clean Disposable 24 pack",
    "WOW Price": 6,
    "WOW Size": "24 pack",
    "WOW ppu": "$0.25 / 1EA"
  },
  {
    "Brand_Product_Size": "Bostik Blu-tack 75g",
    "WOW Price": 2.5,
    "WOW Size": "75g",
    "WOW ppu": ""
  },
  {
    "Brand_Product_Size": "Tassal Premium Tasmanian Smoked Salmon Slices 100g",
    "WOW Price": 7.5,
    "WOW Size": "100g",
    "WOW ppu": "$75.00 / 1KG"
  },
  {
    "Brand_Product_Size": "Ribena Blackcurrant 2.4L",
    "WOW Price": 4.15,
    "WOW Size": "2.4L",
    "WOW ppu": "$1.73 / 1L"
  },
  {
    "Brand_Product_Size": "Rexona Women Antiperspirant Roll On Invisible Dry Black & White 50mL",
    "WOW Price": 4,
    "WOW Size": "50mL",
    "WOW ppu": "$8.00 / 100ML"
  },
  {
    "Brand_Product_Size": "Yumi's Sweet Potato & Roasted Cashew 65g x3 pack",
    "WOW Price": 4,
    "WOW Size": "65g x3 pack",
    "WOW ppu": "$2.05 / 100G"
  },
  {
    "Brand_Product_Size": "The Odd Bunch Apples Prepacked 1kg",
    "WOW Price": 2.5,
    "WOW Size": "1kg",
    "WOW ppu": "$2.50 / 1KG"
  },
  {
    "Brand_Product_Size": "The Odd Bunch Apples Prepacked 1kg",
    "WOW Price": 2.5,
    "WOW Size": "1kg",
    "WOW ppu": "$2.50 / 1KG"
  },
  {
    "Brand_Product_Size": "Woolworths Garlic Chicken Bites 360g",
    "WOW Price": 5,
    "WOW Size": "360g",
    "WOW ppu": "$1.39 / 100G"
  },
  {
    "Brand_Product_Size": "Comvita Natural Olive Leaf Extract 500mL",
    "WOW Price": 31,
    "WOW Size": "500mL",
    "WOW ppu": "$6.20 / 100ML"
  },
  {
    "Brand_Product_Size": "Culinare Easican Kitchen Gadget Can Opener each",
    "WOW Price": 10,
    "WOW Size": "each",
    "WOW ppu": ""
  },
  {
    "Brand_Product_Size": "Nexba Coffee Sugar-free Liquid Brekkie 250mL x3 pack",
    "WOW Price": 2.87,
    "WOW Size": "250mL x3 pack",
    "WOW ppu": ""
  },
  {
    "Brand_Product_Size": "Nature's Care Lip Balm Paw Paw 10g",
    "WOW Price": 3.99,
    "WOW Size": "10g",
    "WOW ppu": "$39.90 / 100G"
  },
  {
    "Brand_Product_Size": "Covergirl Clean Fresh Skin Milk Porcelain Foundation 30mL",
    "WOW Price": 10,
    "WOW Size": "30mL",
    "WOW ppu": "$3.33 / 10ML"
  },
  {
    "Brand_Product_Size": "Patak's Tandoori Oven Bake Tandoori 120g",
    "WOW Price": 1,
    "WOW Size": "120g",
    "WOW ppu": "$0.83 / 100G"
  },
  {
    "Brand_Product_Size": "Korbond Patterned Candles 12 pack",
    "WOW Price": 2,
    "WOW Size": "12 pack",
    "WOW ppu": "$0.17 / 1EA"
  },
  {
    "Brand_Product_Size": "Woolworths Popcorn Sweet & Salty 10 pack",
    "WOW Price": 2.75,
    "WOW Size": "10 pack",
    "WOW ppu": "$1.38 / 100G"
  },
  {
    "Brand_Product_Size": "Woolworths Orange & Poppy Seed Cake 300g",
    "WOW Price": 4,
    "WOW Size": "300g",
    "WOW ppu": "$1.33 / 100G"
  },
  {
    "Brand_Product_Size": "Hoyt's Italian Herb Mix 140g",
    "WOW Price": 5,
    "WOW Size": "140g",
    "WOW ppu": "$0.36 / 10G"
  },
  {
    "Brand_Product_Size": "Vittoria Organic Beans 500g",
    "WOW Price": 11.4,
    "WOW Size": "500g",
    "WOW ppu": "$2.28 / 100G"
  },
  {
    "Brand_Product_Size": "Vittoria Organic Beans 500g",
    "WOW Price": 11.4,
    "WOW Size": "500g",
    "WOW ppu": "$2.28 / 100G"
  },
  {
    "Brand_Product_Size": "Glow Lab Active Body Wash Exfoliating Aha 400mL",
    "WOW Price": 7.2,
    "WOW Size": "400mL",
    "WOW ppu": "$1.80 / 100ML"
  },
  {
    "Brand_Product_Size": "Difflam Plus Anaesthetic Pinelime 16 pack",
    "WOW Price": 8,
    "WOW Size": "16 pack",
    "WOW ppu": "$0.50 / 1EA"
  },
  {
    "Brand_Product_Size": "Bellamy's Banana & Straw Yoghurt 120g",
    "WOW Price": 2.3,
    "WOW Size": "120g",
    "WOW ppu": "$1.92 / 100G"
  },
  {
    "Brand_Product_Size": "Maybelline Colossal Pumped Up Volume Express Mascara - Glam Black 9.5mL",
    "WOW Price": 10,
    "WOW Size": "9.5mL",
    "WOW ppu": "$10.31 / 10ML"
  },
  {
    "Brand_Product_Size": "Sanitarium Up&go Choc Ice 500mL",
    "WOW Price": 3.6,
    "WOW Size": "500mL",
    "WOW ppu": "$7.20 / 1L"
  },
  {
    "Brand_Product_Size": "Kan Tong Stir Fry Sauce Honey, Sesame & Garlic 520g",
    "WOW Price": 3,
    "WOW Size": "520g",
    "WOW ppu": "$0.58 / 100G"
  },
  {
    "Brand_Product_Size": "Dine Perfect Portions Cuts In Gravy Trout Wet Cat Food Trays 2x37.5g",
    "WOW Price": 1.2,
    "WOW Size": "2x37.5g",
    "WOW ppu": "$1.60 / 100G"
  },
  {
    "Brand_Product_Size": "Masterfoods Lemon Pepper Seasoning 52g",
    "WOW Price": 3.2,
    "WOW Size": "52g",
    "WOW ppu": "$0.62 / 10G"
  },
  {
    "Brand_Product_Size": "Ocean Pearl Australian Wild Caught Banana Prawns 800g",
    "WOW Price": 18,
    "WOW Size": "800g",
    "WOW ppu": "$22.50 / 1KG"
  },
  {
    "Brand_Product_Size": "Palmolive Body Wash Coconut Scrub Exfoliating Shower Gel 400mL",
    "WOW Price": 4.5,
    "WOW Size": "400mL",
    "WOW ppu": "$1.13 / 100ML"
  },
  {
    "Brand_Product_Size": "Maggi Masala Noodles 8 pack",
    "WOW Price": 2.5,
    "WOW Size": "8 pack",
    "WOW ppu": "$0.45 / 100G"
  },
  {
    "Brand_Product_Size": "Preshafruit Pink Lady Apple Juice 2L",
    "WOW Price": 7,
    "WOW Size": "2L",
    "WOW ppu": "$3.50 / 1L"
  },
  {
    "Brand_Product_Size": "Macro Organic Kale each",
    "WOW Price": 5.5,
    "WOW Size": "each",
    "WOW ppu": ""
  },
  {
    "Brand_Product_Size": "Cheetos Cheese & Bacon Balls Multipack Snacks 6 pack",
    "WOW Price": 3.15,
    "WOW Size": "6 pack",
    "WOW ppu": "$3.09 / 100G"
  },
  {
    "Brand_Product_Size": "Cheetos Cheese & Bacon Balls Multipack Snacks 6 pack",
    "WOW Price": 3.15,
    "WOW Size": "6 pack",
    "WOW ppu": "$3.09 / 100G"
  },
  {
    "Brand_Product_Size": "Tiger Balm Red Extra Strength 18g",
    "WOW Price": 8.3,
    "WOW Size": "18g",
    "WOW ppu": "$46.11 / 100G"
  },
  {
    "Brand_Product_Size": "Lotus Biscoff Biscuit 8 pack",
    "WOW Price": 1.4,
    "WOW Size": "8 pack",
    "WOW ppu": "$1.13 / 100G"
  },
  {
    "Brand_Product_Size": "Musashi High Protein Milk Choc Brownie Bar 90g",
    "WOW Price": 4,
    "WOW Size": "90g",
    "WOW ppu": "$4.44 / 100G"
  },
  {
    "Brand_Product_Size": "Clairol Nice N Easy Root Touch-up 5 Medium Brown each",
    "WOW Price": 13,
    "WOW Size": "each",
    "WOW ppu": ""
  },
  {
    "Brand_Product_Size": "Seeds Of Change Organic Brown Rice & Quinoa With Garlic 240g",
    "WOW Price": 1.75,
    "WOW Size": "240g",
    "WOW ppu": "$0.73 / 100G"
  },
  {
    "Brand_Product_Size": "Woolworths Bbq Beef & Pork Burgers With Cheese 500g",
    "WOW Price": 8,
    "WOW Size": "500g",
    "WOW ppu": "$16.00 / 1KG"
  },
  {
    "Brand_Product_Size": "Woolworths Chargrilled Eggplant 120g",
    "WOW Price": 3.5,
    "WOW Size": "120g",
    "WOW ppu": "$2.92 / 100G"
  },
  {
    "Brand_Product_Size": "Woolworths Choc Dipped Milk Ice Variety Pack 10 pack",
    "WOW Price": 3.49,
    "WOW Size": "10 pack",
    "WOW ppu": "$0.48 / 100ML"
  },
  {
    "Brand_Product_Size": "Birds Eye Country Harvest Peas Corn & Carrot 1kg",
    "WOW Price": 5,
    "WOW Size": "1kg",
    "WOW ppu": "$5.00 / 1KG"
  },
  {
    "Brand_Product_Size": "Skin Republic Facial Mask Charcoal Peel Off each",
    "WOW Price": 10,
    "WOW Size": "each",
    "WOW ppu": "$40.00 / 100ML"
  },
  {
    "Brand_Product_Size": "Woolworths Pistachio Roasted & Salted 400g",
    "WOW Price": 8,
    "WOW Size": "400g",
    "WOW ppu": "$20.00 / 1KG"
  },
  {
    "Brand_Product_Size": "Baxter's Dog Food Loaf Five Meats 1.2kg",
    "WOW Price": 2.4,
    "WOW Size": "1.2kg",
    "WOW ppu": "$0.20 / 100G"
  },
  {
    "Brand_Product_Size": "Woolworths Coconut Fresh each",
    "WOW Price": 3.9,
    "WOW Size": "each",
    "WOW ppu": "$3.90 / 1EA"
  },
  {
    "Brand_Product_Size": "Dairyworks Tasty Cheese & Crackers 120g",
    "WOW Price": 4.5,
    "WOW Size": "120g",
    "WOW ppu": "$37.50 / 1KG"
  },
  {
    "Brand_Product_Size": "Huggies Ultimate Nappies Size 4 58 pack",
    "WOW Price": 32,
    "WOW Size": "58 pack",
    "WOW ppu": "$0.55 / 1EA"
  },
  {
    "Brand_Product_Size": "Leek Fresh each",
    "WOW Price": 2,
    "WOW Size": "each",
    "WOW ppu": ""
  },
  {
    "Brand_Product_Size": "Woolworths Mini Ice Cream Sticks Almond 6 pack",
    "WOW Price": 4,
    "WOW Size": "6 pack",
    "WOW ppu": "$1.11 / 100ML"
  },
  {
    "Brand_Product_Size": "Woolworths Macadamias Sweet & Salty 200g",
    "WOW Price": 9,
    "WOW Size": "200g",
    "WOW ppu": "$4.50 / 100G"
  },
  {
    "Brand_Product_Size": "Jack Hammer Pvc Tape 19mm X 20m each",
    "WOW Price": 2.5,
    "WOW Size": "each",
    "WOW ppu": "$2.50 / 1EA"
  },
  {
    "Brand_Product_Size": "Woolworths Apple & Cinnamon Muffins 4 pack",
    "WOW Price": 3.5,
    "WOW Size": "4 pack",
    "WOW ppu": "$0.83 / 100G"
  },
  {
    "Brand_Product_Size": "Woolworths Apple & Cinnamon Muffins 4 pack",
    "WOW Price": 3.5,
    "WOW Size": "4 pack",
    "WOW ppu": "$0.83 / 100G"
  },
  {
    "Brand_Product_Size": "Woolworths Apple & Cinnamon Muffins 4 pack",
    "WOW Price": 3.5,
    "WOW Size": "4 pack",
    "WOW ppu": "$0.83 / 100G"
  },
  {
    "Brand_Product_Size": "Windex Multi-purpose Surface & Glass Cleaner 750mL",
    "WOW Price": 4.8,
    "WOW Size": "750mL",
    "WOW ppu": "$0.64 / 100ML"
  },
  {
    "Brand_Product_Size": "Essentials Antipasto Dish 3 pack",
    "WOW Price": 6,
    "WOW Size": "3 pack",
    "WOW ppu": ""
  },
  {
    "Brand_Product_Size": "La Molisana Extra Di Lusso 28 Fusilli 500g",
    "WOW Price": 2.8,
    "WOW Size": "500g",
    "WOW ppu": "$0.56 / 100G"
  },
  {
    "Brand_Product_Size": "Nature's Way Kids Smart Vita-gummies Calcium 60 pack",
    "WOW Price": 14.5,
    "WOW Size": "60 pack",
    "WOW ppu": "$24.17 / 100EA"
  },
  {
    "Brand_Product_Size": "Melbourne Cheese Company Persian Fetta 250g",
    "WOW Price": 8,
    "WOW Size": "250g",
    "WOW ppu": "$32.00 / 1KG"
  },
  {
    "Brand_Product_Size": "Melbourne Cheese Company Persian Fetta 250g",
    "WOW Price": 8,
    "WOW Size": "250g",
    "WOW ppu": "$32.00 / 1KG"
  },
  {
    "Brand_Product_Size": "Woolworths Rspca Approved Seasoned & Marinated Whole Chicken 1.5kg - 2.5kg",
    "WOW Price": 15.28,
    "WOW Size": "1.5kg - 2.5kg",
    "WOW ppu": "$6.50 / 1KG"
  },
  {
    "Brand_Product_Size": "Leggos Fresh Creamy Tomato Sauce 250g",
    "WOW Price": 3.5,
    "WOW Size": "250g",
    "WOW ppu": "$1.40 / 100G"
  },
  {
    "Brand_Product_Size": "Oscar Orsen Metal Tail Comb each",
    "WOW Price": 4,
    "WOW Size": "each",
    "WOW ppu": ""
  },
  {
    "Brand_Product_Size": "Tcc Coconut Milk 400mL",
    "WOW Price": 1.5,
    "WOW Size": "400mL",
    "WOW ppu": "$0.38 / 100ML"
  },
  {
    "Brand_Product_Size": "Eta Barbecue Sauce 375mL",
    "WOW Price": 2.45,
    "WOW Size": "375mL",
    "WOW ppu": "$0.65 / 100ML"
  },
  {
    "Brand_Product_Size": "L'oreal Magic Retouch Precision Brush 7.3 Medium To Dark Blonde each",
    "WOW Price": 12.75,
    "WOW Size": "each",
    "WOW ppu": "$17.00 / 100ML"
  },
  {
    "Brand_Product_Size": "Inspire Oven Glove & Pot Holder each",
    "WOW Price": 5.6,
    "WOW Size": "each",
    "WOW ppu": ""
  },
  {
    "Brand_Product_Size": "Paperclick Pencil Sharpener each",
    "WOW Price": 1,
    "WOW Size": "each",
    "WOW ppu": ""
  },
  {
    "Brand_Product_Size": "Leggos Tomato Paste No Added Salt Sachets 200g",
    "WOW Price": 2.3,
    "WOW Size": "200g",
    "WOW ppu": "$1.15 / 100G"
  },
  {
    "Brand_Product_Size": "Carman's Dark Choc Blueberry Superfood Bars 35g x12 pack",
    "WOW Price": 9,
    "WOW Size": "35g x12 pack",
    "WOW ppu": "$2.14 / 100G"
  },
  {
    "Brand_Product_Size": "L'oreal Excellence Creme Hair Colour 10 Very Light Blonde each",
    "WOW Price": 16,
    "WOW Size": "each",
    "WOW ppu": ""
  },
  {
    "Brand_Product_Size": "Chrystal Fresh Cheese Board Selection 275g",
    "WOW Price": 8,
    "WOW Size": "275g",
    "WOW ppu": "$29.09 / 1KG"
  },
  {
    "Brand_Product_Size": "Chrystal Fresh Cheese Board Selection 275g",
    "WOW Price": 8,
    "WOW Size": "275g",
    "WOW ppu": "$29.09 / 1KG"
  },
  {
    "Brand_Product_Size": "Caffe Aurora Ground Coffee Italian Style 2 pack",
    "WOW Price": 8,
    "WOW Size": "2 pack",
    "WOW ppu": "$1.60 / 100G"
  },
  {
    "Brand_Product_Size": "Caffe Aurora Ground Coffee Italian Style 2 pack",
    "WOW Price": 8,
    "WOW Size": "2 pack",
    "WOW ppu": "$1.60 / 100G"
  },
  {
    "Brand_Product_Size": "Head & Shoulders Dry Scalp Care Shampoo 200mL",
    "WOW Price": 7,
    "WOW Size": "200mL",
    "WOW ppu": "$3.50 / 100ML"
  },
  {
    "Brand_Product_Size": "Twisties Mix Variety Snacks - Multipack 12 pack",
    "WOW Price": 5,
    "WOW Size": "12 pack",
    "WOW ppu": "$2.27 / 100G"
  },
  {
    "Brand_Product_Size": "Ozkleen Shower Power Trigger 500mL",
    "WOW Price": 6.85,
    "WOW Size": "500mL",
    "WOW ppu": "$1.37 / 100ML"
  },
  {
    "Brand_Product_Size": "Clairol Natural Instincts 4 Dark Brown each",
    "WOW Price": 16,
    "WOW Size": "each",
    "WOW ppu": "$16.00 / 1EA"
  },
  {
    "Brand_Product_Size": "Dove Men Gentle Clean 2in1 Anti- Dandruff Shampoo 300mL",
    "WOW Price": 5.5,
    "WOW Size": "300mL",
    "WOW ppu": "$1.83 / 100ML"
  },
  {
    "Brand_Product_Size": "Duo Striplash Adhesive Clear 7g",
    "WOW Price": 5,
    "WOW Size": "7g",
    "WOW ppu": "$5.00 / 1EA"
  },
  {
    "Brand_Product_Size": "La Stella Bocconcini 160g",
    "WOW Price": 6,
    "WOW Size": "160g",
    "WOW ppu": "$37.50 / 1KG"
  },
  {
    "Brand_Product_Size": "La Stella Bocconcini 160g",
    "WOW Price": 6,
    "WOW Size": "160g",
    "WOW ppu": "$37.50 / 1KG"
  },
  {
    "Brand_Product_Size": "Macro Mighty Bites Strawberry Apple 5 pack",
    "WOW Price": 4.5,
    "WOW Size": "5 pack",
    "WOW ppu": "$4.50 / 100G"
  },
  {
    "Brand_Product_Size": "Cocobella Straight Up Coconut Water 1L",
    "WOW Price": 3.5,
    "WOW Size": "1L",
    "WOW ppu": "$3.50 / 1L"
  },
  {
    "Brand_Product_Size": "Clairol Nice N Easy 3.5bg Natural Dark Burgundy Brown each",
    "WOW Price": 9,
    "WOW Size": "each",
    "WOW ppu": ""
  },
  {
    "Brand_Product_Size": "Woolworths Jubes 270g",
    "WOW Price": 2,
    "WOW Size": "270g",
    "WOW ppu": "$0.74 / 100G"
  },
  {
    "Brand_Product_Size": "Primo Mini Mix Ups Mild Salami, Cheese & Mini Cookies 35g",
    "WOW Price": 3.5,
    "WOW Size": "35g",
    "WOW ppu": "$100.00 / 1KG"
  },
  {
    "Brand_Product_Size": "Palmolive Travel Hand Sanitiser, Shampoo , Conditioner & Body Wash each",
    "WOW Price": 8,
    "WOW Size": "each",
    "WOW ppu": "$8.00 / 1EA"
  },
  {
    "Brand_Product_Size": "Guzzi's Baby Gnocchi Baby 500g",
    "WOW Price": 3.8,
    "WOW Size": "500g",
    "WOW ppu": "$0.76 / 100G"
  },
  {
    "Brand_Product_Size": "Farmers Union Iced Coffee 600mL",
    "WOW Price": 2.4,
    "WOW Size": "600mL",
    "WOW ppu": "$4.00 / 1L"
  },
  {
    "Brand_Product_Size": "Danone Yopro Yoghurt Blueberry 160g",
    "WOW Price": 2.4,
    "WOW Size": "160g",
    "WOW ppu": "$1.50 / 100G"
  },
  {
    "Brand_Product_Size": "Essentials Cooking Chocolate Milk 375g",
    "WOW Price": 2.5,
    "WOW Size": "375g",
    "WOW ppu": "$0.67 / 100G"
  },
  {
    "Brand_Product_Size": "Licorice Lovers Soft Eating 250g",
    "WOW Price": 2,
    "WOW Size": "250g",
    "WOW ppu": "$0.80 / 100G"
  },
  {
    "Brand_Product_Size": "Oak Milk Strawberry 750mL",
    "WOW Price": 3,
    "WOW Size": "750mL",
    "WOW ppu": "$4.00 / 1L"
  },
  {
    "Brand_Product_Size": "Raid Night&day Primary Control Fly & Mosquito Protection each",
    "WOW Price": 9,
    "WOW Size": "each",
    "WOW ppu": "$9.00 / 1EA"
  },
  {
    "Brand_Product_Size": "Sirena Mexican Style Tuna & Beans 185g",
    "WOW Price": 4.3,
    "WOW Size": "185g",
    "WOW ppu": "$23.24 / 1KG"
  },
  {
    "Brand_Product_Size": "Macro Organic 6 Months+ Apple Banana & Blueberry Bircher Muesli 120g",
    "WOW Price": 1.4,
    "WOW Size": "120g",
    "WOW ppu": "$1.17 / 100G"
  },
  {
    "Brand_Product_Size": "Praise Chilli Jam Mayo 250mL",
    "WOW Price": 3,
    "WOW Size": "250mL",
    "WOW ppu": "$1.20 / 100ML"
  },
  {
    "Brand_Product_Size": "Mckenzie's Cake Flour 450g",
    "WOW Price": 3.6,
    "WOW Size": "450g",
    "WOW ppu": "$0.80 / 100G"
  },
  {
    "Brand_Product_Size": "Woolworths Sesame Seeds 100g",
    "WOW Price": 1.1,
    "WOW Size": "100g",
    "WOW ppu": "$11.00 / 1KG"
  },
  {
    "Brand_Product_Size": "Obela Mediterranean Eggplant With Tahini 220g",
    "WOW Price": 4,
    "WOW Size": "220g",
    "WOW ppu": "$1.82 / 100G"
  },
  {
    "Brand_Product_Size": "One Night In Mexico Spice Stir In Seasoning 120g",
    "WOW Price": 2.5,
    "WOW Size": "120g",
    "WOW ppu": "$2.08 / 100G"
  },
  {
    "Brand_Product_Size": "Cadbury Caramel Cake Bars 5 pack",
    "WOW Price": 1.87,
    "WOW Size": "5 pack",
    "WOW ppu": "$0.37 / 1EA"
  },
  {
    "Brand_Product_Size": "Skin Republic Hyaluronic Boost Youthfoil Mask each",
    "WOW Price": 13,
    "WOW Size": "each",
    "WOW ppu": "$13.00 / 1EA"
  },
  {
    "Brand_Product_Size": "Revlon Colorstay Ultimate Suede Iconic 2.55g",
    "WOW Price": 13.5,
    "WOW Size": "2.55g",
    "WOW ppu": "$52.94 / 10G"
  },
  {
    "Brand_Product_Size": "I & J Salt & Pepper Calamari 360g",
    "WOW Price": 7,
    "WOW Size": "360g",
    "WOW ppu": "$19.44 / 1KG"
  },
  {
    "Brand_Product_Size": "Oreo Frozen Ice Cream Sticks 4 pack",
    "WOW Price": 5,
    "WOW Size": "4 pack",
    "WOW ppu": "$1.14 / 100ML"
  },
  {
    "Brand_Product_Size": "Purina Totalcare Gentle Shampoo For Dogs 350mL",
    "WOW Price": 13,
    "WOW Size": "350mL",
    "WOW ppu": "$3.71 / 100ML"
  },
  {
    "Brand_Product_Size": "Patak's Mild Tandoori Indian Paste Marinade 295g",
    "WOW Price": 4,
    "WOW Size": "295g",
    "WOW ppu": "$1.36 / 100G"
  },
  {
    "Brand_Product_Size": "Bel Normande Sparkling Organic Apple 750mL",
    "WOW Price": 4,
    "WOW Size": "750mL",
    "WOW ppu": "$5.33 / 1L"
  },
  {
    "Brand_Product_Size": "Saxa All Natural Rock Salt 1kg",
    "WOW Price": 4.1,
    "WOW Size": "1kg",
    "WOW ppu": "$0.04 / 10G"
  },
  {
    "Brand_Product_Size": "Mint Stainless Steel Strainer 20cm each",
    "WOW Price": 10,
    "WOW Size": "each",
    "WOW ppu": ""
  },
  {
    "Brand_Product_Size": "Moro Extra Virgin Olive Oil 1L",
    "WOW Price": 12,
    "WOW Size": "1L",
    "WOW ppu": "$1.20 / 100ML"
  },
  {
    "Brand_Product_Size": "Cuddly Concentrate Fabric Softener Conditioner Sunshine Fresh 1L",
    "WOW Price": 4.5,
    "WOW Size": "1L",
    "WOW ppu": "$4.50 / 1L"
  },
  {
    "Brand_Product_Size": "Edge Mens 3 Blade Disposable 8 pack",
    "WOW Price": 4.4,
    "WOW Size": "8 pack",
    "WOW ppu": "$0.55 / 1EA"
  },
  {
    "Brand_Product_Size": "Nature's Gift Casserole Kangaroo & Vegetables 700g",
    "WOW Price": 2,
    "WOW Size": "700g",
    "WOW ppu": "$0.29 / 100G"
  },
  {
    "Brand_Product_Size": "Macro Baby Organic 6 Months+ Apple & Pear 120g",
    "WOW Price": 1.4,
    "WOW Size": "120g",
    "WOW ppu": "$1.17 / 100G"
  },
  {
    "Brand_Product_Size": "Woolworths Peppermint Tea 40 pack",
    "WOW Price": 1.75,
    "WOW Size": "40 pack",
    "WOW ppu": "$0.04 / 1EA"
  },
  {
    "Brand_Product_Size": "Woolworths Peppermint Tea 40 pack",
    "WOW Price": 1.75,
    "WOW Size": "40 pack",
    "WOW ppu": "$0.04 / 1EA"
  },
  {
    "Brand_Product_Size": "Uncle Tobys Muesli Bars Chewy Choc Chip 6 pack",
    "WOW Price": 4.3,
    "WOW Size": "6 pack",
    "WOW ppu": "$2.32 / 100G"
  },
  {
    "Brand_Product_Size": "Uncle Tobys Muesli Bars Chewy Choc Chip 6 pack",
    "WOW Price": 4.3,
    "WOW Size": "6 pack",
    "WOW ppu": "$2.32 / 100G"
  },
  {
    "Brand_Product_Size": "Woolworths Wholegrain Mustard 200g",
    "WOW Price": 2,
    "WOW Size": "200g",
    "WOW ppu": "$1.00 / 100G"
  },
  {
    "Brand_Product_Size": "Tostitos Tortilla Corn Chips Splash Of Lime Cantina Style 175g",
    "WOW Price": 4.2,
    "WOW Size": "175g",
    "WOW ppu": "$2.40 / 100G"
  },
  {
    "Brand_Product_Size": "Huggies Baby Wipes Value Refill Fragrance Free 400 pack",
    "WOW Price": 15,
    "WOW Size": "400 pack",
    "WOW ppu": "$3.75 / 100EA"
  },
  {
    "Brand_Product_Size": "Peckish Brown Rice Cracker Lightly Salted 100g",
    "WOW Price": 2.5,
    "WOW Size": "100g",
    "WOW ppu": "$2.50 / 100G"
  },
  {
    "Brand_Product_Size": "Patak's Tikka Masala Simmer Sauce 450g",
    "WOW Price": 3.5,
    "WOW Size": "450g",
    "WOW ppu": "$0.78 / 100G"
  },
  {
    "Brand_Product_Size": "Mcobeauty Mineral Powder Shine Free Foundation - Nude 5g",
    "WOW Price": 7.5,
    "WOW Size": "5g",
    "WOW ppu": "$15.00 / 10G"
  },
  {
    "Brand_Product_Size": "Sam's Pantry Scorched Almond Nut Bar 5 pack",
    "WOW Price": 3.5,
    "WOW Size": "5 pack",
    "WOW ppu": "$2.06 / 100G"
  },
  {
    "Brand_Product_Size": "Sam's Pantry Scorched Almond Nut Bar 5 pack",
    "WOW Price": 3.5,
    "WOW Size": "5 pack",
    "WOW ppu": "$2.06 / 100G"
  },
  {
    "Brand_Product_Size": "Colgate 360 Degrees Whole Mouth Clean Compact Head Toothbrush Medium each",
    "WOW Price": 2.5,
    "WOW Size": "each",
    "WOW ppu": "$2.50 / 1EA"
  },
  {
    "Brand_Product_Size": "Whiskas 1+ Years Favourites Tuna In Jelly Wet Cat Food Pouch 85g x12 pack",
    "WOW Price": 8,
    "WOW Size": "85g x12 pack",
    "WOW ppu": "$0.78 / 100G"
  },
  {
    "Brand_Product_Size": "Woolworths Special Fried Rice 250g",
    "WOW Price": 2,
    "WOW Size": "250g",
    "WOW ppu": "$0.80 / 100G"
  },
  {
    "Brand_Product_Size": "Palmolive Eco Antibacterial Dishwashing Liquid Coconut & Lime 450mL",
    "WOW Price": 5,
    "WOW Size": "450mL",
    "WOW ppu": "$1.11 / 100ML"
  },
  {
    "Brand_Product_Size": "Wallaby Nutty Bites With Sea Salt 130g",
    "WOW Price": 4.5,
    "WOW Size": "130g",
    "WOW ppu": "$3.46 / 100G"
  },
  {
    "Brand_Product_Size": "Kellogg's Coco Pops Chex Breakfast Cereal 500g",
    "WOW Price": 7,
    "WOW Size": "500g",
    "WOW ppu": "$1.40 / 100G"
  },
  {
    "Brand_Product_Size": "Samba Matches Twin Pack 100 pack",
    "WOW Price": 4,
    "WOW Size": "100 pack",
    "WOW ppu": "$4.00 / 100EA"
  },
  {
    "Brand_Product_Size": "Schwarzkopf Hair Mascara Black 16mL",
    "WOW Price": 22,
    "WOW Size": "16mL",
    "WOW ppu": "$137.50 / 100ML"
  },
  {
    "Brand_Product_Size": "Red Rock Deli Potato Chips Honey Soy Chicken 165g",
    "WOW Price": 4.65,
    "WOW Size": "165g",
    "WOW ppu": "$2.82 / 100G"
  },
  {
    "Brand_Product_Size": "Saxa Salt Cooking Iodised 1kg",
    "WOW Price": 1.85,
    "WOW Size": "1kg",
    "WOW ppu": "$0.02 / 10G"
  },
  {
    "Brand_Product_Size": "Hoyt's Coriander Seed Whole 25g",
    "WOW Price": 1.3,
    "WOW Size": "25g",
    "WOW ppu": "$0.52 / 10G"
  },
  {
    "Brand_Product_Size": "Aunt Betty's Gluten Free Chocolate 2x95g",
    "WOW Price": 4,
    "WOW Size": "2x95g",
    "WOW ppu": "$2.11 / 100G"
  },
  {
    "Brand_Product_Size": "Cetaphil Gentle Skin Cleanser, For Face & Body Care 500mL",
    "WOW Price": 17,
    "WOW Size": "500mL",
    "WOW ppu": "$3.40 / 100ML"
  },
  {
    "Brand_Product_Size": "K R Castlemaine Hungarian Salami Hot Sliced From The Deli per kg",
    "WOW Price": 31.5,
    "WOW Size": "per kg",
    "WOW ppu": "$31.50 / 1KG"
  },
  {
    "Brand_Product_Size": "Griffins Gingernuts Biscuits Original 250g",
    "WOW Price": 2.9,
    "WOW Size": "250g",
    "WOW ppu": "$1.16 / 100G"
  },
  {
    "Brand_Product_Size": "Praise Mayonnaise Traditional 470g",
    "WOW Price": 3,
    "WOW Size": "470g",
    "WOW ppu": "$0.64 / 100G"
  },
  {
    "Brand_Product_Size": "Powerade Mountain Blast Powder 500g",
    "WOW Price": 9,
    "WOW Size": "500g",
    "WOW ppu": "$1.80 / 100G"
  },
  {
    "Brand_Product_Size": "Palmolive Ultra Strength Concentrate Dishwashing Liquid Original 750mL",
    "WOW Price": 4.5,
    "WOW Size": "750mL",
    "WOW ppu": "$0.60 / 100ML"
  },
  {
    "Brand_Product_Size": "Kimmidoll Air Freshener each",
    "WOW Price": 9,
    "WOW Size": "each",
    "WOW ppu": "$9.00 / 1EA"
  },
  {
    "Brand_Product_Size": "Maltesers Milk Chocolate Block 146g",
    "WOW Price": 5,
    "WOW Size": "146g",
    "WOW ppu": "$3.42 / 100G"
  },
  {
    "Brand_Product_Size": "Kellogg's Special K Original Breakfast Cereal 300g",
    "WOW Price": 4.95,
    "WOW Size": "300g",
    "WOW ppu": "$1.65 / 100G"
  },
  {
    "Brand_Product_Size": "Yumi's Baked Eggplant Dip With Shallots 200g",
    "WOW Price": 4,
    "WOW Size": "200g",
    "WOW ppu": "$2.00 / 100G"
  },
  {
    "Brand_Product_Size": "Woolworths Balsamic Vinegar 500mL",
    "WOW Price": 2.7,
    "WOW Size": "500mL",
    "WOW ppu": "$0.54 / 100ML"
  },
  {
    "Brand_Product_Size": "Jack Link's Chilli Biltong 45g",
    "WOW Price": 5,
    "WOW Size": "45g",
    "WOW ppu": "$111.11 / 1KG"
  },
  {
    "Brand_Product_Size": "Sargents Pies Traditional Meat & Cheese 700g",
    "WOW Price": 5.5,
    "WOW Size": "700g",
    "WOW ppu": "$0.79 / 100G"
  },
  {
    "Brand_Product_Size": "Mylanta 2go Antacids Double Strength Tabs 48 pack",
    "WOW Price": 8.2,
    "WOW Size": "48 pack",
    "WOW ppu": "$0.17 / 1EA"
  },
  {
    "Brand_Product_Size": "Caffe Aurora Ground Coffee Italian Style 1kg",
    "WOW Price": 15,
    "WOW Size": "1kg",
    "WOW ppu": "$1.50 / 100G"
  },
  {
    "Brand_Product_Size": "Caffe Aurora Ground Coffee Italian Style 1kg",
    "WOW Price": 15,
    "WOW Size": "1kg",
    "WOW ppu": "$1.50 / 100G"
  },
  {
    "Brand_Product_Size": "Hershey's Cookies & Cream Tub 473mL",
    "WOW Price": 8.5,
    "WOW Size": "473mL",
    "WOW ppu": "$1.80 / 100ML"
  },
  {
    "Brand_Product_Size": "Paperclick Neoprene Laptop Sleeve each",
    "WOW Price": 8,
    "WOW Size": "each",
    "WOW ppu": ""
  },
  {
    "Brand_Product_Size": "Rimmel Hide The Blemish Concealer 004 Natural Beige 4.5g",
    "WOW Price": 5.25,
    "WOW Size": "4.5g",
    "WOW ppu": "$11.67 / 10G"
  },
  {
    "Brand_Product_Size": "Herbert Adams Pies Creamy Chicken & Leek 2 pack",
    "WOW Price": 7.8,
    "WOW Size": "2 pack",
    "WOW ppu": "$1.86 / 100G"
  },
  {
    "Brand_Product_Size": "Sanpellegrino Essenza Tangerine & Wild Strawberry 330mL x8 pack",
    "WOW Price": 11,
    "WOW Size": "330mL x8 pack",
    "WOW ppu": "$4.17 / 1L"
  },
  {
    "Brand_Product_Size": "Kleenex Wipes Scented 42 pack",
    "WOW Price": 3.95,
    "WOW Size": "42 pack",
    "WOW ppu": "$0.09 / 1EA"
  },
  {
    "Brand_Product_Size": "Pureharvest Organic Tamari Gluten Free Soy Sauce 250mL",
    "WOW Price": 4,
    "WOW Size": "250mL",
    "WOW ppu": "$1.60 / 100ML"
  },
  {
    "Brand_Product_Size": "Trishave 3in1 Anti-rash Shave Creme With Tea Tree Oil For Men 100g",
    "WOW Price": 6.5,
    "WOW Size": "100g",
    "WOW ppu": "$6.50 / 100G"
  },
  {
    "Brand_Product_Size": "Revlon Colorstay Eyebrow Liner Soft Blonde each",
    "WOW Price": 11.5,
    "WOW Size": "each",
    "WOW ppu": "$32.86 / 1G"
  },
  {
    "Brand_Product_Size": "Lipton Quality Black Tea Bags 200 pack",
    "WOW Price": 7.5,
    "WOW Size": "200 pack",
    "WOW ppu": "$0.04 / 1EA"
  },
  {
    "Brand_Product_Size": "Lipton Quality Black Tea Bags 200 pack",
    "WOW Price": 7.5,
    "WOW Size": "200 pack",
    "WOW ppu": "$0.04 / 1EA"
  },
  {
    "Brand_Product_Size": "Dollar Sweets Peppermints Extra Strong 150g bag",
    "WOW Price": 2.25,
    "WOW Size": "150g bag",
    "WOW ppu": "$1.50 / 100G"
  },
  {
    "Brand_Product_Size": "Clearasil Ultra Facial Cleanser Deep Pore Gel Wash 200mL",
    "WOW Price": 11.2,
    "WOW Size": "200mL",
    "WOW ppu": "$5.60 / 100ML"
  },
  {
    "Brand_Product_Size": "Schweppes Raspberry Cans 10 x375mL",
    "WOW Price": 12.4,
    "WOW Size": "10 x375mL",
    "WOW ppu": "$3.31 / 1L"
  },
  {
    "Brand_Product_Size": "Sheer Relief Trouser Sock Black 1 Size 1 pack",
    "WOW Price": 7,
    "WOW Size": "1 pack",
    "WOW ppu": ""
  },
  {
    "Brand_Product_Size": "Philips Led 470lm Cool Bayonet Cap 1 pack",
    "WOW Price": 7,
    "WOW Size": "1 pack",
    "WOW ppu": "$7.00 / 1EA"
  },
  {
    "Brand_Product_Size": "Sistema Bottle Quick Flip 800mL",
    "WOW Price": 12,
    "WOW Size": "800mL",
    "WOW ppu": ""
  },
  {
    "Brand_Product_Size": "Sistema Klip It Plus Rectangle 2.2L",
    "WOW Price": 3.75,
    "WOW Size": "2.2L",
    "WOW ppu": "$3.75 / 1EA"
  },
  {
    "Brand_Product_Size": "Fluffy Fabric Softener Fragrance Temptation Spice Allure 500mL",
    "WOW Price": 3.5,
    "WOW Size": "500mL",
    "WOW ppu": "$7.00 / 1L"
  },
  {
    "Brand_Product_Size": "Applaws Cat Food Fish Deluxe 8x70g",
    "WOW Price": 14,
    "WOW Size": "8x70g",
    "WOW ppu": "$2.50 / 100G"
  },
  {
    "Brand_Product_Size": "Daily Juice No Added Sugar Orange Juice Screw Cap 500mL",
    "WOW Price": 2.4,
    "WOW Size": "500mL",
    "WOW ppu": "$4.80 / 1L"
  },
  {
    "Brand_Product_Size": "Conimex Sambal Oelek Paste Hot Chilli 190g",
    "WOW Price": 4,
    "WOW Size": "190g",
    "WOW ppu": "$2.11 / 100G"
  },
  {
    "Brand_Product_Size": "Leggos Pasta Bake Tomato Ricotta & Spinach 500g",
    "WOW Price": 3,
    "WOW Size": "500g",
    "WOW ppu": "$0.60 / 100G"
  },
  {
    "Brand_Product_Size": "Bega Dark Roast Crunchy Peanut Butter 470g",
    "WOW Price": 5.9,
    "WOW Size": "470g",
    "WOW ppu": "$1.26 / 100G"
  },
  {
    "Brand_Product_Size": "Hart & Soul Coconut Thai Soup Pouch 400g",
    "WOW Price": 4,
    "WOW Size": "400g",
    "WOW ppu": "$1.00 / 100G"
  },
  {
    "Brand_Product_Size": "Fantastic Noodles Cup Gluten Free Chicken 45g",
    "WOW Price": 1,
    "WOW Size": "45g",
    "WOW ppu": "$2.22 / 100G"
  },
  {
    "Brand_Product_Size": "Antex Insect Control Granules 500g",
    "WOW Price": 6.75,
    "WOW Size": "500g",
    "WOW ppu": "$1.35 / 100G"
  },
  {
    "Brand_Product_Size": "Nestle Milo Choc-malt 200g",
    "WOW Price": 4,
    "WOW Size": "200g",
    "WOW ppu": "$2.00 / 100G"
  },
  {
    "Brand_Product_Size": "Murray River Organics Australian Sultanas 6 pack",
    "WOW Price": 4,
    "WOW Size": "6 pack",
    "WOW ppu": "$19.05 / 1KG"
  },
  {
    "Brand_Product_Size": "Woolworths Essentials Kitchen Scissors 21cm",
    "WOW Price": 2,
    "WOW Size": "21cm",
    "WOW ppu": ""
  },
  {
    "Brand_Product_Size": "Dilmah Earl Grey Tea Bags 50 pack",
    "WOW Price": 5,
    "WOW Size": "50 pack",
    "WOW ppu": "$0.10 / 1EA"
  },
  {
    "Brand_Product_Size": "Dilmah Earl Grey Tea Bags 50 pack",
    "WOW Price": 5,
    "WOW Size": "50 pack",
    "WOW ppu": "$0.10 / 1EA"
  },
  {
    "Brand_Product_Size": "Ecostore Baby Shampoo 200mL",
    "WOW Price": 5,
    "WOW Size": "200mL",
    "WOW ppu": "$2.50 / 100ML"
  },
  {
    "Brand_Product_Size": "Ecostore Baby Shampoo 200mL",
    "WOW Price": 5,
    "WOW Size": "200mL",
    "WOW ppu": "$2.50 / 100ML"
  },
  {
    "Brand_Product_Size": "Campbell's Country Ladle With Bone Broth Chicken, White Bean & Veg 505g",
    "WOW Price": 3,
    "WOW Size": "505g",
    "WOW ppu": "$0.59 / 100G"
  },
  {
    "Brand_Product_Size": "Baxter's Rawhide Chew Bars Beef 5 pack",
    "WOW Price": 5,
    "WOW Size": "5 pack",
    "WOW ppu": "$1.00 / 1EA"
  },
  {
    "Brand_Product_Size": "Uncle Tobys Muesli Bars Variety Pack 15 pack",
    "WOW Price": 6,
    "WOW Size": "15 pack",
    "WOW ppu": "$1.28 / 100G"
  },
  {
    "Brand_Product_Size": "Uncle Tobys Muesli Bars Variety Pack 15 pack",
    "WOW Price": 6,
    "WOW Size": "15 pack",
    "WOW ppu": "$1.28 / 100G"
  },
  {
    "Brand_Product_Size": "Vegie Delights Meatless Meatballs 300g",
    "WOW Price": 6,
    "WOW Size": "300g",
    "WOW ppu": "$2.00 / 100G"
  },
  {
    "Brand_Product_Size": "Love Luna Full Period Brief 14--16",
    "WOW Price": 13.5,
    "WOW Size": "14--16",
    "WOW ppu": "$13.50 / 1EA"
  },
  {
    "Brand_Product_Size": "Woolworths Sultanas 375g",
    "WOW Price": 2.6,
    "WOW Size": "375g",
    "WOW ppu": "$6.93 / 1KG"
  },
  {
    "Brand_Product_Size": "Woolworths Fresh Pacific Oysters 1 dozen",
    "WOW Price": 18,
    "WOW Size": "1 dozen",
    "WOW ppu": "$1.50 / 1EA"
  },
  {
    "Brand_Product_Size": "V.i.p Adult Dog Food Chicken Chunkers 1kg",
    "WOW Price": 4.25,
    "WOW Size": "1kg",
    "WOW ppu": "$0.43 / 100G"
  },
  {
    "Brand_Product_Size": "Jarlsberg Original Cheese Block 250g",
    "WOW Price": 7.9,
    "WOW Size": "250g",
    "WOW ppu": "$31.60 / 1KG"
  },
  {
    "Brand_Product_Size": "Jarlsberg Original Cheese Block 250g",
    "WOW Price": 7.9,
    "WOW Size": "250g",
    "WOW ppu": "$31.60 / 1KG"
  },
  {
    "Brand_Product_Size": "Swisse Beauty Sleep & Renew Booster Soft Capsules 30 pack",
    "WOW Price": 40,
    "WOW Size": "30 pack",
    "WOW ppu": "$133.33 / 100EA"
  },
  {
    "Brand_Product_Size": "Yoplait Petit Miam Vanilla & Apple Yoghurt 70g",
    "WOW Price": 1,
    "WOW Size": "70g",
    "WOW ppu": "$1.43 / 100G"
  },
  {
    "Brand_Product_Size": "Woolworths Brussel Sprouts Prepack 500g punnet",
    "WOW Price": 5.9,
    "WOW Size": "500g punnet",
    "WOW ppu": "$11.80 / 1KG"
  },
  {
    "Brand_Product_Size": "The Collective Probiotic Kefir Pourable Yoghurt Blueberry 700g",
    "WOW Price": 5,
    "WOW Size": "700g",
    "WOW ppu": "$0.71 / 100G"
  },
  {
    "Brand_Product_Size": "Old El Paso Family Taco Shell 202g",
    "WOW Price": 4.5,
    "WOW Size": "202g",
    "WOW ppu": "$2.23 / 100G"
  },
  {
    "Brand_Product_Size": "Macro Three Bean Chilli With Capsicum, Corn & Quinoa 400g",
    "WOW Price": 8,
    "WOW Size": "400g",
    "WOW ppu": "$2.00 / 100G"
  },
  {
    "Brand_Product_Size": "Cabbage Green whoLe each",
    "WOW Price": 7,
    "WOW Size": "whoLe each",
    "WOW ppu": "$7.00 / 1EA"
  },
  {
    "Brand_Product_Size": "Obela Deli Style Feta Balsamic Beetroot & Cashews 200g",
    "WOW Price": 5,
    "WOW Size": "200g",
    "WOW ppu": "$2.50 / 100G"
  },
  {
    "Brand_Product_Size": "Obela Deli Style Feta Balsamic Beetroot & Cashews 200g",
    "WOW Price": 5,
    "WOW Size": "200g",
    "WOW ppu": "$2.50 / 100G"
  },
  {
    "Brand_Product_Size": "Grillworx Long Tongs 40cm each",
    "WOW Price": 4,
    "WOW Size": "each",
    "WOW ppu": "$4.00 / 1EA"
  },
  {
    "Brand_Product_Size": "Actizyme Drain Cleaner Safe Pellet Natural 450g",
    "WOW Price": 21,
    "WOW Size": "450g",
    "WOW ppu": "$4.67 / 100G"
  },
  {
    "Brand_Product_Size": "Kellogg's Corn Flakes Crumbs 300g",
    "WOW Price": 3.2,
    "WOW Size": "300g",
    "WOW ppu": "$0.11 / 10G"
  },
  {
    "Brand_Product_Size": "Neutrogena Deep Clean Normal To Oily Skin Cleanser 200mL",
    "WOW Price": 15.5,
    "WOW Size": "200mL",
    "WOW ppu": "$7.75 / 100ML"
  },
  {
    "Brand_Product_Size": "Vittoria Espressotoria Oro Coffee Capsules 12 pack",
    "WOW Price": 5.88,
    "WOW Size": "12 pack",
    "WOW ppu": "$0.49 / 1EA"
  },
  {
    "Brand_Product_Size": "Vittoria Espressotoria Oro Coffee Capsules 12 pack",
    "WOW Price": 5.88,
    "WOW Size": "12 pack",
    "WOW ppu": "$0.49 / 1EA"
  },
  {
    "Brand_Product_Size": "Fresh Pet Food Co Pets Mince 1kg",
    "WOW Price": 7,
    "WOW Size": "1kg",
    "WOW ppu": "$0.70 / 100G"
  },
  {
    "Brand_Product_Size": "Air Wick Essential Oil Vanilla Electric Triple Refill 21mL",
    "WOW Price": 13.5,
    "WOW Size": "21mL",
    "WOW ppu": "$2.14 / 10ML"
  },
  {
    "Brand_Product_Size": "My Dog Chicken Supreme Loaf Classics Wet Dog Food Tray 100g",
    "WOW Price": 1,
    "WOW Size": "100g",
    "WOW ppu": "$1.00 / 100G"
  },
  {
    "Brand_Product_Size": "Adesso Appliance Slow Cooker 1.5L each",
    "WOW Price": 20,
    "WOW Size": "1.5L each",
    "WOW ppu": ""
  },
  {
    "Brand_Product_Size": "Maybelline Fit Me Dewy & Smooth Liquid Foundation - Medium Buff 30mL",
    "WOW Price": 11,
    "WOW Size": "30mL",
    "WOW ppu": "$3.67 / 10ML"
  },
  {
    "Brand_Product_Size": "Bonds Bloody Comfy Period Full Brief Heavy Days Size 14 each",
    "WOW Price": 18.75,
    "WOW Size": "each",
    "WOW ppu": "$18.75 / 1EA"
  },
  {
    "Brand_Product_Size": "Bonds Kids Socks Logo Sport 1/4 Size 2-8 3 pack",
    "WOW Price": 9.1,
    "WOW Size": "3 pack",
    "WOW ppu": "$3.03 / 1EA"
  },
  {
    "Brand_Product_Size": "John Frieda Frizz Ease Secret Weapon Styler 113g",
    "WOW Price": 17,
    "WOW Size": "113g",
    "WOW ppu": "$15.04 / 100G"
  },
  {
    "Brand_Product_Size": "Supercoat Adult True Origin Chicken & Duck Dry Dog Food 2.5kg",
    "WOW Price": 16,
    "WOW Size": "2.5kg",
    "WOW ppu": "$0.64 / 100G"
  },
  {
    "Brand_Product_Size": "Tresemme Professional Hair Conditioner Moisture Rich 900mL",
    "WOW Price": 7,
    "WOW Size": "900mL",
    "WOW ppu": "$0.78 / 100ML"
  },
  {
    "Brand_Product_Size": "Woolworths Potato Mini Microwavable White 500g",
    "WOW Price": 2,
    "WOW Size": "500g",
    "WOW ppu": "$4.00 / 1KG"
  },
  {
    "Brand_Product_Size": "3m Command Utensil Hooks Small White 3 pack",
    "WOW Price": 6.5,
    "WOW Size": "3 pack",
    "WOW ppu": "$2.17 / 1EA"
  },
  {
    "Brand_Product_Size": "Dairy Farmers Thick & Creamy Orchard Peach 600g",
    "WOW Price": 4.5,
    "WOW Size": "600g",
    "WOW ppu": "$0.75 / 100G"
  },
  {
    "Brand_Product_Size": "Woolworths Banana Cake 300g",
    "WOW Price": 4,
    "WOW Size": "300g",
    "WOW ppu": "$1.33 / 100G"
  },
  {
    "Brand_Product_Size": "Sally Hansen Insta Dri Buff & Tumble each",
    "WOW Price": 4.5,
    "WOW Size": "each",
    "WOW ppu": "$5.00 / 10ML"
  },
  {
    "Brand_Product_Size": "Whiskas Sardine & Prawn Adult Dry Cat Food 800g",
    "WOW Price": 5,
    "WOW Size": "800g",
    "WOW ppu": "$0.63 / 100G"
  },
  {
    "Brand_Product_Size": "Australian Women's Weekly Magazine each",
    "WOW Price": 7.8,
    "WOW Size": "each",
    "WOW ppu": ""
  },
  {
    "Brand_Product_Size": "Woolworths Long Angel Hair Pasta 500g",
    "WOW Price": 1,
    "WOW Size": "500g",
    "WOW ppu": "$0.20 / 100G"
  },
  {
    "Brand_Product_Size": "Don Premium Double Smoked Pan Size Bacon 200g",
    "WOW Price": 6,
    "WOW Size": "200g",
    "WOW ppu": "$30.00 / 1KG"
  },
  {
    "Brand_Product_Size": "Lavazza Ground Coffee Torino Qualita Oro Arabica 1kg",
    "WOW Price": 21,
    "WOW Size": "1kg",
    "WOW ppu": "$2.10 / 100G"
  },
  {
    "Brand_Product_Size": "Lavazza Ground Coffee Torino Qualita Oro Arabica 1kg",
    "WOW Price": 21,
    "WOW Size": "1kg",
    "WOW ppu": "$2.10 / 100G"
  },
  {
    "Brand_Product_Size": "Jack Hammer Plug 32mm each",
    "WOW Price": 4,
    "WOW Size": "each",
    "WOW ppu": ""
  },
  {
    "Brand_Product_Size": "Pepsi Max Bottle 600mL",
    "WOW Price": 3,
    "WOW Size": "600mL",
    "WOW ppu": "$5.00 / 1L"
  },
  {
    "Brand_Product_Size": "Air Wick Botanica Island Rose & African Geranium Reed Diffuser 80mL",
    "WOW Price": 16.5,
    "WOW Size": "80mL",
    "WOW ppu": "$2.06 / 10ML"
  },
  {
    "Brand_Product_Size": "Cover Girl Lash Blast Volume Waterproof Mascara 825 Very Black each",
    "WOW Price": 9.5,
    "WOW Size": "each",
    "WOW ppu": "$7.25 / 10ML"
  },
  {
    "Brand_Product_Size": "Baxter's Puppy Milk 1L",
    "WOW Price": 3.3,
    "WOW Size": "1L",
    "WOW ppu": "$0.33 / 100ML"
  },
  {
    "Brand_Product_Size": "Decor Go Salad Kit 1.8l Salad Kit each",
    "WOW Price": 7.5,
    "WOW Size": "each",
    "WOW ppu": ""
  },
  {
    "Brand_Product_Size": "Cadbury Peppermint Bar 55g",
    "WOW Price": 1.5,
    "WOW Size": "55g",
    "WOW ppu": "$2.73 / 100G"
  },
  {
    "Brand_Product_Size": "Macro Organic Snow Peas 125g pack",
    "WOW Price": 7.9,
    "WOW Size": "125g pack",
    "WOW ppu": "$63.20 / 1KG"
  },
  {
    "Brand_Product_Size": "Woolworths Fresh Food Kids Mini Apples 5 pack",
    "WOW Price": 2.5,
    "WOW Size": "5 pack",
    "WOW ppu": "$0.50 / 1EA"
  },
  {
    "Brand_Product_Size": "Woolworths Fresh Food Kids Mini Apples 5 pack",
    "WOW Price": 2.5,
    "WOW Size": "5 pack",
    "WOW ppu": "$0.50 / 1EA"
  },
  {
    "Brand_Product_Size": "Strepsils Double Antibacterial Soothing Sore Throat Lozenges Orange 16 pack",
    "WOW Price": 5.5,
    "WOW Size": "16 pack",
    "WOW ppu": "$0.34 / 1EA"
  },
  {
    "Brand_Product_Size": "Huggies Wipes With Coconut 3x80 pack",
    "WOW Price": 11.5,
    "WOW Size": "3x80 pack",
    "WOW ppu": "$4.79 / 100EA"
  },
  {
    "Brand_Product_Size": "Woolworths Broccoli & Cauliflower Florets 220g",
    "WOW Price": 3.5,
    "WOW Size": "220g",
    "WOW ppu": "$15.91 / 1KG"
  },
  {
    "Brand_Product_Size": "Woolworths Chicken Breast Tempura Nuggets 400g",
    "WOW Price": 3.59,
    "WOW Size": "400g",
    "WOW ppu": "$8.98 / 1KG"
  },
  {
    "Brand_Product_Size": "Woolworths Fairtrade Nespresso Compatible Coffee Capsules Medium 10 pack",
    "WOW Price": 3.7,
    "WOW Size": "10 pack",
    "WOW ppu": "$0.37 / 1EA"
  },
  {
    "Brand_Product_Size": "Woolworths Fairtrade Nespresso Compatible Coffee Capsules Medium 10 pack",
    "WOW Price": 3.7,
    "WOW Size": "10 pack",
    "WOW ppu": "$0.37 / 1EA"
  },
  {
    "Brand_Product_Size": "Bonds Mens Underwear Hipster Brief Medium 5 pack",
    "WOW Price": 29,
    "WOW Size": "5 pack",
    "WOW ppu": "$5.80 / 1EA"
  },
  {
    "Brand_Product_Size": "Nisshin Panko Breadcrumbs 200g",
    "WOW Price": 5,
    "WOW Size": "200g",
    "WOW ppu": "$0.25 / 10G"
  },
  {
    "Brand_Product_Size": "Woolworths Beef Scotch Fillet Steak Medium 250g - 650g",
    "WOW Price": 26.65,
    "WOW Size": "250g - 650g",
    "WOW ppu": "$41.00 / 1KG"
  },
  {
    "Brand_Product_Size": "Allen's Jelly Beans Lollies Bag 190g",
    "WOW Price": 3,
    "WOW Size": "190g",
    "WOW ppu": "$1.58 / 100G"
  },
  {
    "Brand_Product_Size": "Woolworths White Iced Mud Cake Slices 4 pack",
    "WOW Price": 5,
    "WOW Size": "4 pack",
    "WOW ppu": "$1.39 / 100G"
  },
  {
    "Brand_Product_Size": "Chobani Flip Greek Yoghurt Key Lime Crumble 140g",
    "WOW Price": 3,
    "WOW Size": "140g",
    "WOW ppu": "$2.14 / 100G"
  },
  {
    "Brand_Product_Size": "Chobani Flip Greek Yoghurt Key Lime Crumble 140g",
    "WOW Price": 3,
    "WOW Size": "140g",
    "WOW ppu": "$2.14 / 100G"
  },
  {
    "Brand_Product_Size": "Moro Light Taste Olive Oil 1L",
    "WOW Price": 12,
    "WOW Size": "1L",
    "WOW ppu": "$1.20 / 100ML"
  },
  {
    "Brand_Product_Size": "Strike Bath & Shower Cleaner 750mL",
    "WOW Price": 2.5,
    "WOW Size": "750mL",
    "WOW ppu": "$0.33 / 100ML"
  },
  {
    "Brand_Product_Size": "Durex K-y Jelly Personal Lubricant 100g",
    "WOW Price": 9,
    "WOW Size": "100g",
    "WOW ppu": "$9.00 / 100G"
  },
  {
    "Brand_Product_Size": "Woolworths Orange Navel 5 pack",
    "WOW Price": 5.9,
    "WOW Size": "5 pack",
    "WOW ppu": "$1.18 / 1EA"
  },
  {
    "Brand_Product_Size": "Woolworths Orange Navel 5 pack",
    "WOW Price": 5.9,
    "WOW Size": "5 pack",
    "WOW ppu": "$1.18 / 1EA"
  },
  {
    "Brand_Product_Size": "Nature's Way Hair Growth Support Gummies 40 pack",
    "WOW Price": 20,
    "WOW Size": "40 pack",
    "WOW ppu": "$50.00 / 100EA"
  },
  {
    "Brand_Product_Size": "Body Science High Protein Bar Low Carb Rich Milk Chocolate 60g",
    "WOW Price": 4,
    "WOW Size": "60g",
    "WOW ppu": "$6.67 / 100G"
  },
  {
    "Brand_Product_Size": "Wai Wai Bihoon Rice Vermicelli 10x50g",
    "WOW Price": 2.75,
    "WOW Size": "10x50g",
    "WOW ppu": "$0.55 / 100G"
  },
  {
    "Brand_Product_Size": "Cenovis Mega C 1000mg Chewable Tablets Orange Flavour 100 pack",
    "WOW Price": 15,
    "WOW Size": "100 pack",
    "WOW ppu": "$15.00 / 100EA"
  },
  {
    "Brand_Product_Size": "Pepsi Max Bottles 300mL x4 pack",
    "WOW Price": 5.9,
    "WOW Size": "300mL x4 pack",
    "WOW ppu": "$4.92 / 1L"
  },
  {
    "Brand_Product_Size": "Woolworths Fruit Salad In Juice 695g",
    "WOW Price": 3.5,
    "WOW Size": "695g",
    "WOW ppu": "$5.04 / 1KG"
  },
  {
    "Brand_Product_Size": "Bio Cheese Shred Pizza 200g",
    "WOW Price": 8,
    "WOW Size": "200g",
    "WOW ppu": "$40.00 / 1KG"
  },
  {
    "Brand_Product_Size": "Air Wick Botanica Vanilla & Himalayan Magnolia Refills 19mL x2 pack",
    "WOW Price": 12.5,
    "WOW Size": "19mL x2 pack",
    "WOW ppu": "$3.29 / 10ML"
  },
  {
    "Brand_Product_Size": "Rimmel Powder Match Perfection each",
    "WOW Price": 8,
    "WOW Size": "each",
    "WOW ppu": "$8.00 / 10G"
  },
  {
    "Brand_Product_Size": "Guzzi's Linguine 375g",
    "WOW Price": 4.7,
    "WOW Size": "375g",
    "WOW ppu": "$1.25 / 100G"
  },
  {
    "Brand_Product_Size": "Fantastic Fresh Noodles Hokkien 450g",
    "WOW Price": 1.35,
    "WOW Size": "450g",
    "WOW ppu": "$0.30 / 100G"
  },
  {
    "Brand_Product_Size": "Fable Plant Based Stroganoff 350g",
    "WOW Price": 10,
    "WOW Size": "350g",
    "WOW ppu": "$2.86 / 100G"
  },
  {
    "Brand_Product_Size": "Total Care Heartwormer Allwormer & Flea Control Chew For Medium Dog each",
    "WOW Price": 18.5,
    "WOW Size": "each",
    "WOW ppu": "$18.50 / 1EA"
  },
  {
    "Brand_Product_Size": "De Costi Prawns Lemon & Garlic Butter 280g",
    "WOW Price": 12.5,
    "WOW Size": "280g",
    "WOW ppu": "$44.64 / 1KG"
  },
  {
    "Brand_Product_Size": "Schweppes Indian Tonic Water Zero Sugar 4 x300mL",
    "WOW Price": 5.9,
    "WOW Size": "4 x300mL",
    "WOW ppu": "$4.92 / 1L"
  },
  {
    "Brand_Product_Size": "Head & Shoulders Dry Scalp Care Shampoo 660mL",
    "WOW Price": 11.9,
    "WOW Size": "660mL",
    "WOW ppu": "$1.80 / 100ML"
  },
  {
    "Brand_Product_Size": "Only Organic Banana Biscotti 100g",
    "WOW Price": 4.4,
    "WOW Size": "100g",
    "WOW ppu": "$4.40 / 100G"
  },
  {
    "Brand_Product_Size": "Vegie Delights Vegie Sausage 300g",
    "WOW Price": 6,
    "WOW Size": "300g",
    "WOW ppu": "$20.00 / 1KG"
  },
  {
    "Brand_Product_Size": "Tresemme Conditioner Keratin Smooth 675mL",
    "WOW Price": 6.5,
    "WOW Size": "675mL",
    "WOW ppu": "$0.96 / 100ML"
  },
  {
    "Brand_Product_Size": "Oscar Orsen Polyband Clear 60 pack",
    "WOW Price": 5.4,
    "WOW Size": "60 pack",
    "WOW ppu": ""
  },
  {
    "Brand_Product_Size": "Masterfoods Basil Leaves 10g",
    "WOW Price": 2.35,
    "WOW Size": "10g",
    "WOW ppu": "$2.35 / 10G"
  },
  {
    "Brand_Product_Size": "Inspire Premium Bath Towel 600gsm Cw1 each",
    "WOW Price": 18,
    "WOW Size": "each",
    "WOW ppu": ""
  },
  {
    "Brand_Product_Size": "Korbond Happy Birthday Balloons 20 pack",
    "WOW Price": 3,
    "WOW Size": "20 pack",
    "WOW ppu": "$0.15 / 1EA"
  },
  {
    "Brand_Product_Size": "Haven Soy Blend Candle Glass With Lid Vanilla Sugar each",
    "WOW Price": 13,
    "WOW Size": "each",
    "WOW ppu": ""
  },
  {
    "Brand_Product_Size": "Green Zucchini each",
    "WOW Price": 1.18,
    "WOW Size": "each",
    "WOW ppu": "$1.18 / 1EA"
  },
  {
    "Brand_Product_Size": "Ratsak Rat & Mouse Trap One Shot 100g",
    "WOW Price": 6.85,
    "WOW Size": "100g",
    "WOW ppu": "$6.85 / 100G"
  },
  {
    "Brand_Product_Size": "Moccona Mixes Cappuccino 10 pack",
    "WOW Price": 4.5,
    "WOW Size": "10 pack",
    "WOW ppu": "$0.45 / 1EA"
  },
  {
    "Brand_Product_Size": "Moccona Mixes Cappuccino 10 pack",
    "WOW Price": 4.5,
    "WOW Size": "10 pack",
    "WOW ppu": "$0.45 / 1EA"
  },
  {
    "Brand_Product_Size": "Bonds Explorer Socks Mens Navy Size 11-14 each",
    "WOW Price": 15,
    "WOW Size": "each",
    "WOW ppu": ""
  },
  {
    "Brand_Product_Size": "Vaalia Blueberry Yoghurt 900g",
    "WOW Price": 5.8,
    "WOW Size": "900g",
    "WOW ppu": "$0.64 / 100G"
  },
  {
    "Brand_Product_Size": "Listerine Total Care Zero Alcohol Mouthwash 500mL",
    "WOW Price": 9.3,
    "WOW Size": "500mL",
    "WOW ppu": "$1.86 / 100ML"
  },
  {
    "Brand_Product_Size": "Duck Toilet Fresh Disc Tropical Sunshine 36mL",
    "WOW Price": 6,
    "WOW Size": "36mL",
    "WOW ppu": "$16.67 / 100ML"
  },
  {
    "Brand_Product_Size": "Fresh Cabbage Organic Green Half each",
    "WOW Price": 5.5,
    "WOW Size": "each",
    "WOW ppu": ""
  },
  {
    "Brand_Product_Size": "Glow Lab Coconut & Spiced Fig Hand Wash 300mL",
    "WOW Price": 7,
    "WOW Size": "300mL",
    "WOW ppu": "$2.33 / 100ML"
  },
  {
    "Brand_Product_Size": "Woolworths Creamy Chicken & Mushroom Risotto 350g",
    "WOW Price": 7.5,
    "WOW Size": "350g",
    "WOW ppu": "$2.14 / 100G"
  },
  {
    "Brand_Product_Size": "Frankie & Friends Large Parrot & Wildbird Bird Seed Mix 2kg",
    "WOW Price": 5,
    "WOW Size": "2kg",
    "WOW ppu": "$0.25 / 100G"
  },
  {
    "Brand_Product_Size": "The Happy Snack Company Kids Fav-va Beans Pizza 10x15g",
    "WOW Price": 5.3,
    "WOW Size": "10x15g",
    "WOW ppu": "$3.53 / 100G"
  },
  {
    "Brand_Product_Size": "The Happy Snack Company Kids Fav-va Beans Pizza 10x15g",
    "WOW Price": 5.3,
    "WOW Size": "10x15g",
    "WOW ppu": "$3.53 / 100G"
  },
  {
    "Brand_Product_Size": "Tradie Mens Trunk L 3 pack",
    "WOW Price": 20,
    "WOW Size": "3 pack",
    "WOW ppu": ""
  },
  {
    "Brand_Product_Size": "Woolworths Frozen Fish Fillets Battered 1kg",
    "WOW Price": 8,
    "WOW Size": "1kg",
    "WOW ppu": "$8.00 / 1KG"
  },
  {
    "Brand_Product_Size": "Perkii Mango Passionfruit Probiotic Drink 350mL",
    "WOW Price": 4.2,
    "WOW Size": "350mL",
    "WOW ppu": "$12.00 / 1L"
  },
  {
    "Brand_Product_Size": "Rafferty's Garden Beef Sweet Potato & Parsnip 8m 120g",
    "WOW Price": 1.9,
    "WOW Size": "120g",
    "WOW ppu": "$1.58 / 100G"
  },
  {
    "Brand_Product_Size": "Sanitarium So Good Long Life Regular Soy Milk 1L",
    "WOW Price": 1.9,
    "WOW Size": "1L",
    "WOW ppu": "$1.90 / 1L"
  },
  {
    "Brand_Product_Size": "Sanitarium So Good Long Life Regular Soy Milk 1L",
    "WOW Price": 1.9,
    "WOW Size": "1L",
    "WOW ppu": "$1.90 / 1L"
  },
  {
    "Brand_Product_Size": "Sunbites Crackers With Quinoa Onion & Balsamic Vinegar 110g",
    "WOW Price": 3,
    "WOW Size": "110g",
    "WOW ppu": "$2.73 / 100G"
  },
  {
    "Brand_Product_Size": "Darrell Lea Dark Chocolate Liquorice Bullets 250g",
    "WOW Price": 3.5,
    "WOW Size": "250g",
    "WOW ppu": "$1.40 / 100G"
  },
  {
    "Brand_Product_Size": "Dollar Sweets Vegetarian Rainbow Sprinkles 155g",
    "WOW Price": 2,
    "WOW Size": "155g",
    "WOW ppu": "$1.29 / 100G"
  },
  {
    "Brand_Product_Size": "Red Rock Deli Gourmet Crackers Murray River Pink Salt & Black Pepper 130g",
    "WOW Price": 2.8,
    "WOW Size": "130g",
    "WOW ppu": "$2.15 / 100G"
  },
  {
    "Brand_Product_Size": "Picasso Kitchen Stone Baked Double Pepperoni Pizza 470g",
    "WOW Price": 4.5,
    "WOW Size": "470g",
    "WOW ppu": "$0.96 / 100G"
  },
  {
    "Brand_Product_Size": "Maybelline The Colossal Volume Express Waterproof Mascara 204 Black 8mL",
    "WOW Price": 10,
    "WOW Size": "8mL",
    "WOW ppu": "$12.50 / 10ML"
  },
  {
    "Brand_Product_Size": "Sara Lee Custard Danish 400g",
    "WOW Price": 6.25,
    "WOW Size": "400g",
    "WOW ppu": "$1.56 / 100G"
  },
  {
    "Brand_Product_Size": "D'orsogna Maple Glazed Streaky Bacon From The Deli per kg",
    "WOW Price": 17,
    "WOW Size": "per kg",
    "WOW ppu": "$17.00 / 1KG"
  },
  {
    "Brand_Product_Size": "Huggies Drynites Pyjama Pants 8-15yrs Boy 9 pack",
    "WOW Price": 12,
    "WOW Size": "9 pack",
    "WOW ppu": "$1.33 / 1EA"
  },
  {
    "Brand_Product_Size": "Prana On Plant Protein Bar Peanut Butter & Jelly Flavour 40g",
    "WOW Price": 4,
    "WOW Size": "40g",
    "WOW ppu": "$10.00 / 100G"
  },
  {
    "Brand_Product_Size": "Carrot Fresh each",
    "WOW Price": 0.31,
    "WOW Size": "each",
    "WOW ppu": "$0.31 / 1EA"
  },
  {
    "Brand_Product_Size": "Nature's Own 4 In 1 Concentrated Fish Oil Capsules 60 pack",
    "WOW Price": 20,
    "WOW Size": "60 pack",
    "WOW ppu": "$33.33 / 100EA"
  },
  {
    "Brand_Product_Size": "Fancy Feast Adult Savory Centers Pat Chicken Gravy Wet Cat Food 85g",
    "WOW Price": 2,
    "WOW Size": "85g",
    "WOW ppu": "$2.35 / 100G"
  },
  {
    "Brand_Product_Size": "Woolworths Sweet Berry Truss Tomatoes Punnet 140g",
    "WOW Price": 3,
    "WOW Size": "140g",
    "WOW ppu": "$21.43 / 1KG"
  },
  {
    "Brand_Product_Size": "Schwarzkopf Taft Hair Spray Strong Hold 200g",
    "WOW Price": 4.45,
    "WOW Size": "200g",
    "WOW ppu": "$2.23 / 100G"
  },
  {
    "Brand_Product_Size": "Essentials Wonder Cloth 2 pack",
    "WOW Price": 3.49,
    "WOW Size": "2 pack",
    "WOW ppu": "$1.75 / 1EA"
  },
  {
    "Brand_Product_Size": "L'oreal Paris Excellence Age Perfect 9.13 Light Cream Blonde each",
    "WOW Price": 16,
    "WOW Size": "each",
    "WOW ppu": ""
  },
  {
    "Brand_Product_Size": "Energizer Iphone Wall Charger With 1 Metre Cable each",
    "WOW Price": 30,
    "WOW Size": "each",
    "WOW ppu": ""
  },
  {
    "Brand_Product_Size": "Centrum For Women 50+ 60 pack",
    "WOW Price": 20,
    "WOW Size": "60 pack",
    "WOW ppu": "$33.33 / 100EA"
  },
  {
    "Brand_Product_Size": "Red Seedless Watermelon Whole each",
    "WOW Price": 26.25,
    "WOW Size": "each",
    "WOW ppu": "$26.25 / 1EA"
  },
  {
    "Brand_Product_Size": "Woolworths Tuna Mexican Style 95g",
    "WOW Price": 0.9,
    "WOW Size": "95g",
    "WOW ppu": "$9.47 / 1KG"
  },
  {
    "Brand_Product_Size": "Woolworths Italian Peeled Tomatoes 400g",
    "WOW Price": 0.8,
    "WOW Size": "400g",
    "WOW ppu": "$2.00 / 1KG"
  },
  {
    "Brand_Product_Size": "Nescafe Dolce Gusto Coffee Capsules Ristretto Ardenza 16 pack",
    "WOW Price": 6,
    "WOW Size": "16 pack",
    "WOW ppu": "$0.38 / 1EA"
  },
  {
    "Brand_Product_Size": "Nescafe Dolce Gusto Coffee Capsules Ristretto Ardenza 16 pack",
    "WOW Price": 6,
    "WOW Size": "16 pack",
    "WOW ppu": "$0.38 / 1EA"
  },
  {
    "Brand_Product_Size": "The Spice Tailor Delicate Korma Curry 300g",
    "WOW Price": 2.75,
    "WOW Size": "300g",
    "WOW ppu": "$0.92 / 100G"
  },
  {
    "Brand_Product_Size": "Armada Medium Kitchen Tidy Bag Lavender/lemon Scented 30 pack",
    "WOW Price": 2,
    "WOW Size": "30 pack",
    "WOW ppu": "$0.07 / 1EA"
  },
  {
    "Brand_Product_Size": "Depend Real Fit For Men Underwear Medium 8 pack",
    "WOW Price": 13,
    "WOW Size": "8 pack",
    "WOW ppu": "$1.63 / 1EA"
  },
  {
    "Brand_Product_Size": "Sunsilk Conditioner Summer Care 700mL",
    "WOW Price": 10,
    "WOW Size": "700mL",
    "WOW ppu": "$1.43 / 100ML"
  },
  {
    "Brand_Product_Size": "Campbell's Country Ladle Canned Soup Chicken Noodle 500g",
    "WOW Price": 1.75,
    "WOW Size": "500g",
    "WOW ppu": "$0.35 / 100G"
  },
  {
    "Brand_Product_Size": "Sunrice White Rice Calrose Medium Grain 10kg",
    "WOW Price": 16,
    "WOW Size": "10kg",
    "WOW ppu": "$0.16 / 100G"
  },
  {
    "Brand_Product_Size": "Swisse Manuka Honey Detoxifying Clay Mask 70g",
    "WOW Price": 11,
    "WOW Size": "70g",
    "WOW ppu": "$11.00 / 1EA"
  },
  {
    "Brand_Product_Size": "Mainland On The Go Special Reserve Cheese And Crackers 50g",
    "WOW Price": 2.5,
    "WOW Size": "50g",
    "WOW ppu": "$50.00 / 1KG"
  },
  {
    "Brand_Product_Size": "Mainland On The Go Special Reserve Cheese And Crackers 50g",
    "WOW Price": 2.5,
    "WOW Size": "50g",
    "WOW ppu": "$50.00 / 1KG"
  },
  {
    "Brand_Product_Size": "Macro Organic Tomato Chutney 275g",
    "WOW Price": 3.6,
    "WOW Size": "275g",
    "WOW ppu": "$13.09 / 1KG"
  },
  {
    "Brand_Product_Size": "Macro Organic Garlic Cloves 150g punnet",
    "WOW Price": 9.9,
    "WOW Size": "150g punnet",
    "WOW ppu": "$66.00 / 1KG"
  },
  {
    "Brand_Product_Size": "Ceres Organics Roasted Seaweed Teriyaki Nori 5g",
    "WOW Price": 1.8,
    "WOW Size": "5g",
    "WOW ppu": "$36.00 / 100G"
  },
  {
    "Brand_Product_Size": "Sonic B Bold Metal Wired Earphones each",
    "WOW Price": 15,
    "WOW Size": "each",
    "WOW ppu": ""
  },
  {
    "Brand_Product_Size": "L'oreal Paris Elvive Extraordinary Oil Hair Treatment 100mL",
    "WOW Price": 20,
    "WOW Size": "100mL",
    "WOW ppu": "$20.00 / 100ML"
  },
  {
    "Brand_Product_Size": "Oc Naturals Anti Dandruff 2-in-1 400mL",
    "WOW Price": 3.5,
    "WOW Size": "400mL",
    "WOW ppu": "$0.88 / 100ML"
  },
  {
    "Brand_Product_Size": "Apollo Dog Food Senior Chicken & Turkey 100g",
    "WOW Price": 0.8,
    "WOW Size": "100g",
    "WOW ppu": "$0.80 / 100G"
  },
  {
    "Brand_Product_Size": "Hermesetas Mini Sweetener Tablets 800 pack",
    "WOW Price": 7.2,
    "WOW Size": "800 pack",
    "WOW ppu": "$0.90 / 100EA"
  },
  {
    "Brand_Product_Size": "Hart & Soul Mushroom Risotto 150g",
    "WOW Price": 3.8,
    "WOW Size": "150g",
    "WOW ppu": "$2.53 / 100G"
  },
  {
    "Brand_Product_Size": "Pantene Pro-v Daily Moisture Renewal Conditioner 900mL",
    "WOW Price": 8.5,
    "WOW Size": "900mL",
    "WOW ppu": "$0.94 / 100ML"
  },
  {
    "Brand_Product_Size": "Philips Led Sticks 1055lm Warm Es 1 pack",
    "WOW Price": 10,
    "WOW Size": "1 pack",
    "WOW ppu": "$10.00 / 1EA"
  },
  {
    "Brand_Product_Size": "Friskies Adult 7 Dry Cat Food Adult 1kg",
    "WOW Price": 4.9,
    "WOW Size": "1kg",
    "WOW ppu": "$0.49 / 100G"
  },
  {
    "Brand_Product_Size": "Lynx Africa Antiperspirant 165mL",
    "WOW Price": 3.5,
    "WOW Size": "165mL",
    "WOW ppu": "$2.12 / 100ML"
  },
  {
    "Brand_Product_Size": "Loacker Wafers Original Hazelnut Tortina 125g",
    "WOW Price": 2.5,
    "WOW Size": "125g",
    "WOW ppu": "$2.00 / 100G"
  },
  {
    "Brand_Product_Size": "Omo Ultimate Laundry Powder 1.8kg",
    "WOW Price": 22,
    "WOW Size": "1.8kg",
    "WOW ppu": "$12.22 / 1KG"
  },
  {
    "Brand_Product_Size": "Finish 0% Dishwasher Tablets 60 pack",
    "WOW Price": 38,
    "WOW Size": "60 pack",
    "WOW ppu": "$0.63 / 1EA"
  },
  {
    "Brand_Product_Size": "Edgell Snack Time Chickpea Olive Oil Garlic & Rosemary 70g",
    "WOW Price": 1.3,
    "WOW Size": "70g",
    "WOW ppu": "$1.86 / 100G"
  },
  {
    "Brand_Product_Size": "Ultimates Indulge Beef Mince In Gravy 400g",
    "WOW Price": 2.5,
    "WOW Size": "400g",
    "WOW ppu": "$0.63 / 100G"
  },
  {
    "Brand_Product_Size": "Uncle Tobys Cereal Shredded Wheat 270g",
    "WOW Price": 5,
    "WOW Size": "270g",
    "WOW ppu": "$1.85 / 100G"
  },
  {
    "Brand_Product_Size": "Jack Hammer Removable Hooks Utility & Utensil Hooks 8 pack",
    "WOW Price": 12,
    "WOW Size": "8 pack",
    "WOW ppu": "$1.50 / 1EA"
  },
  {
    "Brand_Product_Size": "Betty Crocker Creamy Deluxe Chocolate Fudge Frosting 400g",
    "WOW Price": 4,
    "WOW Size": "400g",
    "WOW ppu": "$1.00 / 100G"
  },
  {
    "Brand_Product_Size": "Dare Vanilla Latte 500mL",
    "WOW Price": 3.5,
    "WOW Size": "500mL",
    "WOW ppu": "$7.00 / 1L"
  },
  {
    "Brand_Product_Size": "Savu Bamboo Pulp Straws 40 pack",
    "WOW Price": 2,
    "WOW Size": "40 pack",
    "WOW ppu": ""
  },
  {
    "Brand_Product_Size": "Dairyworks Edam Cheese Slices 500g",
    "WOW Price": 7.5,
    "WOW Size": "500g",
    "WOW ppu": "$15.00 / 1KG"
  },
  {
    "Brand_Product_Size": "Proud & Punch Choc Banana Smoothie Pops 6 pack",
    "WOW Price": 6,
    "WOW Size": "6 pack",
    "WOW ppu": "$0.97 / 100ML"
  },
  {
    "Brand_Product_Size": "Macro Macadamia Kernels 225g",
    "WOW Price": 12,
    "WOW Size": "225g",
    "WOW ppu": "$53.33 / 1KG"
  },
  {
    "Brand_Product_Size": "Tradie Mens Fly Front Trunk Xl each",
    "WOW Price": 12,
    "WOW Size": "each",
    "WOW ppu": ""
  },
  {
    "Brand_Product_Size": "Woolworths Morello Cherries 680g",
    "WOW Price": 3.15,
    "WOW Size": "680g",
    "WOW ppu": "$4.63 / 1KG"
  },
  {
    "Brand_Product_Size": "Gillette Venus Extra Smooth Sensitive Razor Blades 4 pack",
    "WOW Price": 22,
    "WOW Size": "4 pack",
    "WOW ppu": "$5.50 / 1EA"
  },
  {
    "Brand_Product_Size": "Murray River Organics 100% Organic Avocado Oil 250mL",
    "WOW Price": 12,
    "WOW Size": "250mL",
    "WOW ppu": "$4.80 / 100ML"
  },
  {
    "Brand_Product_Size": "Schick Mens Razor Disposable Xtreme 3 Sensitive 10 pack",
    "WOW Price": 9.5,
    "WOW Size": "10 pack",
    "WOW ppu": "$0.95 / 1EA"
  },
  {
    "Brand_Product_Size": "Cenovis Multivitamin & Minerals Tablets Value Pack 200 pack",
    "WOW Price": 14,
    "WOW Size": "200 pack",
    "WOW ppu": "$7.00 / 100EA"
  },
  {
    "Brand_Product_Size": "Maggi 2 Minute Instant Cup Noodle Beef 58g",
    "WOW Price": 1.8,
    "WOW Size": "58g",
    "WOW ppu": "$3.00 / 100G"
  },
  {
    "Brand_Product_Size": "Always Fresh Dolmades 280g",
    "WOW Price": 4.9,
    "WOW Size": "280g",
    "WOW ppu": "$17.50 / 1KG"
  },
  {
    "Brand_Product_Size": "Tamek Sourcherry Juice 1L",
    "WOW Price": 2.45,
    "WOW Size": "1L",
    "WOW ppu": "$0.25 / 100ML"
  },
  {
    "Brand_Product_Size": "Glow Lab Hydrating Shampoo 600mL",
    "WOW Price": 30,
    "WOW Size": "600mL",
    "WOW ppu": "$5.00 / 100ML"
  },
  {
    "Brand_Product_Size": "Dairylea Cheddar Cheese 250g",
    "WOW Price": 4,
    "WOW Size": "250g",
    "WOW ppu": "$16.00 / 1KG"
  },
  {
    "Brand_Product_Size": "Dairylea Cheddar Cheese 250g",
    "WOW Price": 4,
    "WOW Size": "250g",
    "WOW ppu": "$16.00 / 1KG"
  },
  {
    "Brand_Product_Size": "Dairylea Cheddar Cheese 250g",
    "WOW Price": 4,
    "WOW Size": "250g",
    "WOW ppu": "$16.00 / 1KG"
  },
  {
    "Brand_Product_Size": "Philips Led 470lm Cool Bc 2 pack",
    "WOW Price": 6.5,
    "WOW Size": "2 pack",
    "WOW ppu": "$3.25 / 1EA"
  },
  {
    "Brand_Product_Size": "Yumi's Dips Eggplant & Garlic 200g",
    "WOW Price": 4,
    "WOW Size": "200g",
    "WOW ppu": "$2.00 / 100G"
  },
  {
    "Brand_Product_Size": "Multix Non-stick Alfoil 30cm X 10m each",
    "WOW Price": 2.5,
    "WOW Size": "each",
    "WOW ppu": "$0.25 / 1M"
  },
  {
    "Brand_Product_Size": "Sard Wonder Degreasing Stain Remover Spray 500mL",
    "WOW Price": 4,
    "WOW Size": "500mL",
    "WOW ppu": "$8.00 / 1L"
  },
  {
    "Brand_Product_Size": "Kleenex Toilet Tissue 24 pack",
    "WOW Price": 11,
    "WOW Size": "24 pack",
    "WOW ppu": "$0.25 / 100SS"
  },
  {
    "Brand_Product_Size": "Made With Plants Meat Free Bacon 200g",
    "WOW Price": 8,
    "WOW Size": "200g",
    "WOW ppu": "$40.00 / 1KG"
  },
  {
    "Brand_Product_Size": "Masterfoods Smokey Jamaican Barbecue Style Marinade 160g",
    "WOW Price": 2.4,
    "WOW Size": "160g",
    "WOW ppu": "$1.50 / 100G"
  },
  {
    "Brand_Product_Size": "Hoyt's Garam Masala 25g",
    "WOW Price": 1.9,
    "WOW Size": "25g",
    "WOW ppu": "$0.76 / 10G"
  },
  {
    "Brand_Product_Size": "Scotch Gripping Pads Brown 8 pack",
    "WOW Price": 8.5,
    "WOW Size": "8 pack",
    "WOW ppu": "$1.06 / 1EA"
  },
  {
    "Brand_Product_Size": "Sonic B Wonderful Universal Headset each",
    "WOW Price": 29.95,
    "WOW Size": "each",
    "WOW ppu": ""
  },
  {
    "Brand_Product_Size": "Korbond Instant Repair Kit each",
    "WOW Price": 5,
    "WOW Size": "each",
    "WOW ppu": ""
  },
  {
    "Brand_Product_Size": "Deep Heat Lower Back & Hip Heating Belt each",
    "WOW Price": 7.2,
    "WOW Size": "each",
    "WOW ppu": "$7.20 / 1EA"
  },
  {
    "Brand_Product_Size": "Underworks Ladies Marshmallow Anklet 5 To 10 2 pack",
    "WOW Price": 6,
    "WOW Size": "2 pack",
    "WOW ppu": "$6.00 / 1EA"
  },
  {
    "Brand_Product_Size": "World's Best Cat Litter Clumping Cat Litter 3.63kg",
    "WOW Price": 16,
    "WOW Size": "3.63kg",
    "WOW ppu": "$4.41 / 1KG"
  },
  {
    "Brand_Product_Size": "L'oreal Infallable More Than Concealer 326 Vanilla 11mL",
    "WOW Price": 15,
    "WOW Size": "11mL",
    "WOW ppu": "$13.64 / 10ML"
  },
  {
    "Brand_Product_Size": "Herbert Adams Artisan Thai Style Red Chicken Curry Pies 2 pack",
    "WOW Price": 7.5,
    "WOW Size": "2 pack",
    "WOW ppu": "$1.88 / 100G"
  },
  {
    "Brand_Product_Size": "Lexar Usb 2.0 S60 64gb each",
    "WOW Price": 25,
    "WOW Size": "each",
    "WOW ppu": ""
  },
  {
    "Brand_Product_Size": "Rokeby Farms Protein Smoothie Double Espresso 425mL",
    "WOW Price": 2.65,
    "WOW Size": "425mL",
    "WOW ppu": "$6.24 / 1L"
  },
  {
    "Brand_Product_Size": "Morning Fresh Dishwashing Liquid Raspberry & Crisp Apple 900mL",
    "WOW Price": 3.75,
    "WOW Size": "900mL",
    "WOW ppu": "$0.42 / 100ML"
  },
  {
    "Brand_Product_Size": "Toni & Guy Purple Conditioner 250mL",
    "WOW Price": 8,
    "WOW Size": "250mL",
    "WOW ppu": "$3.20 / 100ML"
  },
  {
    "Brand_Product_Size": "Mckenzie's Buckwheat Flour 300g",
    "WOW Price": 2.95,
    "WOW Size": "300g",
    "WOW ppu": "$9.83 / 1KG"
  },
  {
    "Brand_Product_Size": "Ottogi Jin Ramen Mild Instant Noodles 120g",
    "WOW Price": 1.5,
    "WOW Size": "120g",
    "WOW ppu": "$1.25 / 100G"
  },
  {
    "Brand_Product_Size": "Decor Microsafe Oblong 375ml 3 pack",
    "WOW Price": 11,
    "WOW Size": "3 pack",
    "WOW ppu": ""
  },
  {
    "Brand_Product_Size": "Tetley Cold Infusions Strawberry & Watermelon 14 pack",
    "WOW Price": 3,
    "WOW Size": "14 pack",
    "WOW ppu": "$0.21 / 1EA"
  },
  {
    "Brand_Product_Size": "Toni & Guy Conditioner For Fine Hair 250mL",
    "WOW Price": 16,
    "WOW Size": "250mL",
    "WOW ppu": "$6.40 / 100ML"
  },
  {
    "Brand_Product_Size": "Mr Brownie Blondies 8 pack",
    "WOW Price": 5,
    "WOW Size": "8 pack",
    "WOW ppu": "$2.50 / 100G"
  },
  {
    "Brand_Product_Size": "Korbond Tape Measure Metric & Imperial each",
    "WOW Price": 2,
    "WOW Size": "each",
    "WOW ppu": ""
  },
  {
    "Brand_Product_Size": "The Natural Cracker Co. Sour Cream & Chives Crispy Crackers 160g",
    "WOW Price": 3.5,
    "WOW Size": "160g",
    "WOW ppu": "$2.19 / 100G"
  },
  {
    "Brand_Product_Size": "Woolworths Meringues Vanilla Minis 100g",
    "WOW Price": 4,
    "WOW Size": "100g",
    "WOW ppu": "$4.00 / 100G"
  },
  {
    "Brand_Product_Size": "Mccain Quick Cook Fries Shoestring Crunchy 750g",
    "WOW Price": 4.3,
    "WOW Size": "750g",
    "WOW ppu": "$5.73 / 1KG"
  },
  {
    "Brand_Product_Size": "Lexar Usb 2.0 S60 32gb 2 pack",
    "WOW Price": 30,
    "WOW Size": "2 pack",
    "WOW ppu": ""
  },
  {
    "Brand_Product_Size": "Woolworths Light Tasty Cheese Block 250g",
    "WOW Price": 4,
    "WOW Size": "250g",
    "WOW ppu": "$16.00 / 1KG"
  },
  {
    "Brand_Product_Size": "Codral Relief Cold & Flu + Decongestant 10 pack",
    "WOW Price": 8.3,
    "WOW Size": "10 pack",
    "WOW ppu": "$0.83 / 1EA"
  },
  {
    "Brand_Product_Size": "Mcobeauty Highlight & Glow Stick Champagne 10g",
    "WOW Price": 7,
    "WOW Size": "10g",
    "WOW ppu": "$7.00 / 10G"
  },
  {
    "Brand_Product_Size": "Clio Curvy Thick Tight 70d Black 1 110mm(w) X 205mm(h) X 20mm(d) each",
    "WOW Price": 10,
    "WOW Size": "each",
    "WOW ppu": ""
  },
  {
    "Brand_Product_Size": "Dimetapp Cold & Flu Immune Support 27 pack",
    "WOW Price": 14,
    "WOW Size": "27 pack",
    "WOW ppu": "$0.52 / 1EA"
  },
  {
    "Brand_Product_Size": "Little Wishes Bowl With Lid 3 pack",
    "WOW Price": 2,
    "WOW Size": "3 pack",
    "WOW ppu": "$0.67 / 1EA"
  },
  {
    "Brand_Product_Size": "Revlon Super Lustrous Matte Lipstick On Fire 4.2g",
    "WOW Price": 12.5,
    "WOW Size": "4.2g",
    "WOW ppu": "$29.76 / 10G"
  },
  {
    "Brand_Product_Size": "Babybel Cheese Portions 200g",
    "WOW Price": 8.5,
    "WOW Size": "200g",
    "WOW ppu": "$42.50 / 1KG"
  },
  {
    "Brand_Product_Size": "Babybel Cheese Portions 200g",
    "WOW Price": 8.5,
    "WOW Size": "200g",
    "WOW ppu": "$42.50 / 1KG"
  },
  {
    "Brand_Product_Size": "Babybel Cheese Portions 200g",
    "WOW Price": 8.5,
    "WOW Size": "200g",
    "WOW ppu": "$42.50 / 1KG"
  },
  {
    "Brand_Product_Size": "Betty Crocker Blueberry Low Fat Muffin Mix 500g",
    "WOW Price": 5.2,
    "WOW Size": "500g",
    "WOW ppu": "$1.04 / 100G"
  },
  {
    "Brand_Product_Size": "Red Seal Natural Mouthwash Thyme Extract 450mL",
    "WOW Price": 9,
    "WOW Size": "450mL",
    "WOW ppu": "$2.00 / 100ML"
  },
  {
    "Brand_Product_Size": "Dishmatic Handle each",
    "WOW Price": 4,
    "WOW Size": "each",
    "WOW ppu": ""
  },
  {
    "Brand_Product_Size": "Nudie Nothing But Carrot Ginger & More 400mL",
    "WOW Price": 3.6,
    "WOW Size": "400mL",
    "WOW ppu": "$9.00 / 1L"
  },
  {
    "Brand_Product_Size": "Praise Aioli Mayonnaise Deli Style Intense Garlic 250mL",
    "WOW Price": 3,
    "WOW Size": "250mL",
    "WOW ppu": "$1.20 / 100ML"
  },
  {
    "Brand_Product_Size": "Tonka Diamond Stack Dog Feeder each",
    "WOW Price": 15,
    "WOW Size": "each",
    "WOW ppu": ""
  },
  {
    "Brand_Product_Size": "Red Rock Deli Basil Pesto, Pecorino & Cashews 150g",
    "WOW Price": 4.5,
    "WOW Size": "150g",
    "WOW ppu": "$3.00 / 100G"
  },
  {
    "Brand_Product_Size": "Batiste Medium & Brunette Dry Shampoo 200mL",
    "WOW Price": 13,
    "WOW Size": "200mL",
    "WOW ppu": "$6.50 / 100ML"
  },
  {
    "Brand_Product_Size": "Schweppes Soda Water 4 x300mL",
    "WOW Price": 5.9,
    "WOW Size": "4 x300mL",
    "WOW ppu": "$4.92 / 1L"
  },
  {
    "Brand_Product_Size": "Sealord Hoki Fillets Lemon Pepper 480g",
    "WOW Price": 7.5,
    "WOW Size": "480g",
    "WOW ppu": "$15.63 / 1KG"
  },
  {
    "Brand_Product_Size": "Ozkleen Kitchen Power Degreaser Trigger Orange Zest 500mL",
    "WOW Price": 5.5,
    "WOW Size": "500mL",
    "WOW ppu": ""
  },
  {
    "Brand_Product_Size": "Essentials Choc Chip Cookies 500g",
    "WOW Price": 1.99,
    "WOW Size": "500g",
    "WOW ppu": "$0.40 / 100G"
  },
  {
    "Brand_Product_Size": "Hart & Soul Vegetable Broth Soup 350g",
    "WOW Price": 4,
    "WOW Size": "350g",
    "WOW ppu": "$1.14 / 100G"
  },
  {
    "Brand_Product_Size": "Obento Japanese Noodles Ramen 150g",
    "WOW Price": 1.4,
    "WOW Size": "150g",
    "WOW ppu": "$0.93 / 100G"
  },
  {
    "Brand_Product_Size": "Praise Dressings Caesar 330mL",
    "WOW Price": 3,
    "WOW Size": "330mL",
    "WOW ppu": "$0.91 / 100ML"
  },
  {
    "Brand_Product_Size": "Barilla Mulino Bianco Cuorcini 200g",
    "WOW Price": 4.5,
    "WOW Size": "200g",
    "WOW ppu": "$2.25 / 100G"
  },
  {
    "Brand_Product_Size": "Red Kellys Salad Dressing Caesar 250mL",
    "WOW Price": 4,
    "WOW Size": "250mL",
    "WOW ppu": "$1.60 / 100ML"
  },
  {
    "Brand_Product_Size": "Nurofen Pain And Inflammation Relief Tablets 200mg Ibuprofen 24 pack",
    "WOW Price": 5.9,
    "WOW Size": "24 pack",
    "WOW ppu": "$0.25 / 1EA"
  },
  {
    "Brand_Product_Size": "Mars Chocolate Bar 53g",
    "WOW Price": 2,
    "WOW Size": "53g",
    "WOW ppu": "$3.77 / 100G"
  },
  {
    "Brand_Product_Size": "Twinings Earl Grey Tea Bags 10 pack 20g",
    "WOW Price": 2.9,
    "WOW Size": "10 pack 20g",
    "WOW ppu": "$0.29 / 1EA"
  },
  {
    "Brand_Product_Size": "Twinings Earl Grey Tea Bags 10 pack 20g",
    "WOW Price": 2.9,
    "WOW Size": "10 pack 20g",
    "WOW ppu": "$0.29 / 1EA"
  },
  {
    "Brand_Product_Size": "Mt Elephant Banana Protein Bread Mix 300g",
    "WOW Price": 10,
    "WOW Size": "300g",
    "WOW ppu": "$3.33 / 100G"
  },
  {
    "Brand_Product_Size": "Lean Cuisine Protein Plus Slow Cooked Glazed Pork, Carrots & Mash 350g",
    "WOW Price": 8.5,
    "WOW Size": "350g",
    "WOW ppu": "$2.43 / 100G"
  },
  {
    "Brand_Product_Size": "Suimin Oriental Chicken Cup 70g",
    "WOW Price": 1.5,
    "WOW Size": "70g",
    "WOW ppu": "$2.14 / 100G"
  },
  {
    "Brand_Product_Size": "Sistema Storage With Tray 3.86l each",
    "WOW Price": 8,
    "WOW Size": "each",
    "WOW ppu": ""
  },
  {
    "Brand_Product_Size": "Eveready Gold Aa Batteries 10 pack",
    "WOW Price": 8,
    "WOW Size": "10 pack",
    "WOW ppu": "$0.80 / 1EA"
  },
  {
    "Brand_Product_Size": "Nature's Way Activated Curcumin Turmeric Concentrate Joint Ease 50 pack",
    "WOW Price": 34,
    "WOW Size": "50 pack",
    "WOW ppu": "$68.00 / 100EA"
  },
  {
    "Brand_Product_Size": "Smint White Spearmint 21g",
    "WOW Price": 2,
    "WOW Size": "21g",
    "WOW ppu": "$9.52 / 100G"
  },
  {
    "Brand_Product_Size": "Abundance Japanese Stir Fry 400g",
    "WOW Price": 7.5,
    "WOW Size": "400g",
    "WOW ppu": "$1.88 / 100G"
  },
  {
    "Brand_Product_Size": "Velvet Bar Soap Pure 4 pack 400g",
    "WOW Price": 4.25,
    "WOW Size": "4 pack 400g",
    "WOW ppu": "$1.06 / 100G"
  },
  {
    "Brand_Product_Size": "Finish 0% Dishwasher Tablets 42 pack",
    "WOW Price": 32,
    "WOW Size": "42 pack",
    "WOW ppu": "$0.76 / 1EA"
  },
  {
    "Brand_Product_Size": "Armor All Multi Purpose Microfibre Drying Towel each",
    "WOW Price": 15.5,
    "WOW Size": "each",
    "WOW ppu": "$15.50 / 1EA"
  },
  {
    "Brand_Product_Size": "Head & Shoulders Ultra Men Shampoo Hair Retain 550mL",
    "WOW Price": 13.3,
    "WOW Size": "550mL",
    "WOW ppu": "$2.42 / 100ML"
  },
  {
    "Brand_Product_Size": "Philips Led 1055lm Warm Es 2 pack",
    "WOW Price": 6.5,
    "WOW Size": "2 pack",
    "WOW ppu": "$3.25 / 1EA"
  },
  {
    "Brand_Product_Size": "Tandaco Coating Mix Fried Chicken 75g",
    "WOW Price": 2,
    "WOW Size": "75g",
    "WOW ppu": "$0.27 / 10G"
  },
  {
    "Brand_Product_Size": "Woolworths Sea Salt Grinder 110g",
    "WOW Price": 2.95,
    "WOW Size": "110g",
    "WOW ppu": "$0.27 / 10G"
  },
  {
    "Brand_Product_Size": "Clio Eco Opaque Tights 80d Black S/m each",
    "WOW Price": 12,
    "WOW Size": "each",
    "WOW ppu": ""
  },
  {
    "Brand_Product_Size": "Heilala Vanilla Extract With Seeds 50mL",
    "WOW Price": 8,
    "WOW Size": "50mL",
    "WOW ppu": "$16.00 / 100ML"
  },
  {
    "Brand_Product_Size": "Ritz Dipz Gherkin 185g",
    "WOW Price": 2,
    "WOW Size": "185g",
    "WOW ppu": "$1.08 / 100G"
  },
  {
    "Brand_Product_Size": "Csr Unrefined Rapadura Sugar 250g",
    "WOW Price": 4,
    "WOW Size": "250g",
    "WOW ppu": "$1.60 / 100G"
  },
  {
    "Brand_Product_Size": "Vs Sassoon Style Multi Curl each",
    "WOW Price": 35,
    "WOW Size": "each",
    "WOW ppu": ""
  },
  {
    "Brand_Product_Size": "Jamie Oliver Recycled Glass Bowl 30cm each",
    "WOW Price": 11.2,
    "WOW Size": "each",
    "WOW ppu": ""
  },
  {
    "Brand_Product_Size": "Sup Weekly Capsule Organiser each",
    "WOW Price": 4,
    "WOW Size": "each",
    "WOW ppu": "$4.00 / 1EA"
  },
  {
    "Brand_Product_Size": "Toshiba Sd Card 32gb each",
    "WOW Price": 28,
    "WOW Size": "each",
    "WOW ppu": ""
  },
  {
    "Brand_Product_Size": "Red Rock Deli Grilled Yakitori Chicken & Shallot 150g",
    "WOW Price": 4.65,
    "WOW Size": "150g",
    "WOW ppu": "$3.10 / 100G"
  },
  {
    "Brand_Product_Size": "Jordans Granola Low Sugar Almond Hazelnut 500g",
    "WOW Price": 7,
    "WOW Size": "500g",
    "WOW ppu": "$1.40 / 100G"
  },
  {
    "Brand_Product_Size": "Nivea Men All Purpose Moisturiser For Face Body & Hands 150mL",
    "WOW Price": 4.8,
    "WOW Size": "150mL",
    "WOW ppu": "$3.20 / 100ML"
  },
  {
    "Brand_Product_Size": "Tylenol Paracetamol 500mg 20 pack",
    "WOW Price": 3.7,
    "WOW Size": "20 pack",
    "WOW ppu": "$0.19 / 1EA"
  },
  {
    "Brand_Product_Size": "Danone Ultimate Italian Tiramisu Yoghurt 160g",
    "WOW Price": 2.5,
    "WOW Size": "160g",
    "WOW ppu": "$1.56 / 100G"
  },
  {
    "Brand_Product_Size": "Air Wick Botanica Diffuser Refills Lavender & Honey Blossom 2 pack",
    "WOW Price": 12.5,
    "WOW Size": "2 pack",
    "WOW ppu": ""
  },
  {
    "Brand_Product_Size": "Old El Paso Mexican Chilli Spice Mix 35g",
    "WOW Price": 1.8,
    "WOW Size": "35g",
    "WOW ppu": "$5.14 / 100G"
  },
  {
    "Brand_Product_Size": "Essentials Flocked Hangers 10 pack",
    "WOW Price": 10,
    "WOW Size": "10 pack",
    "WOW ppu": "$1.00 / 1EA"
  },
  {
    "Brand_Product_Size": "Woolworths Chicken Blasts 200g",
    "WOW Price": 1.4,
    "WOW Size": "200g",
    "WOW ppu": "$0.70 / 100G"
  },
  {
    "Brand_Product_Size": "Lexar Usb 3.0 V100 32gb each",
    "WOW Price": 19,
    "WOW Size": "each",
    "WOW ppu": ""
  },
  {
    "Brand_Product_Size": "Listerine Total Care Mouthwash 100mL",
    "WOW Price": 3,
    "WOW Size": "100mL",
    "WOW ppu": "$3.00 / 100ML"
  },
  {
    "Brand_Product_Size": "Ainsley Harriot Cous Cous Moroccan Medley 100g",
    "WOW Price": 1.9,
    "WOW Size": "100g",
    "WOW ppu": "$1.90 / 100G"
  },
  {
    "Brand_Product_Size": "Thomas & Friends Metal Engine Assorted each",
    "WOW Price": 4,
    "WOW Size": "each",
    "WOW ppu": ""
  },
  {
    "Brand_Product_Size": "Thomas & Friends Metal Engine Assorted each",
    "WOW Price": 4,
    "WOW Size": "each",
    "WOW ppu": ""
  },
  {
    "Brand_Product_Size": "Colgate Optic White Renewal Vibrant Clean Whitening Toothpaste 85g",
    "WOW Price": 15,
    "WOW Size": "85g",
    "WOW ppu": "$17.65 / 100G"
  },
  {
    "Brand_Product_Size": "Nicabate Quit Smoking Extra Fresh Mint Gum 4 Mg 30 pack",
    "WOW Price": 13,
    "WOW Size": "30 pack",
    "WOW ppu": "$0.43 / 1EA"
  },
  {
    "Brand_Product_Size": "Bonds Mens Stay Up Crew Socks Size 6-10 2 pack",
    "WOW Price": 14,
    "WOW Size": "2 pack",
    "WOW ppu": ""
  },
  {
    "Brand_Product_Size": "Glad To Be Green 50% Plant Based Sandwich Bags 40 pack",
    "WOW Price": 2.8,
    "WOW Size": "40 pack",
    "WOW ppu": "$0.07 / 1EA"
  },
  {
    "Brand_Product_Size": "Nestle Milo Cereal 350g",
    "WOW Price": 5.3,
    "WOW Size": "350g",
    "WOW ppu": "$1.51 / 100G"
  },
  {
    "Brand_Product_Size": "Vitapet Jerhigh Chicken Liver Sticks 100g",
    "WOW Price": 4.9,
    "WOW Size": "100g",
    "WOW ppu": "$4.90 / 100G"
  },
  {
    "Brand_Product_Size": "Bluebird Rashuns 150g",
    "WOW Price": 4.5,
    "WOW Size": "150g",
    "WOW ppu": "$3.00 / 100G"
  },
  {
    "Brand_Product_Size": "H2coco 100% Natural Pure Coconut Water 1L",
    "WOW Price": 4,
    "WOW Size": "1L",
    "WOW ppu": "$4.00 / 1L"
  },
  {
    "Brand_Product_Size": "Tommee Tippee Cool Fish Teether each",
    "WOW Price": 5,
    "WOW Size": "each",
    "WOW ppu": ""
  },
  {
    "Brand_Product_Size": "Johnson's Daily Essentials Facial Cleansing Wipes Dry Skin 3 x25 pack",
    "WOW Price": 14.5,
    "WOW Size": "3 x25 pack",
    "WOW ppu": "$0.19 / 1EA"
  },
  {
    "Brand_Product_Size": "Woolworths Steak Spice 60g",
    "WOW Price": 3,
    "WOW Size": "60g",
    "WOW ppu": "$0.50 / 10G"
  },
  {
    "Brand_Product_Size": "Praise Deli Style Honey Dijon 250mL",
    "WOW Price": 2.95,
    "WOW Size": "250mL",
    "WOW ppu": "$1.18 / 100ML"
  },
  {
    "Brand_Product_Size": "Kettle Flat Bread Crackers Sea Salt 150g",
    "WOW Price": 4.5,
    "WOW Size": "150g",
    "WOW ppu": "$3.00 / 100G"
  },
  {
    "Brand_Product_Size": "Fudge Professional Hair Shaper Wax 75g",
    "WOW Price": 22,
    "WOW Size": "75g",
    "WOW ppu": "$29.33 / 100G"
  },
  {
    "Brand_Product_Size": "Grapetiser Sparkling Juice Red Grape 750mL",
    "WOW Price": 4.8,
    "WOW Size": "750mL",
    "WOW ppu": "$6.40 / 1L"
  },
  {
    "Brand_Product_Size": "Pic's Peanut Butter Smooth 380g",
    "WOW Price": 7.5,
    "WOW Size": "380g",
    "WOW ppu": "$1.97 / 100G"
  },
  {
    "Brand_Product_Size": "Pic's Peanut Butter Smooth 380g",
    "WOW Price": 7.5,
    "WOW Size": "380g",
    "WOW ppu": "$1.97 / 100G"
  },
  {
    "Brand_Product_Size": "Philips Led Sticks 1150lm Cool Es 1 pack",
    "WOW Price": 10,
    "WOW Size": "1 pack",
    "WOW ppu": "$10.00 / 1EA"
  },
  {
    "Brand_Product_Size": "Dairylea Fridge Sticks Cheese 160g",
    "WOW Price": 4.55,
    "WOW Size": "160g",
    "WOW ppu": "$28.44 / 1KG"
  },
  {
    "Brand_Product_Size": "Dairylea Fridge Sticks Cheese 160g",
    "WOW Price": 4.55,
    "WOW Size": "160g",
    "WOW ppu": "$28.44 / 1KG"
  },
  {
    "Brand_Product_Size": "Chobani Low Fat Passionfruit Yoghurt 170g",
    "WOW Price": 1.8,
    "WOW Size": "170g",
    "WOW ppu": "$1.06 / 100G"
  },
  {
    "Brand_Product_Size": "Chobani Low Fat Passionfruit Yoghurt 170g",
    "WOW Price": 1.8,
    "WOW Size": "170g",
    "WOW ppu": "$1.06 / 100G"
  },
  {
    "Brand_Product_Size": "Bhuja Beer Mix 160g",
    "WOW Price": 4,
    "WOW Size": "160g",
    "WOW ppu": "$25.00 / 1KG"
  },
  {
    "Brand_Product_Size": "Woolworths Prep Set Go Diced Frozen Zucchini 500g",
    "WOW Price": 2.4,
    "WOW Size": "500g",
    "WOW ppu": "$4.80 / 1KG"
  },
  {
    "Brand_Product_Size": "Kraft Parmesan Cheese Cannister 250g",
    "WOW Price": 7.8,
    "WOW Size": "250g",
    "WOW ppu": "$31.20 / 1KG"
  },
  {
    "Brand_Product_Size": "La Zuppa Soup Pouch Tuscan Chicken & Vegetable 540g",
    "WOW Price": 4.4,
    "WOW Size": "540g",
    "WOW ppu": "$0.81 / 100G"
  },
  {
    "Brand_Product_Size": "Jamie Oliver 3 In 1 Speed Peeler each",
    "WOW Price": 12,
    "WOW Size": "each",
    "WOW ppu": ""
  },
  {
    "Brand_Product_Size": "Mccormicks Slow Cooker Massaman Coconut Beef 40g",
    "WOW Price": 1.5,
    "WOW Size": "40g",
    "WOW ppu": "$3.75 / 100G"
  },
  {
    "Brand_Product_Size": "Arnott's Shapes Savoury 185g",
    "WOW Price": 2.5,
    "WOW Size": "185g",
    "WOW ppu": "$1.35 / 100G"
  },
  {
    "Brand_Product_Size": "Tradie Mens Brief M 4 pack",
    "WOW Price": 16,
    "WOW Size": "4 pack",
    "WOW ppu": ""
  },
  {
    "Brand_Product_Size": "Vanish Napisan Gold Pro White Stain Remover Powder 1.8kg",
    "WOW Price": 17.6,
    "WOW Size": "1.8kg",
    "WOW ppu": "$9.78 / 1KG"
  },
  {
    "Brand_Product_Size": "Brancourts Cottage Cheese Classic 250g",
    "WOW Price": 4,
    "WOW Size": "250g",
    "WOW ppu": "$16.00 / 1KG"
  },
  {
    "Brand_Product_Size": "Brancourts Cottage Cheese Classic 250g",
    "WOW Price": 4,
    "WOW Size": "250g",
    "WOW ppu": "$16.00 / 1KG"
  },
  {
    "Brand_Product_Size": "Yumi's Eggplant Mediterranean Dip 200g",
    "WOW Price": 4,
    "WOW Size": "200g",
    "WOW ppu": "$2.00 / 100G"
  },
  {
    "Brand_Product_Size": "Bausch And Lomb Renu Contact Lens Solution Multi Purpose 355mL",
    "WOW Price": 15,
    "WOW Size": "355mL",
    "WOW ppu": "$4.23 / 100ML"
  },
  {
    "Brand_Product_Size": "Energizer Lithium Ultimate Aaa Batteries 4 pack",
    "WOW Price": 18,
    "WOW Size": "4 pack",
    "WOW ppu": "$4.50 / 1EA"
  },
  {
    "Brand_Product_Size": "Frey Supreme Dark Intense 91% Chocolate Block 100g",
    "WOW Price": 4,
    "WOW Size": "100g",
    "WOW ppu": "$4.00 / 100G"
  },
  {
    "Brand_Product_Size": "Thomas Dux Persian Fetta Cheese 180g",
    "WOW Price": 4.6,
    "WOW Size": "180g",
    "WOW ppu": "$25.56 / 1KG"
  },
  {
    "Brand_Product_Size": "Thomas Dux Persian Fetta Cheese 180g",
    "WOW Price": 4.6,
    "WOW Size": "180g",
    "WOW ppu": "$25.56 / 1KG"
  },
  {
    "Brand_Product_Size": "Greenies Original Dog Dental Treat Regular 170g",
    "WOW Price": 15,
    "WOW Size": "170g",
    "WOW ppu": "$8.82 / 100G"
  },
  {
    "Brand_Product_Size": "Duck Deep Action Gel Pine 750mL",
    "WOW Price": 5,
    "WOW Size": "750mL",
    "WOW ppu": "$0.67 / 100ML"
  },
  {
    "Brand_Product_Size": "Nong Shim Instant Noodles Shin Ramyun 120g",
    "WOW Price": 1.8,
    "WOW Size": "120g",
    "WOW ppu": "$1.50 / 100G"
  },
  {
    "Brand_Product_Size": "Woolworths Yellowfin Tuna With Lemongrass & Chilli 95g",
    "WOW Price": 1.3,
    "WOW Size": "95g",
    "WOW ppu": "$13.68 / 1KG"
  },
  {
    "Brand_Product_Size": "Piksters Dental Floss Interdental Brush Medium 10 pack",
    "WOW Price": 7,
    "WOW Size": "10 pack",
    "WOW ppu": "$0.70 / 1EA"
  },
  {
    "Brand_Product_Size": "Golden Circle Apple Raspberry Fruit Drink 6x250mL",
    "WOW Price": 4.5,
    "WOW Size": "6x250mL",
    "WOW ppu": "$3.00 / 1L"
  },
  {
    "Brand_Product_Size": "Heinz Spaghetti & Meatballs In Tomato Sauce 420g",
    "WOW Price": 1.9,
    "WOW Size": "420g",
    "WOW ppu": "$0.45 / 100G"
  },
  {
    "Brand_Product_Size": "Liddells Shredded Pizza Blend Cheese Lactose Free 225g",
    "WOW Price": 5.7,
    "WOW Size": "225g",
    "WOW ppu": "$25.33 / 1KG"
  },
  {
    "Brand_Product_Size": "Continental Nutrish Snack Mex It Up Pot 80g",
    "WOW Price": 4,
    "WOW Size": "80g",
    "WOW ppu": ""
  },
  {
    "Brand_Product_Size": "Simmone Logue Angus Chunky Beef Pie 2pk 400g",
    "WOW Price": 10.5,
    "WOW Size": "400g",
    "WOW ppu": "$2.39 / 100G"
  },
  {
    "Brand_Product_Size": "Simmone Logue Angus Chunky Beef Pie 2pk 400g",
    "WOW Price": 10.5,
    "WOW Size": "400g",
    "WOW ppu": "$2.39 / 100G"
  },
  {
    "Brand_Product_Size": "T2 French Earl Grey Tea Bags 10 pack",
    "WOW Price": 7,
    "WOW Size": "10 pack",
    "WOW ppu": "$0.70 / 1EA"
  },
  {
    "Brand_Product_Size": "T2 French Earl Grey Tea Bags 10 pack",
    "WOW Price": 7,
    "WOW Size": "10 pack",
    "WOW ppu": "$0.70 / 1EA"
  },
  {
    "Brand_Product_Size": "Jamie Oliver Green Pesto 190g",
    "WOW Price": 5.3,
    "WOW Size": "190g",
    "WOW ppu": "$2.79 / 100G"
  },
  {
    "Brand_Product_Size": "Britannia Good Day Cashew 231g",
    "WOW Price": 2.75,
    "WOW Size": "231g",
    "WOW ppu": "$1.19 / 100G"
  },
  {
    "Brand_Product_Size": "Gourmet Garden Chilli Lightly Dried 10g sachet",
    "WOW Price": 3.5,
    "WOW Size": "10g sachet",
    "WOW ppu": "$3.50 / 10G"
  },
  {
    "Brand_Product_Size": "Gourmet Garden Chilli Lightly Dried 10g sachet",
    "WOW Price": 3.5,
    "WOW Size": "10g sachet",
    "WOW ppu": "$3.50 / 10G"
  },
  {
    "Brand_Product_Size": "Skin Republic Purify & Charcoal Face Mask each",
    "WOW Price": 8,
    "WOW Size": "each",
    "WOW ppu": "$8.00 / 1EA"
  },
  {
    "Brand_Product_Size": "Nature's Way Slim Right Before Meal Shots Berry Flavour 50mL x10 pack",
    "WOW Price": 30,
    "WOW Size": "50mL x10 pack",
    "WOW ppu": "$6.00 / 100ML"
  },
  {
    "Brand_Product_Size": "Armada Aluminium Foil 30cm x 60m",
    "WOW Price": 8.5,
    "WOW Size": "30cm x 60m",
    "WOW ppu": "$0.14 / 1M"
  },
  {
    "Brand_Product_Size": "Schweppes Natural Mineral Water Orange & Mango 1.1L",
    "WOW Price": 1.25,
    "WOW Size": "1.1L",
    "WOW ppu": "$1.14 / 1L"
  },
  {
    "Brand_Product_Size": "Hikari Japanese Paste White Miso 400g",
    "WOW Price": 4,
    "WOW Size": "400g",
    "WOW ppu": "$1.00 / 100G"
  },
  {
    "Brand_Product_Size": "Mount Franklin Lightly Sparkling Passionfruit 375mL x10 pack",
    "WOW Price": 7.9,
    "WOW Size": "375mL x10 pack",
    "WOW ppu": "$21.07 / 1L"
  },
  {
    "Brand_Product_Size": "Easiyo Greek Style Yoghurt & Honey Yoghurt Base 210g",
    "WOW Price": 4.7,
    "WOW Size": "210g",
    "WOW ppu": "$2.24 / 100G"
  },
  {
    "Brand_Product_Size": "Protea Foods South African Biltong Stokkies Peri Peri 100g",
    "WOW Price": 12,
    "WOW Size": "100g",
    "WOW ppu": "$12.00 / 100G"
  },
  {
    "Brand_Product_Size": "Primo Mini Mix Ups Ham, Cheese & Mini Choc Chip Cookie 35g",
    "WOW Price": 3.5,
    "WOW Size": "35g",
    "WOW ppu": "$100.00 / 1KG"
  },
  {
    "Brand_Product_Size": "Woolworths Skim Milk 600mL",
    "WOW Price": 0.9,
    "WOW Size": "600mL",
    "WOW ppu": "$1.50 / 1L"
  },
  {
    "Brand_Product_Size": "Remedy Peach Kombucha 330mL",
    "WOW Price": 4,
    "WOW Size": "330mL",
    "WOW ppu": "$12.12 / 1L"
  },
  {
    "Brand_Product_Size": "Cottons Ultra Thin Pads With Wings Regular 14 pack",
    "WOW Price": 4,
    "WOW Size": "14 pack",
    "WOW ppu": "$0.29 / 1EA"
  },
  {
    "Brand_Product_Size": "Love'em Beef & Liver Dog Treat 90g",
    "WOW Price": 6,
    "WOW Size": "90g",
    "WOW ppu": "$6.67 / 100G"
  },
  {
    "Brand_Product_Size": "Coon Cheese Slices Tasty 500g",
    "WOW Price": 7,
    "WOW Size": "500g",
    "WOW ppu": "$14.00 / 1KG"
  },
  {
    "Brand_Product_Size": "Coon Cheese Slices Tasty 500g",
    "WOW Price": 7,
    "WOW Size": "500g",
    "WOW ppu": "$14.00 / 1KG"
  },
  {
    "Brand_Product_Size": "Softly Delicates Fabric Solution 1.25L",
    "WOW Price": 7.2,
    "WOW Size": "1.25L",
    "WOW ppu": "$5.76 / 1L"
  },
  {
    "Brand_Product_Size": "Red Bull Energy Drink 250mL",
    "WOW Price": 3,
    "WOW Size": "250mL",
    "WOW ppu": "$12.00 / 1L"
  },
  {
    "Brand_Product_Size": "Aussie Bodies Lo Carb Whipped Chocolate Bar 50g",
    "WOW Price": 3,
    "WOW Size": "50g",
    "WOW ppu": "$6.00 / 100G"
  },
  {
    "Brand_Product_Size": "Mccain Man Size Spaghetti & Meatballs 500g",
    "WOW Price": 8,
    "WOW Size": "500g",
    "WOW ppu": "$1.60 / 100G"
  },
  {
    "Brand_Product_Size": "Vitapet Pet Training Pee Pads 7 pack",
    "WOW Price": 9.4,
    "WOW Size": "7 pack",
    "WOW ppu": "$9.40 / 1EA"
  },
  {
    "Brand_Product_Size": "Freedom Foods Prebiotic Berry Almond Muesli 350g",
    "WOW Price": 6.5,
    "WOW Size": "350g",
    "WOW ppu": "$1.86 / 100G"
  },
  {
    "Brand_Product_Size": "Gatorade Fierce Grape Sports Drink 600mL",
    "WOW Price": 2.15,
    "WOW Size": "600mL",
    "WOW ppu": "$3.58 / 1L"
  },
  {
    "Brand_Product_Size": "Nyal Chesty Non Drowsy Cough Medicine 200mL",
    "WOW Price": 8.5,
    "WOW Size": "200mL",
    "WOW ppu": "$4.25 / 100ML"
  },
  {
    "Brand_Product_Size": "Calbee Harvest Snaps Chilli 93g",
    "WOW Price": 3,
    "WOW Size": "93g",
    "WOW ppu": "$32.26 / 1KG"
  },
  {
    "Brand_Product_Size": "White Wings Cookie Mix Soft Centred Choc Chip 485g",
    "WOW Price": 3,
    "WOW Size": "485g",
    "WOW ppu": "$0.62 / 100G"
  },
  {
    "Brand_Product_Size": "Help@hand Hayfever Relief Tablet 10 pack",
    "WOW Price": 6,
    "WOW Size": "10 pack",
    "WOW ppu": "$0.60 / 1EA"
  },
  {
    "Brand_Product_Size": "L'or Espresso Papua New Guinea Intensity 7 Coffee Capsules 10 pack",
    "WOW Price": 6,
    "WOW Size": "10 pack",
    "WOW ppu": "$0.60 / 1EA"
  },
  {
    "Brand_Product_Size": "L'or Espresso Papua New Guinea Intensity 7 Coffee Capsules 10 pack",
    "WOW Price": 6,
    "WOW Size": "10 pack",
    "WOW ppu": "$0.60 / 1EA"
  },
  {
    "Brand_Product_Size": "Bonds Socks Mens No Show Trainers 11-14 3 pack",
    "WOW Price": 15,
    "WOW Size": "3 pack",
    "WOW ppu": "$5.00 / 1EA"
  },
  {
    "Brand_Product_Size": "Woolworths Apple Juice 3L",
    "WOW Price": 4.2,
    "WOW Size": "3L",
    "WOW ppu": "$1.40 / 1L"
  },
  {
    "Brand_Product_Size": "Dairy Farmers Thick & Creamy Caramelised Fig Yoghurt 150g",
    "WOW Price": 1.5,
    "WOW Size": "150g",
    "WOW ppu": "$1.00 / 100G"
  },
  {
    "Brand_Product_Size": "Alishaan Super Basmati Rice 5kg",
    "WOW Price": 10,
    "WOW Size": "5kg",
    "WOW ppu": "$0.20 / 100G"
  },
  {
    "Brand_Product_Size": "Sweet Baby Ray's Buffalo Wing Sauce And Glaze each",
    "WOW Price": 6,
    "WOW Size": "each",
    "WOW ppu": "$1.27 / 100ML"
  },
  {
    "Brand_Product_Size": "Cocobella Coconut Mango Yoghurt 150g",
    "WOW Price": 2,
    "WOW Size": "150g",
    "WOW ppu": "$1.33 / 100G"
  },
  {
    "Brand_Product_Size": "Mainland Cracker Cuts Tasty Cheese 120g",
    "WOW Price": 4.5,
    "WOW Size": "120g",
    "WOW ppu": "$37.50 / 1KG"
  },
  {
    "Brand_Product_Size": "Mainland Cracker Cuts Tasty Cheese 120g",
    "WOW Price": 4.5,
    "WOW Size": "120g",
    "WOW ppu": "$37.50 / 1KG"
  },
  {
    "Brand_Product_Size": "Woolworths Snack Pots Nut Mix Roasted & Salted 200g",
    "WOW Price": 6,
    "WOW Size": "200g",
    "WOW ppu": "$30.00 / 1KG"
  },
  {
    "Brand_Product_Size": "Woolworths Original Brown Rice Crackers 100g",
    "WOW Price": 1.35,
    "WOW Size": "100g",
    "WOW ppu": "$1.35 / 100G"
  },
  {
    "Brand_Product_Size": "Lurpak Butter Block Unsalted 400g",
    "WOW Price": 6.5,
    "WOW Size": "400g",
    "WOW ppu": "$1.63 / 100G"
  },
  {
    "Brand_Product_Size": "Ayam Lemon Chicken Sauce 210mL",
    "WOW Price": 3.5,
    "WOW Size": "210mL",
    "WOW ppu": "$1.67 / 100ML"
  },
  {
    "Brand_Product_Size": "Original Juice Fruit & Veg Apple Banana Cucumber & Celery 1.5L",
    "WOW Price": 5,
    "WOW Size": "1.5L",
    "WOW ppu": "$3.33 / 1L"
  },
  {
    "Brand_Product_Size": "Toni & Guy Casual Sea Salt Texturising Spray 200mL",
    "WOW Price": 16,
    "WOW Size": "200mL",
    "WOW ppu": "$8.00 / 100ML"
  },
  {
    "Brand_Product_Size": "Schmackos Strapz With Liver Dog Treats 500g",
    "WOW Price": 12.9,
    "WOW Size": "500g",
    "WOW ppu": "$2.58 / 100G"
  },
  {
    "Brand_Product_Size": "Lindt Fruit Sensation Berry Acai 150g",
    "WOW Price": 6,
    "WOW Size": "150g",
    "WOW ppu": "$4.00 / 100G"
  },
  {
    "Brand_Product_Size": "Immerse Plug Bath, Sink & Laundry 50mm each",
    "WOW Price": 4,
    "WOW Size": "each",
    "WOW ppu": ""
  },
  {
    "Brand_Product_Size": "Sakata Rice Crackers Sour Cream And Chives 100g",
    "WOW Price": 2,
    "WOW Size": "100g",
    "WOW ppu": "$2.00 / 100G"
  },
  {
    "Brand_Product_Size": "Heinz Spaghetti Extra Cheesy Sauce 300g",
    "WOW Price": 2,
    "WOW Size": "300g",
    "WOW ppu": "$0.67 / 100G"
  },
  {
    "Brand_Product_Size": "Woolworths Danish Style Fetta 200g",
    "WOW Price": 3,
    "WOW Size": "200g",
    "WOW ppu": "$15.00 / 1KG"
  },
  {
    "Brand_Product_Size": "Woolworths Danish Style Fetta 200g",
    "WOW Price": 3,
    "WOW Size": "200g",
    "WOW ppu": "$15.00 / 1KG"
  },
  {
    "Brand_Product_Size": "Macro Xanthan Gum 100g",
    "WOW Price": 5,
    "WOW Size": "100g",
    "WOW ppu": "$5.00 / 100G"
  },
  {
    "Brand_Product_Size": "Jiinju Gold Foil Sheet Mask Radiant Skin each",
    "WOW Price": 3,
    "WOW Size": "each",
    "WOW ppu": "$3.00 / 1EA"
  },
  {
    "Brand_Product_Size": "Applaws Cat Food Pouch: Tuna Wholemeat 70g",
    "WOW Price": 2,
    "WOW Size": "70g",
    "WOW ppu": "$2.86 / 100G"
  },
  {
    "Brand_Product_Size": "Heinz Spaghetti Oops In Tomato & Cheese Sauce 220g",
    "WOW Price": 1.65,
    "WOW Size": "220g",
    "WOW ppu": "$0.75 / 100G"
  },
  {
    "Brand_Product_Size": "Woolworths Raspberry Flavoured Jelly In Pouch 95g",
    "WOW Price": 0.95,
    "WOW Size": "95g",
    "WOW ppu": "$10.00 / 1KG"
  },
  {
    "Brand_Product_Size": "Oral-b Pro-health Advanced All Around Protection Toothpaste 110g",
    "WOW Price": 3.5,
    "WOW Size": "110g",
    "WOW ppu": "$3.18 / 100G"
  },
  {
    "Brand_Product_Size": "Papermate Kilometrico Pen Variety 10 pack",
    "WOW Price": 4.5,
    "WOW Size": "10 pack",
    "WOW ppu": ""
  },
  {
    "Brand_Product_Size": "Weis Passionfruit Coconut Ice Cream Bars 4 pack",
    "WOW Price": 5.5,
    "WOW Size": "4 pack",
    "WOW ppu": "$1.96 / 100ML"
  },
  {
    "Brand_Product_Size": "Patak's Mango Chicken Curry Simmer Sauce 450g",
    "WOW Price": 3.5,
    "WOW Size": "450g",
    "WOW ppu": "$0.78 / 100G"
  },
  {
    "Brand_Product_Size": "Well Naturally No Sugar Added Chocolate Honeycomb 90g",
    "WOW Price": 3.5,
    "WOW Size": "90g",
    "WOW ppu": "$3.89 / 100G"
  },
  {
    "Brand_Product_Size": "Korbond Invitation Cards 10 pack",
    "WOW Price": 3,
    "WOW Size": "10 pack",
    "WOW ppu": "$0.30 / 1EA"
  },
  {
    "Brand_Product_Size": "Dine Wet Cat Food Slices With Succulent Chicken Tray 7 pack",
    "WOW Price": 5.2,
    "WOW Size": "7 pack",
    "WOW ppu": "$0.87 / 100G"
  },
  {
    "Brand_Product_Size": "Armada Aluminium Foil Heavy Duty 30cm x20m",
    "WOW Price": 3.2,
    "WOW Size": "30cm x20m",
    "WOW ppu": "$0.16 / 1M"
  },
  {
    "Brand_Product_Size": "Nurofen Quickzorb Quick Pain Relief Caplets 200mg Ibuprofen 12 pack",
    "WOW Price": 5,
    "WOW Size": "12 pack",
    "WOW ppu": "$0.42 / 1EA"
  },
  {
    "Brand_Product_Size": "Rimmel Kate Sculpting Contour Palette 18.5g each",
    "WOW Price": 8.5,
    "WOW Size": "each",
    "WOW ppu": "$4.59 / 10G"
  },
  {
    "Brand_Product_Size": "H2coco Pure Coconut Water 355mL x4 pack",
    "WOW Price": 9,
    "WOW Size": "355mL x4 pack",
    "WOW ppu": "$6.34 / 1L"
  },
  {
    "Brand_Product_Size": "Bertocchi Sopressa Salami With Fennel Sliced From The Deli per kg",
    "WOW Price": 29,
    "WOW Size": "per kg",
    "WOW ppu": "$29.00 / 1KG"
  },
  {
    "Brand_Product_Size": "Omo Sensitive Laundry Detergent Powder Front & Top Loader 2kg",
    "WOW Price": 15.4,
    "WOW Size": "2kg",
    "WOW ppu": "$7.70 / 1KG"
  },
  {
    "Brand_Product_Size": "Bonds Fashion Skinny Leggings 150d L/xl each",
    "WOW Price": 20,
    "WOW Size": "each",
    "WOW ppu": ""
  },
  {
    "Brand_Product_Size": "Multix Aluminium Foil Extra Wide 10m",
    "WOW Price": 3.95,
    "WOW Size": "10m",
    "WOW ppu": "$0.40 / 1M"
  },
  {
    "Brand_Product_Size": "Herbal Essences Naked Volume White Grapefruit & Mosa Mint Shampoo 400mL",
    "WOW Price": 6,
    "WOW Size": "400mL",
    "WOW ppu": "$1.50 / 100ML"
  },
  {
    "Brand_Product_Size": "Lee Kum Kee Sauce San Choy Bao 100g",
    "WOW Price": 1.7,
    "WOW Size": "100g",
    "WOW ppu": "$1.70 / 100G"
  },
  {
    "Brand_Product_Size": "Woolworths Pepper Grinder Medley 45g",
    "WOW Price": 2.95,
    "WOW Size": "45g",
    "WOW ppu": "$0.66 / 10G"
  },
  {
    "Brand_Product_Size": "Olsent Led Gls Bc 15w 1400lm Cw 2 pack",
    "WOW Price": 12,
    "WOW Size": "2 pack",
    "WOW ppu": "$6.00 / 1EA"
  },
  {
    "Brand_Product_Size": "Chris' Dips Avocado 200g",
    "WOW Price": 3.5,
    "WOW Size": "200g",
    "WOW ppu": "$1.75 / 100G"
  },
  {
    "Brand_Product_Size": "Ob Finest Original Wafer Crackers 100g",
    "WOW Price": 3,
    "WOW Size": "100g",
    "WOW ppu": "$3.00 / 100G"
  },
  {
    "Brand_Product_Size": "Woolworths Parmesan Cheese Block 200g",
    "WOW Price": 5,
    "WOW Size": "200g",
    "WOW ppu": "$25.00 / 1KG"
  },
  {
    "Brand_Product_Size": "Woolworths Parmesan Cheese Block 200g",
    "WOW Price": 5,
    "WOW Size": "200g",
    "WOW ppu": "$25.00 / 1KG"
  },
  {
    "Brand_Product_Size": "Glen 20 Disinfectant Spray Summer Garden 300g",
    "WOW Price": 4,
    "WOW Size": "300g",
    "WOW ppu": "$1.33 / 100G"
  },
  {
    "Brand_Product_Size": "Mr Sheen Polish Pot Pourri Trigger 375mL",
    "WOW Price": 6.2,
    "WOW Size": "375mL",
    "WOW ppu": "$1.65 / 100ML"
  },
  {
    "Brand_Product_Size": "Green's Temptations Jumbo Triple Choc Muffin Mix 425g",
    "WOW Price": 4,
    "WOW Size": "425g",
    "WOW ppu": "$0.94 / 100G"
  },
  {
    "Brand_Product_Size": "Dole Tropical Fruit Chunks In Juice 400g",
    "WOW Price": 1.8,
    "WOW Size": "400g",
    "WOW ppu": "$4.50 / 1KG"
  },
  {
    "Brand_Product_Size": "Colgate Minions Kids Toothbrush 6 Years + Extra Soft 2-pack 2 pack",
    "WOW Price": 7,
    "WOW Size": "2 pack",
    "WOW ppu": "$3.50 / 1EA"
  },
  {
    "Brand_Product_Size": "Sunbites Grain Waves Caramelised Onion & Balsamic 170g",
    "WOW Price": 2.5,
    "WOW Size": "170g",
    "WOW ppu": "$1.47 / 100G"
  },
  {
    "Brand_Product_Size": "Maybelline Superstay 24 2-step Liquid Lipstick - Forever Chestnut 1.8mL",
    "WOW Price": 12,
    "WOW Size": "1.8mL",
    "WOW ppu": ""
  },
  {
    "Brand_Product_Size": "Daily Juice Pulp Free Orange Juice 2L",
    "WOW Price": 5,
    "WOW Size": "2L",
    "WOW ppu": "$2.50 / 1L"
  },
  {
    "Brand_Product_Size": "Rid Medicated Insect Repellent Tropical Strength + Antiseptic 50mL",
    "WOW Price": 6.75,
    "WOW Size": "50mL",
    "WOW ppu": "$6.75 / 100ML"
  },
  {
    "Brand_Product_Size": "Meredith Dairy Goat's Cheese Chevre Plain 80g",
    "WOW Price": 5,
    "WOW Size": "80g",
    "WOW ppu": "$62.50 / 1KG"
  },
  {
    "Brand_Product_Size": "Meredith Dairy Goat's Cheese Chevre Plain 80g",
    "WOW Price": 5,
    "WOW Size": "80g",
    "WOW ppu": "$62.50 / 1KG"
  },
  {
    "Brand_Product_Size": "Mckenzie's Pepper White Ground 100g",
    "WOW Price": 3.75,
    "WOW Size": "100g",
    "WOW ppu": "$0.38 / 10G"
  },
  {
    "Brand_Product_Size": "Valcom Canned Chestnuts Water Sliced 227g",
    "WOW Price": 1.1,
    "WOW Size": "227g",
    "WOW ppu": "$0.48 / 100G"
  },
  {
    "Brand_Product_Size": "Sunsilk Summer Care Conditioner 350mL",
    "WOW Price": 5.5,
    "WOW Size": "350mL",
    "WOW ppu": "$1.57 / 100ML"
  },
  {
    "Brand_Product_Size": "Brita Micro-disc Filter 3 pack",
    "WOW Price": 15,
    "WOW Size": "3 pack",
    "WOW ppu": ""
  },
  {
    "Brand_Product_Size": "Earthwise Nourish Baby Bedtime Bath 275mL",
    "WOW Price": 8,
    "WOW Size": "275mL",
    "WOW ppu": "$2.91 / 100ML"
  },
  {
    "Brand_Product_Size": "Tresemme Hair Spray Extra Hold Salon Finish 360g",
    "WOW Price": 8.25,
    "WOW Size": "360g",
    "WOW ppu": "$2.29 / 100G"
  },
  {
    "Brand_Product_Size": "Mother's Recipe Mixed Pickle 500g",
    "WOW Price": 4,
    "WOW Size": "500g",
    "WOW ppu": "$0.80 / 100G"
  },
  {
    "Brand_Product_Size": "Woolworths Artisan Style Beetroot Crispbread 130g",
    "WOW Price": 3.5,
    "WOW Size": "130g",
    "WOW ppu": "$2.69 / 100G"
  },
  {
    "Brand_Product_Size": "Mint Non-stick Coating Quiche Pan 24cm each",
    "WOW Price": 4.8,
    "WOW Size": "each",
    "WOW ppu": ""
  },
  {
    "Brand_Product_Size": "Decor Match-ups Containter Tall Blue 2.3L",
    "WOW Price": 9,
    "WOW Size": "2.3L",
    "WOW ppu": ""
  },
  {
    "Brand_Product_Size": "Sunkist Bottle 2L",
    "WOW Price": 2.15,
    "WOW Size": "2L",
    "WOW ppu": "$1.08 / 1L"
  },
  {
    "Brand_Product_Size": "Mcobeauty Tattoo Eyebrow Microblading Ink Pen Medium/dark 1.5mL",
    "WOW Price": 8,
    "WOW Size": "1.5mL",
    "WOW ppu": "$53.33 / 10ML"
  },
  {
    "Brand_Product_Size": "Snowdonia Amber Mist Whisky Cheddar per kg",
    "WOW Price": 63,
    "WOW Size": "per kg",
    "WOW ppu": "$63.00 / 1KG"
  },
  {
    "Brand_Product_Size": "Earth Porkless Spring Rolls 250g",
    "WOW Price": 7,
    "WOW Size": "250g",
    "WOW ppu": "$2.80 / 100G"
  },
  {
    "Brand_Product_Size": "Provoke Touch Of Silver Toning Treatment Purple Mask 200mL",
    "WOW Price": 13,
    "WOW Size": "200mL",
    "WOW ppu": "$6.50 / 100ML"
  },
  {
    "Brand_Product_Size": "Palmer's Cocoa Butter Moisturising Body Oil 250mL",
    "WOW Price": 10.99,
    "WOW Size": "250mL",
    "WOW ppu": "$4.40 / 100ML"
  },
  {
    "Brand_Product_Size": "Armada Plastic Plates Assorted 20 pack",
    "WOW Price": 4.5,
    "WOW Size": "20 pack",
    "WOW ppu": "$0.23 / 1EA"
  },
  {
    "Brand_Product_Size": "Clean Laundry Collection Peg Basket Medium each",
    "WOW Price": 3,
    "WOW Size": "each",
    "WOW ppu": ""
  },
  {
    "Brand_Product_Size": "Sunsilk Shampoo Defeat Damage 700mL",
    "WOW Price": 10,
    "WOW Size": "700mL",
    "WOW ppu": "$1.43 / 100ML"
  },
  {
    "Brand_Product_Size": "Chevron Aa Batteries Alkaline 10 pack",
    "WOW Price": 5,
    "WOW Size": "10 pack",
    "WOW ppu": "$0.50 / 1EA"
  },
  {
    "Brand_Product_Size": "Ansell Gloves Silverlined Small Size 7.5 1 pair",
    "WOW Price": 3.2,
    "WOW Size": "1 pair",
    "WOW ppu": "$3.20 / 1EA"
  },
  {
    "Brand_Product_Size": "Schwarzkopf Live Colour Natural Brown 75mL",
    "WOW Price": 14,
    "WOW Size": "75mL",
    "WOW ppu": "$18.67 / 100ML"
  },
  {
    "Brand_Product_Size": "Kellogg's Rice Bubbles Puffed Rice Breakfast Cereal 250g",
    "WOW Price": 4.15,
    "WOW Size": "250g",
    "WOW ppu": "$1.66 / 100G"
  },
  {
    "Brand_Product_Size": "Macro Organic Baked Beans 420g",
    "WOW Price": 0.95,
    "WOW Size": "420g",
    "WOW ppu": "$0.23 / 100G"
  },
  {
    "Brand_Product_Size": "Natural Coarse Sea Salt Ceramic Grinder 100g",
    "WOW Price": 4.5,
    "WOW Size": "100g",
    "WOW ppu": "$0.45 / 10G"
  },
  {
    "Brand_Product_Size": "Rimmel Provocalips 210 Flirty Fling 7mL",
    "WOW Price": 9.5,
    "WOW Size": "7mL",
    "WOW ppu": "$13.57 / 10ML"
  },
  {
    "Brand_Product_Size": "Energizer Usb-c Cable Black 2 Metre each",
    "WOW Price": 25,
    "WOW Size": "each",
    "WOW ppu": ""
  },
  {
    "Brand_Product_Size": "Colgate Recyclean Tooth Brush Medium each",
    "WOW Price": 7,
    "WOW Size": "each",
    "WOW ppu": "$7.00 / 1EA"
  },
  {
    "Brand_Product_Size": "Woolworths Tuna And Rice Mexican Style 190g",
    "WOW Price": 3,
    "WOW Size": "190g",
    "WOW ppu": "$15.79 / 1KG"
  },
  {
    "Brand_Product_Size": "Vetta Microwave Ready Pasta Fibre Penne 150g",
    "WOW Price": 2.25,
    "WOW Size": "150g",
    "WOW ppu": "$1.50 / 100G"
  },
  {
    "Brand_Product_Size": "Honeydew Fresh whoLe each",
    "WOW Price": 4.9,
    "WOW Size": "whoLe each",
    "WOW ppu": "$4.90 / 1EA"
  },
  {
    "Brand_Product_Size": "Gatorade G-active Electrolyte Water Lemon Flavoured No Sugar 600mL",
    "WOW Price": 2.15,
    "WOW Size": "600mL",
    "WOW ppu": "$3.58 / 1L"
  },
  {
    "Brand_Product_Size": "Westgold Full Cream Milk Powder 1kg",
    "WOW Price": 10,
    "WOW Size": "1kg",
    "WOW ppu": "$1.00 / 100G"
  },
  {
    "Brand_Product_Size": "Westgold Full Cream Milk Powder 1kg",
    "WOW Price": 10,
    "WOW Size": "1kg",
    "WOW ppu": "$1.00 / 100G"
  },
  {
    "Brand_Product_Size": "Artline Permanent Marker Black 90mm 2 pack",
    "WOW Price": 7.5,
    "WOW Size": "90mm 2 pack",
    "WOW ppu": ""
  },
  {
    "Brand_Product_Size": "Creative Kitchen Ready To Roll Coloured Fondant Multipack 500g",
    "WOW Price": 8,
    "WOW Size": "500g",
    "WOW ppu": "$1.60 / 100G"
  },
  {
    "Brand_Product_Size": "Katoomba Urid Dal 1kg",
    "WOW Price": 4.5,
    "WOW Size": "1kg",
    "WOW ppu": "$0.45 / 100G"
  },
  {
    "Brand_Product_Size": "Inspire Waffle Blanket Cotton Queen Assorted each",
    "WOW Price": 35,
    "WOW Size": "each",
    "WOW ppu": ""
  },
  {
    "Brand_Product_Size": "Evergreen Silken Tofu 300g",
    "WOW Price": 2,
    "WOW Size": "300g",
    "WOW ppu": "$6.67 / 1KG"
  },
  {
    "Brand_Product_Size": "Sistema Klip It Plus Rectangle 3.35l 2 pack",
    "WOW Price": 7.5,
    "WOW Size": "2 pack",
    "WOW ppu": "$7.50 / 1EA"
  },
  {
    "Brand_Product_Size": "Nature's Way Hemp Oil 100% Pure 1000mg 60 capsuLes",
    "WOW Price": 20,
    "WOW Size": "60 capsuLes",
    "WOW ppu": "$33.33 / 100EA"
  },
  {
    "Brand_Product_Size": "Sakata Rice Crackers Cheddar Cheese 100g",
    "WOW Price": 2,
    "WOW Size": "100g",
    "WOW ppu": "$2.00 / 100G"
  },
  {
    "Brand_Product_Size": "Mccain Corn Kernels 500g",
    "WOW Price": 2.5,
    "WOW Size": "500g",
    "WOW ppu": "$5.00 / 1KG"
  },
  {
    "Brand_Product_Size": "Mckenzie's Bi Carb Soda 350g",
    "WOW Price": 4,
    "WOW Size": "350g",
    "WOW ppu": "$1.14 / 100G"
  },
  {
    "Brand_Product_Size": "Mcobeauty Long Lasting Pressed Powder Invisible Matte Translucent 14.5g",
    "WOW Price": 6.25,
    "WOW Size": "14.5g",
    "WOW ppu": "$4.31 / 10G"
  },
  {
    "Brand_Product_Size": "Marion's Kitchen Thai Spicy Satay 240mL",
    "WOW Price": 5,
    "WOW Size": "240mL",
    "WOW ppu": "$2.08 / 100ML"
  },
  {
    "Brand_Product_Size": "Loving Earth 72% Dark Chocolate 80g",
    "WOW Price": 6.9,
    "WOW Size": "80g",
    "WOW ppu": "$8.63 / 100G"
  },
  {
    "Brand_Product_Size": "Frankie & Friends Wild Bird Ring 750g",
    "WOW Price": 5.4,
    "WOW Size": "750g",
    "WOW ppu": "$0.72 / 100G"
  },
  {
    "Brand_Product_Size": "Vanish Preen Oxi Action Stain Remover Trigger Spray 375mL",
    "WOW Price": 4,
    "WOW Size": "375mL",
    "WOW ppu": "$10.67 / 1L"
  },
  {
    "Brand_Product_Size": "Woolworths Smiling Tums 6 Months+ Chicken & Vegetables 120g",
    "WOW Price": 1,
    "WOW Size": "120g",
    "WOW ppu": "$0.83 / 100G"
  },
  {
    "Brand_Product_Size": "Applaws Chicken & Beef With Vegetables Natural Dog Food 156g",
    "WOW Price": 2.8,
    "WOW Size": "156g",
    "WOW ppu": "$1.79 / 100G"
  },
  {
    "Brand_Product_Size": "Nakula Coconut Yoghurt Natural 500g",
    "WOW Price": 6,
    "WOW Size": "500g",
    "WOW ppu": "$1.20 / 100G"
  },
  {
    "Brand_Product_Size": "Lavazza Vigoroso Intensita 12 30 pack",
    "WOW Price": 13,
    "WOW Size": "30 pack",
    "WOW ppu": "$0.43 / 1EA"
  },
  {
    "Brand_Product_Size": "Lavazza Vigoroso Intensita 12 30 pack",
    "WOW Price": 13,
    "WOW Size": "30 pack",
    "WOW ppu": "$0.43 / 1EA"
  },
  {
    "Brand_Product_Size": "Obela Hommus Smooth Classic 220g",
    "WOW Price": 4,
    "WOW Size": "220g",
    "WOW ppu": "$1.82 / 100G"
  },
  {
    "Brand_Product_Size": "Olina's Artisan Crackers Cranberry & Sunflower Seed 100g",
    "WOW Price": 3.5,
    "WOW Size": "100g",
    "WOW ppu": "$3.50 / 100G"
  },
  {
    "Brand_Product_Size": "Masterfoods Relish Cafe Green Tomato 250g",
    "WOW Price": 2.7,
    "WOW Size": "250g",
    "WOW ppu": "$10.80 / 1KG"
  },
  {
    "Brand_Product_Size": "L'oreal Men Expert Hydra Energetic Face Wash 100mL",
    "WOW Price": 6,
    "WOW Size": "100mL",
    "WOW ppu": "$6.00 / 100ML"
  },
  {
    "Brand_Product_Size": "Tena Ultra Thin Pads Long Length 12 pack",
    "WOW Price": 3.5,
    "WOW Size": "12 pack",
    "WOW ppu": "$0.29 / 1EA"
  },
  {
    "Brand_Product_Size": "Cobs Corn Puffs Sour Cream & Chives Gluten Free 120g",
    "WOW Price": 3.5,
    "WOW Size": "120g",
    "WOW ppu": "$2.92 / 100G"
  },
  {
    "Brand_Product_Size": "La Gina Woodfired Burrata & Semi Dried Tomato Italian Pizza 405g",
    "WOW Price": 7,
    "WOW Size": "405g",
    "WOW ppu": "$1.73 / 100G"
  },
  {
    "Brand_Product_Size": "Colgate Total Mint Waxed Durable Oral Care Dental Floss 100m",
    "WOW Price": 8,
    "WOW Size": "100m",
    "WOW ppu": "$0.08 / 1M"
  },
  {
    "Brand_Product_Size": "Safcol Sardines In Springwater 110g",
    "WOW Price": 1.4,
    "WOW Size": "110g",
    "WOW ppu": "$12.73 / 1KG"
  },
  {
    "Brand_Product_Size": "Schweppes Lemonade Bottle 2L",
    "WOW Price": 2.15,
    "WOW Size": "2L",
    "WOW ppu": "$1.08 / 1L"
  },
  {
    "Brand_Product_Size": "Schweppes Lemonade 4 x300mL",
    "WOW Price": 5.9,
    "WOW Size": "4 x300mL",
    "WOW ppu": "$4.92 / 1L"
  },
  {
    "Brand_Product_Size": "Sam's Pantry Apple & Cranberry Clusters 750g",
    "WOW Price": 5,
    "WOW Size": "750g",
    "WOW ppu": "$0.67 / 100G"
  },
  {
    "Brand_Product_Size": "Garnier Micellar Cleansing Water In Oil 400mL",
    "WOW Price": 9,
    "WOW Size": "400mL",
    "WOW ppu": "$2.25 / 100ML"
  },
  {
    "Brand_Product_Size": "Masterfoods Ground Ginger 25g",
    "WOW Price": 2.2,
    "WOW Size": "25g",
    "WOW ppu": "$0.88 / 10G"
  },
  {
    "Brand_Product_Size": "Toscano Palmiers Sweet Puff Pastry Biscuit 12 pack",
    "WOW Price": 3,
    "WOW Size": "12 pack",
    "WOW ppu": "$3.00 / 100G"
  },
  {
    "Brand_Product_Size": "Dove Women Deodorant Original Clean Alcohol Free 45mL",
    "WOW Price": 3.9,
    "WOW Size": "45mL",
    "WOW ppu": "$7.80 / 100ML"
  },
  {
    "Brand_Product_Size": "Nivea Toner Refreshing Normal & Combination Skin 200mL",
    "WOW Price": 7.7,
    "WOW Size": "200mL",
    "WOW ppu": "$3.85 / 100ML"
  },
  {
    "Brand_Product_Size": "Woolworths Coconut Cream Biscuit 140g",
    "WOW Price": 0.7,
    "WOW Size": "140g",
    "WOW ppu": "$0.50 / 100G"
  },
  {
    "Brand_Product_Size": "Essentials Pastry Brush Assorted each",
    "WOW Price": 2,
    "WOW Size": "each",
    "WOW ppu": ""
  },
  {
    "Brand_Product_Size": "Mckenzie's Chickpea Flour 330g",
    "WOW Price": 2.95,
    "WOW Size": "330g",
    "WOW ppu": "$8.94 / 1KG"
  },
  {
    "Brand_Product_Size": "Hoyt's Cinnamon Dutch Ground 150g",
    "WOW Price": 4.23,
    "WOW Size": "150g",
    "WOW ppu": "$0.28 / 10G"
  },
  {
    "Brand_Product_Size": "Australia's Own Unsweetened Almond Milk 1L",
    "WOW Price": 2.8,
    "WOW Size": "1L",
    "WOW ppu": "$2.80 / 1L"
  },
  {
    "Brand_Product_Size": "Australia's Own Unsweetened Almond Milk 1L",
    "WOW Price": 2.8,
    "WOW Size": "1L",
    "WOW ppu": "$2.80 / 1L"
  },
  {
    "Brand_Product_Size": "Vanish Napisan White Stain Remover Powder 2kg",
    "WOW Price": 13,
    "WOW Size": "2kg",
    "WOW ppu": "$6.50 / 1KG"
  },
  {
    "Brand_Product_Size": "Haday Gold Label Oyster Sauce 530mL",
    "WOW Price": 3,
    "WOW Size": "530mL",
    "WOW ppu": "$0.57 / 100ML"
  },
  {
    "Brand_Product_Size": "Nivea Oil Infused Lotion Coconut & Monoi Oil 400mL",
    "WOW Price": 8,
    "WOW Size": "400mL",
    "WOW ppu": "$2.00 / 100ML"
  },
  {
    "Brand_Product_Size": "Yoplait Forme Zero Berry Harvest Yoghurts 6 pack",
    "WOW Price": 5,
    "WOW Size": "6 pack",
    "WOW ppu": "$0.52 / 100G"
  },
  {
    "Brand_Product_Size": "Deeko Side Plates Plastic 20 pack",
    "WOW Price": 4.65,
    "WOW Size": "20 pack",
    "WOW ppu": "$0.23 / 1EA"
  },
  {
    "Brand_Product_Size": "Cocobella Dairy Free Coconut Yoghurt Vanilla 900g",
    "WOW Price": 9,
    "WOW Size": "900g",
    "WOW ppu": "$1.00 / 100G"
  },
  {
    "Brand_Product_Size": "John West Tempters Tuna Chilli 95g",
    "WOW Price": 1.15,
    "WOW Size": "95g",
    "WOW ppu": "$12.11 / 1KG"
  },
  {
    "Brand_Product_Size": "Hot Pot Casserole Base Savoury 80g",
    "WOW Price": 2.99,
    "WOW Size": "80g",
    "WOW ppu": "$3.74 / 100G"
  },
  {
    "Brand_Product_Size": "Elmer's Cosmic Glue 147mL",
    "WOW Price": 4.9,
    "WOW Size": "147mL",
    "WOW ppu": ""
  },
  {
    "Brand_Product_Size": "Ouma South African Breakfast Rusk 450g",
    "WOW Price": 7.5,
    "WOW Size": "450g",
    "WOW ppu": "$1.67 / 100G"
  },
  {
    "Brand_Product_Size": "Snacktacular Fruity Pouch Fruit Puree Apple 4 pack",
    "WOW Price": 3.8,
    "WOW Size": "4 pack",
    "WOW ppu": "$10.56 / 1KG"
  },
  {
    "Brand_Product_Size": "Splenda Stevia Liquid Sweetener 50mL",
    "WOW Price": 6.5,
    "WOW Size": "50mL",
    "WOW ppu": "$13.00 / 100ML"
  },
  {
    "Brand_Product_Size": "Birds Eye Country Harvest Mixed Vegetables Peas & Corn 1kg",
    "WOW Price": 5,
    "WOW Size": "1kg",
    "WOW ppu": "$5.00 / 1KG"
  },
  {
    "Brand_Product_Size": "Dragon And Phoenix Ingredients Fried Shallot 100g",
    "WOW Price": 2.8,
    "WOW Size": "100g",
    "WOW ppu": "$2.80 / 100G"
  },
  {
    "Brand_Product_Size": "Five:am Organic Vanilla Bean Yoghurt 170g",
    "WOW Price": 2.6,
    "WOW Size": "170g",
    "WOW ppu": "$1.53 / 100G"
  },
  {
    "Brand_Product_Size": "Masterfoods Seasoning Sprinkle Roast Vegetable 38g",
    "WOW Price": 2.8,
    "WOW Size": "38g",
    "WOW ppu": "$0.74 / 10G"
  },
  {
    "Brand_Product_Size": "San Remo Elbows Pasta No 35 500g",
    "WOW Price": 2.6,
    "WOW Size": "500g",
    "WOW ppu": "$0.52 / 100G"
  },
  {
    "Brand_Product_Size": "Murray River Organics Mylk Chocolate Sultanas 110g",
    "WOW Price": 5,
    "WOW Size": "110g",
    "WOW ppu": "$4.55 / 100G"
  },
  {
    "Brand_Product_Size": "Handee Ultra Paper Towel White 120 Sheets 2 pack",
    "WOW Price": 1.75,
    "WOW Size": "2 pack",
    "WOW ppu": "$1.46 / 100SS"
  },
  {
    "Brand_Product_Size": "Dove Men Antiperspirant Roll On Deodorant Sports Fresh 50mL",
    "WOW Price": 3.9,
    "WOW Size": "50mL",
    "WOW ppu": "$7.80 / 100ML"
  },
  {
    "Brand_Product_Size": "Yoplait Petit Miam Blueberry 70g",
    "WOW Price": 1,
    "WOW Size": "70g",
    "WOW ppu": "$1.43 / 100G"
  },
  {
    "Brand_Product_Size": "Yoplait Petit Miam Blueberry 70g",
    "WOW Price": 1,
    "WOW Size": "70g",
    "WOW ppu": "$1.43 / 100G"
  },
  {
    "Brand_Product_Size": "U By Kotex Tampons Super 16 pack",
    "WOW Price": 3.4,
    "WOW Size": "16 pack",
    "WOW ppu": "$0.21 / 1EA"
  },
  {
    "Brand_Product_Size": "Puresoul Chickpeas 1kg",
    "WOW Price": 4,
    "WOW Size": "1kg",
    "WOW ppu": "$0.40 / 100G"
  },
  {
    "Brand_Product_Size": "First Force Super Strength Insect Control Bomb 3 pack",
    "WOW Price": 7,
    "WOW Size": "3 pack",
    "WOW ppu": "$2.33 / 1EA"
  },
  {
    "Brand_Product_Size": "Red Rock Deli Nuts - Glazed Mix Honey, Vanilla & Cranberries 100g",
    "WOW Price": 2.8,
    "WOW Size": "100g",
    "WOW ppu": "$28.00 / 1KG"
  },
  {
    "Brand_Product_Size": "Darrell Lea Bb's Chocolate Orange 185g",
    "WOW Price": 3.5,
    "WOW Size": "185g",
    "WOW ppu": "$1.89 / 100G"
  },
  {
    "Brand_Product_Size": "Sunrice Brown Rice Steamed Organic 250g",
    "WOW Price": 2.8,
    "WOW Size": "250g",
    "WOW ppu": "$1.12 / 100G"
  },
  {
    "Brand_Product_Size": "Refresh Your Car Gel Cannister Fresh Strawberry Cool Lemonade 71g",
    "WOW Price": 8,
    "WOW Size": "71g",
    "WOW ppu": "$11.27 / 100G"
  },
  {
    "Brand_Product_Size": "Pine O Cleen Laundry Sanitiser Fresh Cotton 1.5L",
    "WOW Price": 12,
    "WOW Size": "1.5L",
    "WOW ppu": "$8.00 / 1L"
  },
  {
    "Brand_Product_Size": "Woolworths Sliced Green Beans 410g",
    "WOW Price": 1.1,
    "WOW Size": "410g",
    "WOW ppu": "$2.68 / 1KG"
  },
  {
    "Brand_Product_Size": "Spirax Disney Mickey Mouse Journal Assorted each",
    "WOW Price": 10,
    "WOW Size": "each",
    "WOW ppu": ""
  },
  {
    "Brand_Product_Size": "Sunrice Brown Rice Chips Smokehouse Bbq & Paprika 150g",
    "WOW Price": 5,
    "WOW Size": "150g",
    "WOW ppu": "$3.33 / 100G"
  },
  {
    "Brand_Product_Size": "Bulla Murray Street Vanilla Bean & Chocolate Almonds 460mL",
    "WOW Price": 5,
    "WOW Size": "460mL",
    "WOW ppu": "$1.09 / 100ML"
  },
  {
    "Brand_Product_Size": "Vegemite Salt Reduced 40% Less Salt 235g",
    "WOW Price": 4.9,
    "WOW Size": "235g",
    "WOW ppu": "$2.09 / 100G"
  },
  {
    "Brand_Product_Size": "Mint Non-stick Coating Rectangular Cooling Rack each",
    "WOW Price": 8,
    "WOW Size": "each",
    "WOW ppu": ""
  },
  {
    "Brand_Product_Size": "Wowbutter Peanut Free Crunchy 500g",
    "WOW Price": 4.5,
    "WOW Size": "500g",
    "WOW ppu": "$0.90 / 100G"
  },
  {
    "Brand_Product_Size": "Shine Dishwasher Cleaner Lemon Scented 250mL",
    "WOW Price": 2.9,
    "WOW Size": "250mL",
    "WOW ppu": "$1.16 / 100ML"
  },
  {
    "Brand_Product_Size": "Deeko Plastic Cups Fluro 20 pack",
    "WOW Price": 3.5,
    "WOW Size": "20 pack",
    "WOW ppu": "$0.18 / 1EA"
  },
  {
    "Brand_Product_Size": "Sistema Klip It Plus Round 640mL",
    "WOW Price": 2.75,
    "WOW Size": "640mL",
    "WOW ppu": ""
  },
  {
    "Brand_Product_Size": "Sharpie Marker Extreme 2 pack",
    "WOW Price": 6,
    "WOW Size": "2 pack",
    "WOW ppu": ""
  },
  {
    "Brand_Product_Size": "Fluffy Pure Scents Fabric Softener Creamy Coconut 1L",
    "WOW Price": 7,
    "WOW Size": "1L",
    "WOW ppu": "$7.00 / 1L"
  },
  {
    "Brand_Product_Size": "Mccain Oh My Veg Garlic Butter Beans & Crimini Mushrooms 200g",
    "WOW Price": 4,
    "WOW Size": "200g",
    "WOW ppu": "$20.00 / 1KG"
  },
  {
    "Brand_Product_Size": "Carman's Cranberry & Blueberry Oat Slice 6 pack",
    "WOW Price": 6,
    "WOW Size": "6 pack",
    "WOW ppu": "$2.86 / 100G"
  },
  {
    "Brand_Product_Size": "Carman's Cranberry & Blueberry Oat Slice 6 pack",
    "WOW Price": 6,
    "WOW Size": "6 pack",
    "WOW ppu": "$2.86 / 100G"
  },
  {
    "Brand_Product_Size": "The Chia Co. Chia Black Seeds 500g",
    "WOW Price": 10,
    "WOW Size": "500g",
    "WOW ppu": "$2.00 / 100G"
  },
  {
    "Brand_Product_Size": "Poise Thin & Discreet Regular Pads 16 pack",
    "WOW Price": 6,
    "WOW Size": "16 pack",
    "WOW ppu": "$0.38 / 1EA"
  },
  {
    "Brand_Product_Size": "Laughing Cow Cheez Dippers 140g",
    "WOW Price": 4.5,
    "WOW Size": "140g",
    "WOW ppu": "$32.14 / 1KG"
  },
  {
    "Brand_Product_Size": "Laughing Cow Cheez Dippers 140g",
    "WOW Price": 4.5,
    "WOW Size": "140g",
    "WOW ppu": "$32.14 / 1KG"
  },
  {
    "Brand_Product_Size": "Woolworths Wheat Biscuits 1.12kg",
    "WOW Price": 3.2,
    "WOW Size": "1.12kg",
    "WOW ppu": "$0.29 / 100G"
  },
  {
    "Brand_Product_Size": "Glad Resealable Sandwich Bags 50 pack",
    "WOW Price": 3.8,
    "WOW Size": "50 pack",
    "WOW ppu": "$0.08 / 1EA"
  },
  {
    "Brand_Product_Size": "Glad Resealable Sandwich Bags 50 pack",
    "WOW Price": 3.8,
    "WOW Size": "50 pack",
    "WOW ppu": "$0.08 / 1EA"
  },
  {
    "Brand_Product_Size": "Moccona Cappucinno Coffee Sachets 30 pack",
    "WOW Price": 10.5,
    "WOW Size": "30 pack",
    "WOW ppu": "$0.35 / 1EA"
  },
  {
    "Brand_Product_Size": "Moccona Cappucinno Coffee Sachets 30 pack",
    "WOW Price": 10.5,
    "WOW Size": "30 pack",
    "WOW ppu": "$0.35 / 1EA"
  },
  {
    "Brand_Product_Size": "Organic Red Cabbage Half each",
    "WOW Price": 5.9,
    "WOW Size": "each",
    "WOW ppu": ""
  },
  {
    "Brand_Product_Size": "Turkish Bakeries Sourdough Pizza Bases 2 pack",
    "WOW Price": 5.7,
    "WOW Size": "2 pack",
    "WOW ppu": "$1.27 / 100G"
  },
  {
    "Brand_Product_Size": "Thursday Plantation Oil Tea Tree 50mL",
    "WOW Price": 16.5,
    "WOW Size": "50mL",
    "WOW ppu": "$33.00 / 100ML"
  },
  {
    "Brand_Product_Size": "Hoyt's Basil 15g",
    "WOW Price": 1.8,
    "WOW Size": "15g",
    "WOW ppu": "$1.20 / 10G"
  },
  {
    "Brand_Product_Size": "Nicabate Quit Smoking 24 Hour Patch Step 2 14 Mg 7 pack",
    "WOW Price": 35,
    "WOW Size": "7 pack",
    "WOW ppu": "$5.00 / 1EA"
  },
  {
    "Brand_Product_Size": "Smash Large Freeze Bricks each",
    "WOW Price": 4,
    "WOW Size": "each",
    "WOW ppu": "$4.00 / 1EA"
  },
  {
    "Brand_Product_Size": "Smash Large Freeze Bricks each",
    "WOW Price": 4,
    "WOW Size": "each",
    "WOW ppu": "$4.00 / 1EA"
  },
  {
    "Brand_Product_Size": "Bulla Creamy Classics Ice Cream Vanilla 2L",
    "WOW Price": 4.25,
    "WOW Size": "2L",
    "WOW ppu": "$0.21 / 100ML"
  },
  {
    "Brand_Product_Size": "Hans Lunch Plate Mild Danish Salami & Beetroot Relish 110g",
    "WOW Price": 6.5,
    "WOW Size": "110g",
    "WOW ppu": "$59.09 / 1KG"
  },
  {
    "Brand_Product_Size": "Sonic B Neat Wired Earphones each",
    "WOW Price": 10,
    "WOW Size": "each",
    "WOW ppu": ""
  },
  {
    "Brand_Product_Size": "Passage To India Veg Curry Bowl Tadka Lentil Dal With Rice 280g",
    "WOW Price": 5.5,
    "WOW Size": "280g",
    "WOW ppu": "$1.96 / 100G"
  },
  {
    "Brand_Product_Size": "Fehlbergs Double Strength White Vinegar 1L",
    "WOW Price": 2.5,
    "WOW Size": "1L",
    "WOW ppu": "$0.25 / 100ML"
  },
  {
    "Brand_Product_Size": "Woolworths All Smiles Dental Floss Total Care Mint Picks 36 pack",
    "WOW Price": 1.8,
    "WOW Size": "36 pack",
    "WOW ppu": "$0.05 / 1EA"
  },
  {
    "Brand_Product_Size": "Table Of Plenty Mini Rice Cakes Triple Berry 6 pack",
    "WOW Price": 5.5,
    "WOW Size": "6 pack",
    "WOW ppu": "$6.55 / 100G"
  },
  {
    "Brand_Product_Size": "Hercules Resealable Everyday Sandwich Bags 150 pack",
    "WOW Price": 6,
    "WOW Size": "150 pack",
    "WOW ppu": "$0.04 / 1EA"
  },
  {
    "Brand_Product_Size": "Hercules Resealable Everyday Sandwich Bags 150 pack",
    "WOW Price": 6,
    "WOW Size": "150 pack",
    "WOW ppu": "$0.04 / 1EA"
  },
  {
    "Brand_Product_Size": "Energizer Battery Advanced D 2 pack",
    "WOW Price": 7,
    "WOW Size": "2 pack",
    "WOW ppu": "$3.50 / 1EA"
  },
  {
    "Brand_Product_Size": "Essentials Mesh Scourer Non Scratch 5 pack",
    "WOW Price": 1.99,
    "WOW Size": "5 pack",
    "WOW ppu": "$0.40 / 1EA"
  },
  {
    "Brand_Product_Size": "Mr Chen's Pork & Chive Dumplings 550g",
    "WOW Price": 12,
    "WOW Size": "550g",
    "WOW ppu": "$2.18 / 100G"
  },
  {
    "Brand_Product_Size": "Glow Versatile Style Fashion Scrunchies Assorted 2 pack",
    "WOW Price": 5.5,
    "WOW Size": "2 pack",
    "WOW ppu": ""
  },
  {
    "Brand_Product_Size": "Continental Recipe Base Beef Stroganoff 31g",
    "WOW Price": 2.4,
    "WOW Size": "31g",
    "WOW ppu": "$7.74 / 100G"
  },
  {
    "Brand_Product_Size": "Masterfoods Pepper Steak Seasoning 30g",
    "WOW Price": 3.35,
    "WOW Size": "30g",
    "WOW ppu": "$0.96 / 10G"
  },
  {
    "Brand_Product_Size": "Stingose Antiseptic Gel Tube 25g",
    "WOW Price": 8.7,
    "WOW Size": "25g",
    "WOW ppu": "$34.80 / 100G"
  },
  {
    "Brand_Product_Size": "Heinz Soup Of The Day Pouch Chicken With Bean & Paprika 430g",
    "WOW Price": 3,
    "WOW Size": "430g",
    "WOW ppu": "$0.70 / 100G"
  },
  {
    "Brand_Product_Size": "The Collective Probiotic Vanilla Kefir Yoghurt 500g",
    "WOW Price": 4,
    "WOW Size": "500g",
    "WOW ppu": "$0.80 / 100G"
  },
  {
    "Brand_Product_Size": "Masterfoods Texas Style Smokey Marinade 375g",
    "WOW Price": 3,
    "WOW Size": "375g",
    "WOW ppu": "$0.80 / 100G"
  },
  {
    "Brand_Product_Size": "Bundaberg Sarsaparilla 4x375mL",
    "WOW Price": 6.35,
    "WOW Size": "4x375mL",
    "WOW ppu": "$4.23 / 1L"
  },
  {
    "Brand_Product_Size": "Ayam Coconut Milk Light 270mL",
    "WOW Price": 2.6,
    "WOW Size": "270mL",
    "WOW ppu": "$0.96 / 100ML"
  },
  {
    "Brand_Product_Size": "Mt Elephant Almond & Buckwheat Cocoa Pancake Mix 230g",
    "WOW Price": 8,
    "WOW Size": "230g",
    "WOW ppu": "$3.48 / 100G"
  },
  {
    "Brand_Product_Size": "Golden Circle Pineapple Burst Fruit Drink 6x250mL",
    "WOW Price": 4.5,
    "WOW Size": "6x250mL",
    "WOW ppu": "$3.00 / 1L"
  },
  {
    "Brand_Product_Size": "Aunt Betty's Whipped Cream Pink 250mL",
    "WOW Price": 4,
    "WOW Size": "250mL",
    "WOW ppu": "$1.60 / 100ML"
  },
  {
    "Brand_Product_Size": "Lemsip Max Cold & Flu Decongestant Hot Drink Lemon 10 pack",
    "WOW Price": 13,
    "WOW Size": "10 pack",
    "WOW ppu": "$1.30 / 1EA"
  },
  {
    "Brand_Product_Size": "Total Care Enviro Tug Dog Toy each",
    "WOW Price": 16,
    "WOW Size": "each",
    "WOW ppu": "$16.00 / 1EA"
  },
  {
    "Brand_Product_Size": "Valvoline Engine Armour 10w-30 Engine Oil 1L",
    "WOW Price": 14.99,
    "WOW Size": "1L",
    "WOW ppu": "$14.99 / 1EA"
  },
  {
    "Brand_Product_Size": "Kirks Creaming Soda Sugar Free Bottle 1.25L",
    "WOW Price": 1.85,
    "WOW Size": "1.25L",
    "WOW ppu": "$1.48 / 1L"
  },
  {
    "Brand_Product_Size": "Wiltshire Bakeware Enamel Bake Pie Dish 26cm each",
    "WOW Price": 12,
    "WOW Size": "each",
    "WOW ppu": ""
  },
  {
    "Brand_Product_Size": "Garnier Fructis Nutri-repair 3 Conditioner 850mL",
    "WOW Price": 7.5,
    "WOW Size": "850mL",
    "WOW ppu": "$0.88 / 100ML"
  },
  {
    "Brand_Product_Size": "Tefal Cook Right Wokpan Black 28cm each",
    "WOW Price": 30.4,
    "WOW Size": "28cm each",
    "WOW ppu": ""
  },
  {
    "Brand_Product_Size": "Bosisto's Eucalyptus Spray 225g",
    "WOW Price": 9,
    "WOW Size": "225g",
    "WOW ppu": "$4.00 / 100G"
  },
  {
    "Brand_Product_Size": "Woolworths Sesame & Cracked Pepper Wafer Crackers 100g",
    "WOW Price": 2,
    "WOW Size": "100g",
    "WOW ppu": "$2.00 / 100G"
  },
  {
    "Brand_Product_Size": "Praise Ranch Dressing Ranch 330mL",
    "WOW Price": 3,
    "WOW Size": "330mL",
    "WOW ppu": "$0.91 / 100ML"
  },
  {
    "Brand_Product_Size": "Sunkist Zero Sugar 600mL",
    "WOW Price": 3,
    "WOW Size": "600mL",
    "WOW ppu": "$5.00 / 1L"
  },
  {
    "Brand_Product_Size": "Batiste Blush Dry Shampoo 200mL",
    "WOW Price": 10,
    "WOW Size": "200mL",
    "WOW ppu": "$5.00 / 100ML"
  },
  {
    "Brand_Product_Size": "Beerenberg Raspberry Jam 300g",
    "WOW Price": 5,
    "WOW Size": "300g",
    "WOW ppu": "$1.67 / 100G"
  },
  {
    "Brand_Product_Size": "Sanitarium Weet-bix Bites Crunchy Honey Breakfast Cereal 510g",
    "WOW Price": 4,
    "WOW Size": "510g",
    "WOW ppu": "$0.78 / 100G"
  },
  {
    "Brand_Product_Size": "Oscar Orsen 4.5cm Bobby Pins Bobby Pins 200 pack",
    "WOW Price": 8.5,
    "WOW Size": "200 pack",
    "WOW ppu": ""
  },
  {
    "Brand_Product_Size": "Essentials Iodised Table Salt Drum 500g",
    "WOW Price": 0.9,
    "WOW Size": "500g",
    "WOW ppu": "$0.02 / 10G"
  },
  {
    "Brand_Product_Size": "Frankie & Friends Fish Food Flakes 50g",
    "WOW Price": 5.3,
    "WOW Size": "50g",
    "WOW ppu": "$10.60 / 100G"
  },
  {
    "Brand_Product_Size": "Inspire Artifical Plants Assorted each",
    "WOW Price": 8,
    "WOW Size": "each",
    "WOW ppu": ""
  },
  {
    "Brand_Product_Size": "Little Wishes Teether Water Filled 3 pack",
    "WOW Price": 2.25,
    "WOW Size": "3 pack",
    "WOW ppu": "$0.75 / 1EA"
  },
  {
    "Brand_Product_Size": "Nestle Bakers Choice Cocoa 190g",
    "WOW Price": 4,
    "WOW Size": "190g",
    "WOW ppu": "$2.11 / 100G"
  },
  {
    "Brand_Product_Size": "Chux Original Superwipes Roll 25 pack",
    "WOW Price": 6,
    "WOW Size": "25 pack",
    "WOW ppu": "$0.24 / 1EA"
  },
  {
    "Brand_Product_Size": "For Kids Boys Briefs Size 3-4 5 pack",
    "WOW Price": 8,
    "WOW Size": "5 pack",
    "WOW ppu": ""
  },
  {
    "Brand_Product_Size": "Bulla Splits Multipack Raspberry, Mango & Lemon Lime 10 pack",
    "WOW Price": 7,
    "WOW Size": "10 pack",
    "WOW ppu": "$0.93 / 100ML"
  },
  {
    "Brand_Product_Size": "Schweppes Solo Bottle 600mL",
    "WOW Price": 3,
    "WOW Size": "600mL",
    "WOW ppu": "$5.00 / 1L"
  },
  {
    "Brand_Product_Size": "Woolworths 5 Subject Lecture Book A4 each",
    "WOW Price": 6,
    "WOW Size": "each",
    "WOW ppu": ""
  },
  {
    "Brand_Product_Size": "Brite Semi Permanent Hair Colour Rose Gold 75mL",
    "WOW Price": 10,
    "WOW Size": "75mL",
    "WOW ppu": "$13.33 / 100ML"
  },
  {
    "Brand_Product_Size": "Cookie Time Original Chocolate Chunk Cookie 85g",
    "WOW Price": 4,
    "WOW Size": "85g",
    "WOW ppu": "$4.71 / 100G"
  },
  {
    "Brand_Product_Size": "Grillworx Digital Food Thermometer each",
    "WOW Price": 11.2,
    "WOW Size": "each",
    "WOW ppu": "$11.20 / 1EA"
  },
  {
    "Brand_Product_Size": "Rufus & Coco Natural Rubber Chew Dog Toy each",
    "WOW Price": 15,
    "WOW Size": "each",
    "WOW ppu": "$15.00 / 1EA"
  },
  {
    "Brand_Product_Size": "Woolworths Shaved Parmesan 250g",
    "WOW Price": 4.4,
    "WOW Size": "250g",
    "WOW ppu": "$17.60 / 1KG"
  },
  {
    "Brand_Product_Size": "Woolworths Shaved Parmesan 250g",
    "WOW Price": 4.4,
    "WOW Size": "250g",
    "WOW ppu": "$17.60 / 1KG"
  },
  {
    "Brand_Product_Size": "Impressed Essentials Orange Juice With Plup 1L",
    "WOW Price": 3.5,
    "WOW Size": "1L",
    "WOW ppu": "$3.50 / 1L"
  },
  {
    "Brand_Product_Size": "Chris' Traditional French Onion 200g",
    "WOW Price": 3.5,
    "WOW Size": "200g",
    "WOW ppu": "$1.75 / 100G"
  },
  {
    "Brand_Product_Size": "Nutty Bruce Dark Cherry Chocolate Nut Butter Balls 42g",
    "WOW Price": 1.5,
    "WOW Size": "42g",
    "WOW ppu": "$3.57 / 100G"
  },
  {
    "Brand_Product_Size": "Tradie Date Night Body Spray 160mL",
    "WOW Price": 3,
    "WOW Size": "160mL",
    "WOW ppu": "$1.88 / 100ML"
  },
  {
    "Brand_Product_Size": "Bonds Zippy Wondersuit Size 1 each",
    "WOW Price": 14.4,
    "WOW Size": "each",
    "WOW ppu": ""
  },
  {
    "Brand_Product_Size": "Clean Laundry Liquid Oriental Kiss 2L",
    "WOW Price": 5.5,
    "WOW Size": "2L",
    "WOW ppu": "$2.75 / 1L"
  },
  {
    "Brand_Product_Size": "Connoisseur Camarosa Strawberry Gourmet Ice Cream 1L",
    "WOW Price": 11,
    "WOW Size": "1L",
    "WOW ppu": "$1.10 / 100ML"
  },
  {
    "Brand_Product_Size": "San Remo Lasagne Pasta Instant Large Fam Pack 375g",
    "WOW Price": 3.7,
    "WOW Size": "375g",
    "WOW ppu": "$0.99 / 100G"
  },
  {
    "Brand_Product_Size": "Peckish Thins Rice Crackers Sweet Chilli 100g",
    "WOW Price": 2.2,
    "WOW Size": "100g",
    "WOW ppu": "$2.20 / 100G"
  },
  {
    "Brand_Product_Size": "Woolworths Rspca Approved Chicken Stirfry 500g",
    "WOW Price": 8.5,
    "WOW Size": "500g",
    "WOW ppu": "$17.00 / 1KG"
  },
  {
    "Brand_Product_Size": "Macro Organic 6 Months+ Pear Pea Potato & Spinach 120g",
    "WOW Price": 1.4,
    "WOW Size": "120g",
    "WOW ppu": "$1.17 / 100G"
  },
  {
    "Brand_Product_Size": "Dollar Sweets 100s & 1000s Jar 155g",
    "WOW Price": 3.5,
    "WOW Size": "155g",
    "WOW ppu": "$2.26 / 100G"
  },
  {
    "Brand_Product_Size": "Green's Choc Filled Donut Balls 480g",
    "WOW Price": 4,
    "WOW Size": "480g",
    "WOW ppu": "$0.83 / 100G"
  },
  {
    "Brand_Product_Size": "Mcobeauty Long Lasting Pressed Powder Invisible Matte Nude Beige 14.5g",
    "WOW Price": 6.25,
    "WOW Size": "14.5g",
    "WOW ppu": "$4.31 / 10G"
  },
  {
    "Brand_Product_Size": "Woolworths Sourdough Croissants 3 pack",
    "WOW Price": 4,
    "WOW Size": "3 pack",
    "WOW ppu": "$2.11 / 100G"
  },
  {
    "Brand_Product_Size": "Jack Link's Teriyaki Beef Jerky 50g",
    "WOW Price": 5,
    "WOW Size": "50g",
    "WOW ppu": "$100.00 / 1KG"
  },
  {
    "Brand_Product_Size": "Essentials Caster Sugar 1kg",
    "WOW Price": 1.99,
    "WOW Size": "1kg",
    "WOW ppu": "$0.20 / 100G"
  },
  {
    "Brand_Product_Size": "Cadbury Bournville Cocoa 250g",
    "WOW Price": 4.9,
    "WOW Size": "250g",
    "WOW ppu": "$1.96 / 100G"
  },
  {
    "Brand_Product_Size": "Nivea Daily Essentials Gentle Cleansing Wipes 25 pack",
    "WOW Price": 5,
    "WOW Size": "25 pack",
    "WOW ppu": "$0.20 / 1EA"
  },
  {
    "Brand_Product_Size": "Macro Organic 6 Months+ Pumpkin Spinach Ricotta & Pasta 120g",
    "WOW Price": 1.4,
    "WOW Size": "120g",
    "WOW ppu": "$1.17 / 100G"
  },
  {
    "Brand_Product_Size": "Vaalia Low Fat French Vanilla Yoghurt 900g",
    "WOW Price": 5.8,
    "WOW Size": "900g",
    "WOW ppu": "$0.64 / 100G"
  },
  {
    "Brand_Product_Size": "Magnum Ice Cream White 4 pack",
    "WOW Price": 9,
    "WOW Size": "4 pack",
    "WOW ppu": ""
  },
  {
    "Brand_Product_Size": "Saxbys Diet Ginger Beer 4x375mL",
    "WOW Price": 5.5,
    "WOW Size": "4x375mL",
    "WOW ppu": "$3.67 / 1L"
  },
  {
    "Brand_Product_Size": "Picasso Kitchen Cauliflower Base 170g",
    "WOW Price": 3.6,
    "WOW Size": "170g",
    "WOW ppu": "$2.12 / 100G"
  },
  {
    "Brand_Product_Size": "Parker Quink Flow Ballpoint Refill Black Noir each",
    "WOW Price": 10,
    "WOW Size": "each",
    "WOW ppu": ""
  },
  {
    "Brand_Product_Size": "Glow Lab Gel Cleanser 140mL",
    "WOW Price": 8,
    "WOW Size": "140mL",
    "WOW ppu": "$5.71 / 100ML"
  },
  {
    "Brand_Product_Size": "Red Bull Winter Edition Glacier Ice 250mL",
    "WOW Price": 3,
    "WOW Size": "250mL",
    "WOW ppu": "$12.00 / 1L"
  },
  {
    "Brand_Product_Size": "Sunrice White Rice Low Gi 750g",
    "WOW Price": 3.5,
    "WOW Size": "750g",
    "WOW ppu": "$0.47 / 100G"
  },
  {
    "Brand_Product_Size": "Espressotoria Chicco D'oro Espresso Coffee Capsules 12 pack",
    "WOW Price": 4.5,
    "WOW Size": "12 pack",
    "WOW ppu": "$0.38 / 1EA"
  },
  {
    "Brand_Product_Size": "Espressotoria Chicco D'oro Espresso Coffee Capsules 12 pack",
    "WOW Price": 4.5,
    "WOW Size": "12 pack",
    "WOW ppu": "$0.38 / 1EA"
  },
  {
    "Brand_Product_Size": "Uncle Tobys Oat Slice Apple & Cinnamon 4 pack",
    "WOW Price": 2.75,
    "WOW Size": "4 pack",
    "WOW ppu": "$1.96 / 100G"
  },
  {
    "Brand_Product_Size": "Uncle Tobys Oat Slice Apple & Cinnamon 4 pack",
    "WOW Price": 2.75,
    "WOW Size": "4 pack",
    "WOW ppu": "$1.96 / 100G"
  },
  {
    "Brand_Product_Size": "Scholl Gelactiv Insoles Women's Everyday 1 pack",
    "WOW Price": 19.6,
    "WOW Size": "1 pack",
    "WOW ppu": ""
  },
  {
    "Brand_Product_Size": "Natures Goodness Grain Free Chicken With Garden Veg Dry Puppy Food 2.5kg",
    "WOW Price": 16,
    "WOW Size": "2.5kg",
    "WOW ppu": "$0.64 / 100G"
  },
  {
    "Brand_Product_Size": "Woolworths Prep Set Go Pumpkin Chunks 500g",
    "WOW Price": 4,
    "WOW Size": "500g",
    "WOW ppu": "$8.00 / 1KG"
  },
  {
    "Brand_Product_Size": "Deeko Sugarcane Side Plates 8 pack",
    "WOW Price": 3.5,
    "WOW Size": "8 pack",
    "WOW ppu": "$3.50 / 1EA"
  },
  {
    "Brand_Product_Size": "Selleys Fix & Go Multigrip 50mL",
    "WOW Price": 7.2,
    "WOW Size": "50mL",
    "WOW ppu": "$14.40 / 100ML"
  },
  {
    "Brand_Product_Size": "Heinz Spaghetti Tomato Sauce 3x300g",
    "WOW Price": 3,
    "WOW Size": "3x300g",
    "WOW ppu": "$0.33 / 100G"
  },
  {
    "Brand_Product_Size": "Dove Women Antiperspirant Deodorant Stick Original 40g",
    "WOW Price": 6,
    "WOW Size": "40g",
    "WOW ppu": "$15.00 / 100G"
  },
  {
    "Brand_Product_Size": "Blackmores Probiotics Womens Flora Balance 30 capsuLes",
    "WOW Price": 25.6,
    "WOW Size": "30 capsuLes",
    "WOW ppu": "$85.33 / 100EA"
  },
  {
    "Brand_Product_Size": "Le Tan Self Tan Application Mit each",
    "WOW Price": 6,
    "WOW Size": "each",
    "WOW ppu": ""
  },
  {
    "Brand_Product_Size": "Tigi Curlesque Spray Amplifier 150mL",
    "WOW Price": 24,
    "WOW Size": "150mL",
    "WOW ppu": "$16.00 / 100ML"
  },
  {
    "Brand_Product_Size": "Baxter's Dog Food Loaf Chicken, Turkey & Veg 700g",
    "WOW Price": 1.3,
    "WOW Size": "700g",
    "WOW ppu": "$0.19 / 100G"
  },
  {
    "Brand_Product_Size": "Choice Beef Noodle Cup 70g",
    "WOW Price": 0.75,
    "WOW Size": "70g",
    "WOW ppu": "$1.07 / 100G"
  },
  {
    "Brand_Product_Size": "Chupa Chups Lollipops Best Of 25 pack",
    "WOW Price": 5,
    "WOW Size": "25 pack",
    "WOW ppu": "$1.67 / 100G"
  },
  {
    "Brand_Product_Size": "Nature Valley Peanut & Chocolate Protein Nut Bars 4 pack",
    "WOW Price": 5.3,
    "WOW Size": "4 pack",
    "WOW ppu": "$3.31 / 100G"
  },
  {
    "Brand_Product_Size": "Nature Valley Peanut & Chocolate Protein Nut Bars 4 pack",
    "WOW Price": 5.3,
    "WOW Size": "4 pack",
    "WOW ppu": "$3.31 / 100G"
  },
  {
    "Brand_Product_Size": "Swisspers Cotton Tips With Paper Stems 120 pack",
    "WOW Price": 3,
    "WOW Size": "120 pack",
    "WOW ppu": "$2.50 / 100EA"
  },
  {
    "Brand_Product_Size": "Hellmann's Mayo Squeeze 400g",
    "WOW Price": 6.2,
    "WOW Size": "400g",
    "WOW ppu": "$1.55 / 100G"
  },
  {
    "Brand_Product_Size": "Hellmann's Mayo Squeeze 400g",
    "WOW Price": 6.2,
    "WOW Size": "400g",
    "WOW ppu": "$1.55 / 100G"
  },
  {
    "Brand_Product_Size": "Natures Way Sleeping Tablets 60 pack",
    "WOW Price": 20,
    "WOW Size": "60 pack",
    "WOW ppu": "$33.33 / 100EA"
  },
  {
    "Brand_Product_Size": "Woolworths Essentials Nylon Spoon each",
    "WOW Price": 2,
    "WOW Size": "each",
    "WOW ppu": ""
  },
  {
    "Brand_Product_Size": "Voltaren 12 Hourly Osteo Gel 100g",
    "WOW Price": 28,
    "WOW Size": "100g",
    "WOW ppu": "$28.00 / 100G"
  },
  {
    "Brand_Product_Size": "Fehlbergs Burger Pickles 490g",
    "WOW Price": 3.8,
    "WOW Size": "490g",
    "WOW ppu": "$7.76 / 1KG"
  },
  {
    "Brand_Product_Size": "Carefree Panty Liners Long 30 pack",
    "WOW Price": 3.5,
    "WOW Size": "30 pack",
    "WOW ppu": "$0.12 / 1EA"
  },
  {
    "Brand_Product_Size": "Chobani Flip Greek Yoghurt Salted Caramel Crunch 140g",
    "WOW Price": 3,
    "WOW Size": "140g",
    "WOW ppu": "$2.14 / 100G"
  },
  {
    "Brand_Product_Size": "Chobani Flip Greek Yoghurt Salted Caramel Crunch 140g",
    "WOW Price": 3,
    "WOW Size": "140g",
    "WOW ppu": "$2.14 / 100G"
  },
  {
    "Brand_Product_Size": "Sacla Pesto Classic Green 190g",
    "WOW Price": 4.9,
    "WOW Size": "190g",
    "WOW ppu": "$2.58 / 100G"
  },
  {
    "Brand_Product_Size": "Olay Regenerist Micro-sculpting Face Serum 50mL",
    "WOW Price": 37.1,
    "WOW Size": "50mL",
    "WOW ppu": "$74.20 / 100ML"
  },
  {
    "Brand_Product_Size": "Swisse Hyaluro-natural Intense Serum 30mL",
    "WOW Price": 15,
    "WOW Size": "30mL",
    "WOW ppu": "$50.00 / 100ML"
  },
  {
    "Brand_Product_Size": "Red Rock Deli Roast Pumpkin Caramelised Onion & Cashew Dip 150g",
    "WOW Price": 4.5,
    "WOW Size": "150g",
    "WOW ppu": "$3.00 / 100G"
  },
  {
    "Brand_Product_Size": "The Pet Cartel Feather Teaser Cat Toy W& each",
    "WOW Price": 15,
    "WOW Size": "each",
    "WOW ppu": "$15.00 / 1EA"
  },
  {
    "Brand_Product_Size": "Hand Wash Botanical 300mL",
    "WOW Price": 3.5,
    "WOW Size": "300mL",
    "WOW ppu": "$1.17 / 100ML"
  },
  {
    "Brand_Product_Size": "Homestead By Tasmanian Pate Salmon Pate With Lemon Pepper Jelly 150g",
    "WOW Price": 5.5,
    "WOW Size": "150g",
    "WOW ppu": "$36.67 / 1KG"
  },
  {
    "Brand_Product_Size": "3m Command Broom Gripper each",
    "WOW Price": 8,
    "WOW Size": "each",
    "WOW ppu": "$8.00 / 1EA"
  },
  {
    "Brand_Product_Size": "Aussie Bodies Protein Bar Coconut Almond Crisp 36g",
    "WOW Price": 3,
    "WOW Size": "36g",
    "WOW ppu": "$8.33 / 100G"
  },
  {
    "Brand_Product_Size": "Mutti Passata 700g",
    "WOW Price": 3.6,
    "WOW Size": "700g",
    "WOW ppu": "$0.51 / 100G"
  },
  {
    "Brand_Product_Size": "Korbond Party Lolly Bags Clear With Ties 30 pack",
    "WOW Price": 2,
    "WOW Size": "30 pack",
    "WOW ppu": "$0.07 / 1EA"
  },
  {
    "Brand_Product_Size": "Poise Incontinence Liners Regular Absorbency 26 pack",
    "WOW Price": 4.29,
    "WOW Size": "26 pack",
    "WOW ppu": "$0.17 / 1EA"
  },
  {
    "Brand_Product_Size": "Betty Crocker Gluten Free Vanilla Cupcake Mix 460g",
    "WOW Price": 6,
    "WOW Size": "460g",
    "WOW ppu": "$1.30 / 100G"
  },
  {
    "Brand_Product_Size": "Evergreen Classic Tofu 300g",
    "WOW Price": 2,
    "WOW Size": "300g",
    "WOW ppu": "$6.67 / 1KG"
  },
  {
    "Brand_Product_Size": "Cadbury Dairy Milk Caramello Koala Sharepack 12 pack",
    "WOW Price": 5,
    "WOW Size": "12 pack",
    "WOW ppu": "$2.78 / 100G"
  },
  {
    "Brand_Product_Size": "V.i.p Adult Dog Food Lamb Chunkers 1kg",
    "WOW Price": 4.25,
    "WOW Size": "1kg",
    "WOW ppu": "$0.43 / 100G"
  },
  {
    "Brand_Product_Size": "L'oreal Magic Retouch Cool Brown 75mL",
    "WOW Price": 12.75,
    "WOW Size": "75mL",
    "WOW ppu": "$17.00 / 100ML"
  },
  {
    "Brand_Product_Size": "Heinz Pureed Food 4 Months Fruity Apple 110g",
    "WOW Price": 1,
    "WOW Size": "110g",
    "WOW ppu": "$0.91 / 100G"
  },
  {
    "Brand_Product_Size": "Sistema Klip It Plus Lunch Container 1.15l 2 pack",
    "WOW Price": 4.75,
    "WOW Size": "2 pack",
    "WOW ppu": "$4.75 / 1EA"
  },
  {
    "Brand_Product_Size": "Refresh Your Car Vent Stick New Car Cool Breeze 4 pack",
    "WOW Price": 6,
    "WOW Size": "4 pack",
    "WOW ppu": "$1.50 / 1EA"
  },
  {
    "Brand_Product_Size": "Air Wick Botanica Vanilla & Himalayan Magnolia Scented Candle each",
    "WOW Price": 16.5,
    "WOW Size": "each",
    "WOW ppu": "$16.50 / 1EA"
  },
  {
    "Brand_Product_Size": "Palmolive Luminous Oils Coconut Oil & Frangipani Hand Wash 500mL",
    "WOW Price": 5,
    "WOW Size": "500mL",
    "WOW ppu": "$1.00 / 100ML"
  },
  {
    "Brand_Product_Size": "Heinz Steam Fresh Carrot Corn & Broccoli 450g",
    "WOW Price": 3.3,
    "WOW Size": "450g",
    "WOW ppu": "$7.33 / 1KG"
  },
  {
    "Brand_Product_Size": "Select Headband Black each",
    "WOW Price": 2.99,
    "WOW Size": "each",
    "WOW ppu": ""
  },
  {
    "Brand_Product_Size": "Hakka Beef Balls 200g",
    "WOW Price": 5.5,
    "WOW Size": "200g",
    "WOW ppu": "$27.50 / 1KG"
  },
  {
    "Brand_Product_Size": "Oscar Orsen Small Claw Grip Black 2 pack",
    "WOW Price": 4.5,
    "WOW Size": "2 pack",
    "WOW ppu": ""
  },
  {
    "Brand_Product_Size": "E'stel Natural Alkaline Water 1L",
    "WOW Price": 3.15,
    "WOW Size": "1L",
    "WOW ppu": "$3.15 / 1L"
  },
  {
    "Brand_Product_Size": "E'stel Natural Alkaline Water 1L",
    "WOW Price": 3.15,
    "WOW Size": "1L",
    "WOW ppu": "$3.15 / 1L"
  },
  {
    "Brand_Product_Size": "Byron Bay Cookies Gluten Free Dotty Cookie Bites 100g",
    "WOW Price": 3,
    "WOW Size": "100g",
    "WOW ppu": "$3.00 / 100G"
  },
  {
    "Brand_Product_Size": "Aveeno Oat Milk Blend Shampoo 354mL",
    "WOW Price": 16,
    "WOW Size": "354mL",
    "WOW ppu": "$4.52 / 100ML"
  },
  {
    "Brand_Product_Size": "Essentials Bleach Lemon 2L",
    "WOW Price": 1.7,
    "WOW Size": "2L",
    "WOW ppu": "$0.85 / 1L"
  },
  {
    "Brand_Product_Size": "Banana Boat Spf 50+ Sunscreen Sport 400g",
    "WOW Price": 21,
    "WOW Size": "400g",
    "WOW ppu": "$5.25 / 100G"
  },
  {
    "Brand_Product_Size": "Heinz 8 Months+ Mango & Vanilla Custard 120g",
    "WOW Price": 1.5,
    "WOW Size": "120g",
    "WOW ppu": "$1.25 / 100G"
  },
  {
    "Brand_Product_Size": "Continental Pasta Bacon & Parmesan Boscaiola 96g",
    "WOW Price": 1.36,
    "WOW Size": "96g",
    "WOW ppu": "$1.42 / 100G"
  },
  {
    "Brand_Product_Size": "Twinings Australian Afternoon Tea Bags 10 pack",
    "WOW Price": 2.9,
    "WOW Size": "10 pack",
    "WOW ppu": "$0.29 / 1EA"
  },
  {
    "Brand_Product_Size": "Twinings Australian Afternoon Tea Bags 10 pack",
    "WOW Price": 2.9,
    "WOW Size": "10 pack",
    "WOW ppu": "$0.29 / 1EA"
  },
  {
    "Brand_Product_Size": "Maybelline Instant Age Rewind Dark Circle Concealer - Caramel 6mL",
    "WOW Price": 10,
    "WOW Size": "6mL",
    "WOW ppu": "$16.67 / 10ML"
  },
  {
    "Brand_Product_Size": "Batiste Dry Shampoo Luxe 200mL",
    "WOW Price": 10,
    "WOW Size": "200mL",
    "WOW ppu": "$5.00 / 100ML"
  },
  {
    "Brand_Product_Size": "Help@hand Pawpaw Ointment 25g",
    "WOW Price": 2.55,
    "WOW Size": "25g",
    "WOW ppu": "$10.20 / 100G"
  },
  {
    "Brand_Product_Size": "Woolworths Cauliflower Bites 200g",
    "WOW Price": 5,
    "WOW Size": "200g",
    "WOW ppu": "$2.50 / 100G"
  },
  {
    "Brand_Product_Size": "Darrell Lea Rocklea Road Block 180g",
    "WOW Price": 5,
    "WOW Size": "180g",
    "WOW ppu": "$2.78 / 100G"
  },
  {
    "Brand_Product_Size": "Lean Cuisine Satay Chicken Noodles 280g",
    "WOW Price": 4.5,
    "WOW Size": "280g",
    "WOW ppu": "$1.61 / 100G"
  },
  {
    "Brand_Product_Size": "Moccona Mixes Caramel Latte 10 pack",
    "WOW Price": 4.5,
    "WOW Size": "10 pack",
    "WOW ppu": "$0.45 / 1EA"
  },
  {
    "Brand_Product_Size": "Moccona Mixes Caramel Latte 10 pack",
    "WOW Price": 4.5,
    "WOW Size": "10 pack",
    "WOW ppu": "$0.45 / 1EA"
  },
  {
    "Brand_Product_Size": "Uncle Tobys Rolled Oats Quick Sachets Creamy Honey 20 pack",
    "WOW Price": 8,
    "WOW Size": "20 pack",
    "WOW ppu": "$1.14 / 100G"
  },
  {
    "Brand_Product_Size": "Creative Gourmet Frozen Banana Chunks 500g",
    "WOW Price": 4.5,
    "WOW Size": "500g",
    "WOW ppu": "$9.00 / 1KG"
  },
  {
    "Brand_Product_Size": "Chapstick Lip Care Classic Lip Balm Spf 15 4.2g",
    "WOW Price": 3.3,
    "WOW Size": "4.2g",
    "WOW ppu": "$78.57 / 100G"
  },
  {
    "Brand_Product_Size": "Smith's Crinkle Cut Potato Chips Multipack Salt, Vinegar 6 pack",
    "WOW Price": 3.15,
    "WOW Size": "6 pack",
    "WOW ppu": "$2.76 / 100G"
  },
  {
    "Brand_Product_Size": "Smith's Crinkle Cut Potato Chips Multipack Salt, Vinegar 6 pack",
    "WOW Price": 3.15,
    "WOW Size": "6 pack",
    "WOW ppu": "$2.76 / 100G"
  },
  {
    "Brand_Product_Size": "Greenies Teenie Dog Dental Treat 170g",
    "WOW Price": 15,
    "WOW Size": "170g",
    "WOW ppu": "$8.82 / 100G"
  },
  {
    "Brand_Product_Size": "Steggles Crumbed Chicken Dino Snacks Tempura 1kg",
    "WOW Price": 11,
    "WOW Size": "1kg",
    "WOW ppu": "$11.00 / 1KG"
  },
  {
    "Brand_Product_Size": "Sistema Storage With Lid 27l each",
    "WOW Price": 19,
    "WOW Size": "each",
    "WOW ppu": ""
  },
  {
    "Brand_Product_Size": "Bonds Womens Bikini Size 12 3 pack",
    "WOW Price": 15,
    "WOW Size": "3 pack",
    "WOW ppu": ""
  },
  {
    "Brand_Product_Size": "Invisible Zinc Waterproof Sunscreen Spf50 100mL",
    "WOW Price": 29,
    "WOW Size": "100mL",
    "WOW ppu": "$29.00 / 100ML"
  },
  {
    "Brand_Product_Size": "H2juice Pineapple 1L",
    "WOW Price": 4,
    "WOW Size": "1L",
    "WOW ppu": "$4.00 / 1L"
  },
  {
    "Brand_Product_Size": "Macro Organic Toasted Coconut Clusters 140g",
    "WOW Price": 4,
    "WOW Size": "140g",
    "WOW ppu": "$2.86 / 100G"
  },
  {
    "Brand_Product_Size": "Armada Pattern Paper Bowls 10 pack",
    "WOW Price": 3,
    "WOW Size": "10 pack",
    "WOW ppu": ""
  },
  {
    "Brand_Product_Size": "Woolworths Free From Gluten Banana Bread 4 pack",
    "WOW Price": 5,
    "WOW Size": "4 pack",
    "WOW ppu": "$1.56 / 100G"
  },
  {
    "Brand_Product_Size": "Herbert Adams Pies Slow Cooked Beef & Pepper 2 pack",
    "WOW Price": 7.8,
    "WOW Size": "2 pack",
    "WOW ppu": "$1.95 / 100G"
  },
  {
    "Brand_Product_Size": "Sealord Dory Fillets Tempura Batter 4 pack",
    "WOW Price": 6,
    "WOW Size": "4 pack",
    "WOW ppu": "$20.00 / 1KG"
  },
  {
    "Brand_Product_Size": "South Cape Mini Brie Cheese Wheel 125g",
    "WOW Price": 4,
    "WOW Size": "125g",
    "WOW ppu": "$32.00 / 1KG"
  },
  {
    "Brand_Product_Size": "South Cape Mini Brie Cheese Wheel 125g",
    "WOW Price": 4,
    "WOW Size": "125g",
    "WOW ppu": "$32.00 / 1KG"
  },
  {
    "Brand_Product_Size": "Chux Heavy Duty Superwipes Roll 25 pack",
    "WOW Price": 5.9,
    "WOW Size": "25 pack",
    "WOW ppu": "$0.24 / 1EA"
  },
  {
    "Brand_Product_Size": "Air Wick Liquid Electric Vanilla & Soft Cashmere Prime 21mL",
    "WOW Price": 11,
    "WOW Size": "21mL",
    "WOW ppu": "$5.24 / 10ML"
  },
  {
    "Brand_Product_Size": "Exelpet Spot On Flea Control For Cats & Kittens each",
    "WOW Price": 18,
    "WOW Size": "each",
    "WOW ppu": "$18.00 / 1EA"
  },
  {
    "Brand_Product_Size": "Peters Maxibon Vanilla 4 pack",
    "WOW Price": 5,
    "WOW Size": "4 pack",
    "WOW ppu": "$0.81 / 100ML"
  },
  {
    "Brand_Product_Size": "Maximus Game On Lime 1L",
    "WOW Price": 2.15,
    "WOW Size": "1L",
    "WOW ppu": "$2.15 / 1L"
  },
  {
    "Brand_Product_Size": "The Juice Brothers Orange 500mL",
    "WOW Price": 3.5,
    "WOW Size": "500mL",
    "WOW ppu": "$7.00 / 1L"
  },
  {
    "Brand_Product_Size": "Body Science Collagen Low Carb Protein Bar Choc Coconut 60g",
    "WOW Price": 4,
    "WOW Size": "60g",
    "WOW ppu": "$6.67 / 100G"
  },
  {
    "Brand_Product_Size": "Balconi Rollino Hazelnut 6 pack",
    "WOW Price": 3.75,
    "WOW Size": "6 pack",
    "WOW ppu": "$0.63 / 1EA"
  },
  {
    "Brand_Product_Size": "Dolmio Extra Tomato, Onion & Garlic Salt Reduced Pasta Sauce 500g",
    "WOW Price": 2.9,
    "WOW Size": "500g",
    "WOW ppu": "$0.58 / 100G"
  },
  {
    "Brand_Product_Size": "Cheezels Multipack 6pk 114g",
    "WOW Price": 3.35,
    "WOW Size": "114g",
    "WOW ppu": "$2.94 / 100G"
  },
  {
    "Brand_Product_Size": "Cheezels Multipack 6pk 114g",
    "WOW Price": 3.35,
    "WOW Size": "114g",
    "WOW ppu": "$2.94 / 100G"
  },
  {
    "Brand_Product_Size": "Woolworths Corn Kernels 1kg",
    "WOW Price": 2.7,
    "WOW Size": "1kg",
    "WOW ppu": "$2.70 / 1KG"
  },
  {
    "Brand_Product_Size": "Fab Sunshine Fresh Front & Top Loader Laundry Powder 1kg",
    "WOW Price": 4.49,
    "WOW Size": "1kg",
    "WOW ppu": "$4.49 / 1KG"
  },
  {
    "Brand_Product_Size": "Air Wick V.i.poo Toilet Spray Fruity Pin Up 55mL",
    "WOW Price": 10,
    "WOW Size": "55mL",
    "WOW ppu": "$18.18 / 100ML"
  },
  {
    "Brand_Product_Size": "Bonds Womens Logo Light Weight Size 3-8 4 pack",
    "WOW Price": 15,
    "WOW Size": "4 pack",
    "WOW ppu": ""
  },
  {
    "Brand_Product_Size": "4 Legs Wellness Chicken & Salmon Dog Roll 1.4kg",
    "WOW Price": 4.25,
    "WOW Size": "1.4kg",
    "WOW ppu": "$0.30 / 100G"
  },
  {
    "Brand_Product_Size": "Orange Valencia 3kg bag",
    "WOW Price": 6.5,
    "WOW Size": "3kg bag",
    "WOW ppu": "$2.17 / 1KG"
  },
  {
    "Brand_Product_Size": "Orange Valencia 3kg bag",
    "WOW Price": 6.5,
    "WOW Size": "3kg bag",
    "WOW ppu": "$2.17 / 1KG"
  },
  {
    "Brand_Product_Size": "Oscar Orsen Tweezers Slant Tip each",
    "WOW Price": 4,
    "WOW Size": "each",
    "WOW ppu": ""
  },
  {
    "Brand_Product_Size": "Gillette Mach3+ Blades 4 pack",
    "WOW Price": 14.5,
    "WOW Size": "4 pack",
    "WOW ppu": "$3.63 / 1EA"
  },
  {
    "Brand_Product_Size": "Ho Mai Asian Entertainer Pack 1kg",
    "WOW Price": 14,
    "WOW Size": "1kg",
    "WOW ppu": "$1.40 / 100G"
  },
  {
    "Brand_Product_Size": "Mud Nail Polish 010 Chili Pepper 13mL",
    "WOW Price": 2,
    "WOW Size": "13mL",
    "WOW ppu": "$1.54 / 10ML"
  },
  {
    "Brand_Product_Size": "Air Wick Manual Spray Air Freshener Vanilla 237g",
    "WOW Price": 2.8,
    "WOW Size": "237g",
    "WOW ppu": "$0.12 / 10G"
  },
  {
    "Brand_Product_Size": "Schick Hydro Silk Razor Kit each",
    "WOW Price": 13.5,
    "WOW Size": "each",
    "WOW ppu": ""
  },
  {
    "Brand_Product_Size": "Sunbites Grain Waves Snacks Multipack Sour Cream & Chives Share Pack 5 pack",
    "WOW Price": 3.1,
    "WOW Size": "5 pack",
    "WOW ppu": "$2.82 / 100G"
  },
  {
    "Brand_Product_Size": "Sunbites Grain Waves Snacks Multipack Sour Cream & Chives Share Pack 5 pack",
    "WOW Price": 3.1,
    "WOW Size": "5 pack",
    "WOW ppu": "$2.82 / 100G"
  },
  {
    "Brand_Product_Size": "Philips Led 470lm Ses Candle Ww Clear each",
    "WOW Price": 6.5,
    "WOW Size": "each",
    "WOW ppu": "$6.50 / 1EA"
  },
  {
    "Brand_Product_Size": "Supafin Seafoods Fresh Northern Territory Goldband Snapper Portions 260g",
    "WOW Price": 12,
    "WOW Size": "260g",
    "WOW ppu": "$46.15 / 1KG"
  },
  {
    "Brand_Product_Size": "Dine Desire Tuna With Meat Snapper Grain Free Wet Cat Food Can 85g",
    "WOW Price": 1.3,
    "WOW Size": "85g",
    "WOW ppu": "$1.53 / 100G"
  },
  {
    "Brand_Product_Size": "Gillette Fusion5 Razor each",
    "WOW Price": 17,
    "WOW Size": "each",
    "WOW ppu": "$17.00 / 1EA"
  },
  {
    "Brand_Product_Size": "Toblerone Milk Chocolate Bar 360g",
    "WOW Price": 7,
    "WOW Size": "360g",
    "WOW ppu": "$1.94 / 100G"
  },
  {
    "Brand_Product_Size": "Woolworths Frozen Barramundi 1kg",
    "WOW Price": 19,
    "WOW Size": "1kg",
    "WOW ppu": "$19.00 / 1KG"
  },
  {
    "Brand_Product_Size": "Woolworths Frozen Barramundi 1kg",
    "WOW Price": 19,
    "WOW Size": "1kg",
    "WOW ppu": "$19.00 / 1KG"
  },
  {
    "Brand_Product_Size": "Optimum Urinary Care Ocean Fish Chunks In Jelly Wet Cat Food 85g",
    "WOW Price": 1.3,
    "WOW Size": "85g",
    "WOW ppu": "$1.53 / 100G"
  },
  {
    "Brand_Product_Size": "Nerf Air Strike Launcher Dog Toy Set each",
    "WOW Price": 14,
    "WOW Size": "each",
    "WOW ppu": "$14.00 / 1EA"
  },
  {
    "Brand_Product_Size": "L'or Double Barista Selection Coffee Capsules 10 pack",
    "WOW Price": 8.8,
    "WOW Size": "10 pack",
    "WOW ppu": "$0.88 / 1EA"
  },
  {
    "Brand_Product_Size": "L'or Double Barista Selection Coffee Capsules 10 pack",
    "WOW Price": 8.8,
    "WOW Size": "10 pack",
    "WOW ppu": "$0.88 / 1EA"
  },
  {
    "Brand_Product_Size": "Yoplait Petit Miam Strawberry 70g",
    "WOW Price": 1,
    "WOW Size": "70g",
    "WOW ppu": "$1.43 / 100G"
  },
  {
    "Brand_Product_Size": "Yoplait Petit Miam Strawberry 70g",
    "WOW Price": 1,
    "WOW Size": "70g",
    "WOW ppu": "$1.43 / 100G"
  },
  {
    "Brand_Product_Size": "Xstreem Led's 3 Watt Rechargeable Flashlight each",
    "WOW Price": 29.5,
    "WOW Size": "each",
    "WOW ppu": "$29.50 / 1EA"
  },
  {
    "Brand_Product_Size": "Vega Spanish Truffle Cheese 150g",
    "WOW Price": 8,
    "WOW Size": "150g",
    "WOW ppu": "$53.33 / 1KG"
  },
  {
    "Brand_Product_Size": "Vega Spanish Truffle Cheese 150g",
    "WOW Price": 8,
    "WOW Size": "150g",
    "WOW ppu": "$53.33 / 1KG"
  },
  {
    "Brand_Product_Size": "Nudie Nothing But Orange Apple & Mango 2L",
    "WOW Price": 7.5,
    "WOW Size": "2L",
    "WOW ppu": "$3.75 / 1L"
  },
  {
    "Brand_Product_Size": "Nature Valley Salted Caramel Protein Nut Bars 4 pack",
    "WOW Price": 5.3,
    "WOW Size": "4 pack",
    "WOW ppu": "$3.31 / 100G"
  },
  {
    "Brand_Product_Size": "Nature Valley Salted Caramel Protein Nut Bars 4 pack",
    "WOW Price": 5.3,
    "WOW Size": "4 pack",
    "WOW ppu": "$3.31 / 100G"
  },
  {
    "Brand_Product_Size": "Lavazza A Modo Mio Crema E Gusto Espresso Coffee Capsules 16 pack",
    "WOW Price": 8,
    "WOW Size": "16 pack",
    "WOW ppu": "$0.50 / 1EA"
  },
  {
    "Brand_Product_Size": "Lavazza A Modo Mio Crema E Gusto Espresso Coffee Capsules 16 pack",
    "WOW Price": 8,
    "WOW Size": "16 pack",
    "WOW ppu": "$0.50 / 1EA"
  },
  {
    "Brand_Product_Size": "Saxa Black Whole Peppercorns 190g",
    "WOW Price": 6,
    "WOW Size": "190g",
    "WOW ppu": "$0.32 / 10G"
  },
  {
    "Brand_Product_Size": "Arnott's Teevee Snacks Chocolate Milk 165g",
    "WOW Price": 4,
    "WOW Size": "165g",
    "WOW ppu": "$2.42 / 100G"
  },
  {
    "Brand_Product_Size": "Pana Raspberry Chocolate Frozen Dessert 475mL",
    "WOW Price": 11,
    "WOW Size": "475mL",
    "WOW ppu": "$2.32 / 100ML"
  },
  {
    "Brand_Product_Size": "Pilot Frixion Ballpoint Pen Medium Assorted each",
    "WOW Price": 3.25,
    "WOW Size": "each",
    "WOW ppu": ""
  },
  {
    "Brand_Product_Size": "Vittoria Italian Ground 500g",
    "WOW Price": 6.6,
    "WOW Size": "500g",
    "WOW ppu": "$1.32 / 100G"
  },
  {
    "Brand_Product_Size": "Vittoria Italian Ground 500g",
    "WOW Price": 6.6,
    "WOW Size": "500g",
    "WOW ppu": "$1.32 / 100G"
  },
  {
    "Brand_Product_Size": "Marathon Asian Dim Sims 1.5kg",
    "WOW Price": 9.5,
    "WOW Size": "1.5kg",
    "WOW ppu": "$0.63 / 100G"
  },
  {
    "Brand_Product_Size": "Woolworths Plantitude Vegan Belgian Dark Chocolate Brownie 250g",
    "WOW Price": 6,
    "WOW Size": "250g",
    "WOW ppu": "$2.40 / 100G"
  },
  {
    "Brand_Product_Size": "Macro Organic Beef Mince Heart Smart 500g",
    "WOW Price": 14,
    "WOW Size": "500g",
    "WOW ppu": "$28.00 / 1KG"
  },
  {
    "Brand_Product_Size": "Dollar Sweets Rose Gold Foil Patty Pans Large 100 pack",
    "WOW Price": 3.5,
    "WOW Size": "100 pack",
    "WOW ppu": ""
  },
  {
    "Brand_Product_Size": "Woolworths Breakfast Juice 2L",
    "WOW Price": 2,
    "WOW Size": "2L",
    "WOW ppu": "$1.00 / 1L"
  },
  {
    "Brand_Product_Size": "Woolworths Tuna Chilli 95g",
    "WOW Price": 0.9,
    "WOW Size": "95g",
    "WOW ppu": "$9.47 / 1KG"
  },
  {
    "Brand_Product_Size": "Woolworths Sunscreen Spf 50+ 500mL",
    "WOW Price": 6.5,
    "WOW Size": "500mL",
    "WOW ppu": "$1.30 / 100ML"
  },
  {
    "Brand_Product_Size": "Golden Circle Cordial Raspberry Crush 2L",
    "WOW Price": 3,
    "WOW Size": "2L",
    "WOW ppu": "$1.50 / 1L"
  },
  {
    "Brand_Product_Size": "Ob Finest Quince Paste 100g",
    "WOW Price": 5,
    "WOW Size": "100g",
    "WOW ppu": "$50.00 / 1KG"
  },
  {
    "Brand_Product_Size": "Atkins Low Carb Endulge Milk Chocolate Mint Crisp 5 pack",
    "WOW Price": 13.5,
    "WOW Size": "5 pack",
    "WOW ppu": "$2.70 / 1EA"
  },
  {
    "Brand_Product_Size": "Bonds Womens Underwear Cottontails Size 18 2 pack",
    "WOW Price": 16,
    "WOW Size": "2 pack",
    "WOW ppu": ""
  },
  {
    "Brand_Product_Size": "Temptation Bakeries Vegan Petite Vegetable Tarts 18 pack",
    "WOW Price": 6,
    "WOW Size": "18 pack",
    "WOW ppu": "$1.85 / 100G"
  },
  {
    "Brand_Product_Size": "Woolworths Lightly Sparkling Spring Water 1.25L",
    "WOW Price": 1.35,
    "WOW Size": "1.25L",
    "WOW ppu": "$1.08 / 1L"
  },
  {
    "Brand_Product_Size": "Purina One Adult Urinary Tract Health Chicken Dry Cat Food 1.5kg",
    "WOW Price": 15,
    "WOW Size": "1.5kg",
    "WOW ppu": "$1.00 / 100G"
  },
  {
    "Brand_Product_Size": "Fussy Cat Grain Free Fine Mince With Beef Chilled Cat Food 70g",
    "WOW Price": 2.2,
    "WOW Size": "70g",
    "WOW ppu": "$3.14 / 100G"
  },
  {
    "Brand_Product_Size": "Podravka Sandwich Spread Chicken 100g",
    "WOW Price": 1.5,
    "WOW Size": "100g",
    "WOW ppu": "$1.50 / 100G"
  },
  {
    "Brand_Product_Size": "Energizer Max Plus Advanced C 4 pack",
    "WOW Price": 12.5,
    "WOW Size": "4 pack",
    "WOW ppu": "$3.13 / 1EA"
  },
  {
    "Brand_Product_Size": "Brita Maxtra Water Filter each",
    "WOW Price": 14.5,
    "WOW Size": "each",
    "WOW ppu": ""
  },
  {
    "Brand_Product_Size": "Mcobeauty Hydroglow Oil Free Foundation Ivory 30mL",
    "WOW Price": 12,
    "WOW Size": "30mL",
    "WOW ppu": "$4.00 / 10ML"
  },
  {
    "Brand_Product_Size": "Ingham's Chicken Drumsticks Bagged 2kg",
    "WOW Price": 9,
    "WOW Size": "2kg",
    "WOW ppu": "$4.50 / 1KG"
  },
  {
    "Brand_Product_Size": "Revlon Mineral Powder Make Up Medium 28.3g",
    "WOW Price": 15,
    "WOW Size": "28.3g",
    "WOW ppu": "$5.30 / 10G"
  },
  {
    "Brand_Product_Size": "Ogx Renewing Moroccan Argan Oil Shampoo 88.7mL",
    "WOW Price": 4.5,
    "WOW Size": "88.7mL",
    "WOW ppu": "$5.07 / 100ML"
  },
  {
    "Brand_Product_Size": "Mud 2in1 Nail Polish Base Top Coat each",
    "WOW Price": 3,
    "WOW Size": "each",
    "WOW ppu": "$3.00 / 1EA"
  },
  {
    "Brand_Product_Size": "Mccain Gluten Free Chips 750g",
    "WOW Price": 4,
    "WOW Size": "750g",
    "WOW ppu": "$0.53 / 100G"
  },
  {
    "Brand_Product_Size": "Kiwi Kidscuff Shoe Polish Black 100mL",
    "WOW Price": 4,
    "WOW Size": "100mL",
    "WOW ppu": "$4.00 / 100ML"
  },
  {
    "Brand_Product_Size": "Whiskas 1+ Years Wet Cat Food Lamb Mince 400g can",
    "WOW Price": 1.75,
    "WOW Size": "400g can",
    "WOW ppu": "$0.44 / 100G"
  },
  {
    "Brand_Product_Size": "Heinz Little Kids Yoghurt Muesli Fingers Fruit Salad 6 pack",
    "WOW Price": 2.45,
    "WOW Size": "6 pack",
    "WOW ppu": "$2.72 / 100G"
  },
  {
    "Brand_Product_Size": "Illy Espresso Forte Capsules 10 pack",
    "WOW Price": 7.5,
    "WOW Size": "10 pack",
    "WOW ppu": "$0.75 / 1EA"
  },
  {
    "Brand_Product_Size": "Illy Espresso Forte Capsules 10 pack",
    "WOW Price": 7.5,
    "WOW Size": "10 pack",
    "WOW ppu": "$0.75 / 1EA"
  },
  {
    "Brand_Product_Size": "Woolworths Apricot & Almond Cream Cheese 200g",
    "WOW Price": 3.1,
    "WOW Size": "200g",
    "WOW ppu": "$15.50 / 1KG"
  },
  {
    "Brand_Product_Size": "Woolworths Apricot & Almond Cream Cheese 200g",
    "WOW Price": 3.1,
    "WOW Size": "200g",
    "WOW ppu": "$15.50 / 1KG"
  },
  {
    "Brand_Product_Size": "Scholl Air Cushion Shoe Insoles each",
    "WOW Price": 8,
    "WOW Size": "each",
    "WOW ppu": "$8.00 / 1EA"
  },
  {
    "Brand_Product_Size": "Amoy White Rice Wine Vinegar 250mL",
    "WOW Price": 2.7,
    "WOW Size": "250mL",
    "WOW ppu": "$1.08 / 100ML"
  },
  {
    "Brand_Product_Size": "Underworks Kids Low Cut Socks White Size 13-3 5 pack",
    "WOW Price": 10,
    "WOW Size": "5 pack",
    "WOW ppu": ""
  },
  {
    "Brand_Product_Size": "Dove Conditioner Dermacare Anti Dandruff Clean & Fresh 300mL",
    "WOW Price": 5.5,
    "WOW Size": "300mL",
    "WOW ppu": "$1.83 / 100ML"
  },
  {
    "Brand_Product_Size": "Sanitarium Up&go Liquid Breakfast No Added Sugar Vanilla Ice 250mL x6 pack",
    "WOW Price": 9.7,
    "WOW Size": "250mL x6 pack",
    "WOW ppu": "$6.47 / 1L"
  },
  {
    "Brand_Product_Size": "Fiji Still Natural Artesian Water 700mL",
    "WOW Price": 2.7,
    "WOW Size": "700mL",
    "WOW ppu": "$3.86 / 1L"
  },
  {
    "Brand_Product_Size": "Fiji Still Natural Artesian Water 700mL",
    "WOW Price": 2.7,
    "WOW Size": "700mL",
    "WOW ppu": "$3.86 / 1L"
  },
  {
    "Brand_Product_Size": "Obento Marinade Teriyaki 250mL",
    "WOW Price": 3,
    "WOW Size": "250mL",
    "WOW ppu": "$1.20 / 100ML"
  },
  {
    "Brand_Product_Size": "Philips Cfl Tornado Cool Daylight 15w Bc Base each",
    "WOW Price": 6.5,
    "WOW Size": "each",
    "WOW ppu": "$6.50 / 1EA"
  },
  {
    "Brand_Product_Size": "Waterwipes Fragrance Free Sensitive Skin Baby Wipes 60 x3 pack",
    "WOW Price": 19.5,
    "WOW Size": "60 x3 pack",
    "WOW ppu": "$10.83 / 100EA"
  },
  {
    "Brand_Product_Size": "Atkins Chocolate 330mL",
    "WOW Price": 3.65,
    "WOW Size": "330mL",
    "WOW ppu": "$1.11 / 100ML"
  },
  {
    "Brand_Product_Size": "Zappo Grape & Strawberry Flavoured Chews 4 pack",
    "WOW Price": 1.6,
    "WOW Size": "4 pack",
    "WOW ppu": "$1.54 / 100G"
  },
  {
    "Brand_Product_Size": "Oscar Orsen Soft Ponytailer Black 30 pack",
    "WOW Price": 4.5,
    "WOW Size": "30 pack",
    "WOW ppu": ""
  },
  {
    "Brand_Product_Size": "Clairol Natural Instincts 5 Medium Brown each",
    "WOW Price": 16,
    "WOW Size": "each",
    "WOW ppu": "$16.00 / 1EA"
  },
  {
    "Brand_Product_Size": "Woolworths Cashews Sweet Chilli Flavoured 200g",
    "WOW Price": 5.5,
    "WOW Size": "200g",
    "WOW ppu": "$27.50 / 1KG"
  },
  {
    "Brand_Product_Size": "Garnier Olia Permanent Hair Colour 5.0 Brown each",
    "WOW Price": 17,
    "WOW Size": "each",
    "WOW ppu": ""
  },
  {
    "Brand_Product_Size": "Moccona Freeze Dried Instant Coffee Mocha Kenya Style 200g",
    "WOW Price": 13,
    "WOW Size": "200g",
    "WOW ppu": "$6.50 / 100G"
  },
  {
    "Brand_Product_Size": "Moccona Freeze Dried Instant Coffee Mocha Kenya Style 200g",
    "WOW Price": 13,
    "WOW Size": "200g",
    "WOW ppu": "$6.50 / 100G"
  },
  {
    "Brand_Product_Size": "Woolworths Chilli Jalapeno 80g",
    "WOW Price": 3,
    "WOW Size": "80g",
    "WOW ppu": "$3.75 / 100G"
  },
  {
    "Brand_Product_Size": "Glow Lab Facial Moisturiser Spf15 75mL",
    "WOW Price": 8,
    "WOW Size": "75mL",
    "WOW ppu": "$10.67 / 100ML"
  },
  {
    "Brand_Product_Size": "Tandaco One Pan Dinner Pasta Tomato Lasagne 200g",
    "WOW Price": 4,
    "WOW Size": "200g",
    "WOW ppu": "$2.00 / 100G"
  },
  {
    "Brand_Product_Size": "Lavazza Vigoroso Coffee Capsules 10 pack",
    "WOW Price": 6,
    "WOW Size": "10 pack",
    "WOW ppu": "$0.60 / 1EA"
  },
  {
    "Brand_Product_Size": "Lavazza Vigoroso Coffee Capsules 10 pack",
    "WOW Price": 6,
    "WOW Size": "10 pack",
    "WOW ppu": "$0.60 / 1EA"
  },
  {
    "Brand_Product_Size": "Maggie Beer Vintage Crumbly Cheddar 170g",
    "WOW Price": 7,
    "WOW Size": "170g",
    "WOW ppu": "$41.18 / 1KG"
  },
  {
    "Brand_Product_Size": "Maggie Beer Vintage Crumbly Cheddar 170g",
    "WOW Price": 7,
    "WOW Size": "170g",
    "WOW ppu": "$41.18 / 1KG"
  },
  {
    "Brand_Product_Size": "Sistema Klip It Plus Square 520ml 3 pack",
    "WOW Price": 6,
    "WOW Size": "3 pack",
    "WOW ppu": "$6.00 / 1EA"
  },
  {
    "Brand_Product_Size": "Oral-b Precision Clean Toothbrush Replacement Electric Heads 5 refiLLs",
    "WOW Price": 32.75,
    "WOW Size": "5 refiLLs",
    "WOW ppu": "$6.55 / 1EA"
  },
  {
    "Brand_Product_Size": "Nivea Naturally Good Biodegradable Cleansing Wipes 25 pack",
    "WOW Price": 5,
    "WOW Size": "25 pack",
    "WOW ppu": "$0.20 / 1EA"
  },
  {
    "Brand_Product_Size": "On The Menu Lasagne Vegetable 260g",
    "WOW Price": 3,
    "WOW Size": "260g",
    "WOW ppu": "$1.15 / 100G"
  },
  {
    "Brand_Product_Size": "Schweppes Natural Mineral Water Blood Orange & Passionfruit 1.1L",
    "WOW Price": 1.25,
    "WOW Size": "1.1L",
    "WOW ppu": "$1.14 / 1L"
  },
  {
    "Brand_Product_Size": "Revlon Colorstay Pressed Powder Light Medium 8.4g",
    "WOW Price": 17.5,
    "WOW Size": "8.4g",
    "WOW ppu": "$20.83 / 10G"
  },
  {
    "Brand_Product_Size": "Vaseline Intensive Care Body Lotion Deep Restore 225mL",
    "WOW Price": 4.5,
    "WOW Size": "225mL",
    "WOW ppu": "$2.00 / 100ML"
  },
  {
    "Brand_Product_Size": "Sargents Traditional Pies Steak & Onion 4 pack",
    "WOW Price": 5.5,
    "WOW Size": "4 pack",
    "WOW ppu": "$0.79 / 100G"
  },
  {
    "Brand_Product_Size": "Bell Farms Bubble 'n Squeak Potato & Vegetable Pattie 600g",
    "WOW Price": 2.75,
    "WOW Size": "600g",
    "WOW ppu": "$4.58 / 1KG"
  },
  {
    "Brand_Product_Size": "Woolworths Microwave Jasmine Rice 250g",
    "WOW Price": 1.5,
    "WOW Size": "250g",
    "WOW ppu": "$0.60 / 100G"
  },
  {
    "Brand_Product_Size": "Musashi High Protein Salted Caramel Bar 90g",
    "WOW Price": 4,
    "WOW Size": "90g",
    "WOW ppu": "$4.44 / 100G"
  },
  {
    "Brand_Product_Size": "Maybelline Baby Lips Loves Color Lip Balm - Berry Crush 4g",
    "WOW Price": 2,
    "WOW Size": "4g",
    "WOW ppu": "$5.00 / 10G"
  },
  {
    "Brand_Product_Size": "Dr. Oetker Ristorante Pizza Peperoni 310g",
    "WOW Price": 6.8,
    "WOW Size": "310g",
    "WOW ppu": "$2.19 / 100G"
  },
  {
    "Brand_Product_Size": "Baby Bellies Organic Round-a-bouts Sweetcorn 12g",
    "WOW Price": 1.7,
    "WOW Size": "12g",
    "WOW ppu": "$14.17 / 100G"
  },
  {
    "Brand_Product_Size": "Bayview Gluten Free Chicken Pieces Breast Bites 260g",
    "WOW Price": 7,
    "WOW Size": "260g",
    "WOW ppu": "$2.69 / 100G"
  },
  {
    "Brand_Product_Size": "Palmolive Foaming Japanese Cherry Blossom Hand Wash 1L",
    "WOW Price": 8.5,
    "WOW Size": "1L",
    "WOW ppu": "$0.85 / 100ML"
  },
  {
    "Brand_Product_Size": "Woolworths Cheese Slices With Sweet Chilli Dip & Artisan Crackers 50g",
    "WOW Price": 3,
    "WOW Size": "50g",
    "WOW ppu": "$60.00 / 1KG"
  },
  {
    "Brand_Product_Size": "Palmolive Antibacterial Foaming Liquid Hand Wash Lime & Mint 250mL",
    "WOW Price": 3,
    "WOW Size": "250mL",
    "WOW ppu": "$1.20 / 100ML"
  },
  {
    "Brand_Product_Size": "Dr Beckmann Floor Carpet Stain Remover 650mL",
    "WOW Price": 8,
    "WOW Size": "650mL",
    "WOW ppu": "$1.23 / 100ML"
  },
  {
    "Brand_Product_Size": "Lindt Lindor Chocolate Block White 100g bLock",
    "WOW Price": 2.7,
    "WOW Size": "100g bLock",
    "WOW ppu": "$2.70 / 100G"
  },
  {
    "Brand_Product_Size": "Macro Organic Fairtrade Ground Coffee Dark 200g",
    "WOW Price": 6,
    "WOW Size": "200g",
    "WOW ppu": "$3.00 / 100G"
  },
  {
    "Brand_Product_Size": "Macro Organic Fairtrade Ground Coffee Dark 200g",
    "WOW Price": 6,
    "WOW Size": "200g",
    "WOW ppu": "$3.00 / 100G"
  },
  {
    "Brand_Product_Size": "Energizer Aa Rechargable Batteries 4 pack",
    "WOW Price": 23.5,
    "WOW Size": "4 pack",
    "WOW ppu": "$5.88 / 1EA"
  },
  {
    "Brand_Product_Size": "Philips Rangehood Globes 40w 2 pack",
    "WOW Price": 9.95,
    "WOW Size": "2 pack",
    "WOW ppu": "$4.98 / 1EA"
  },
  {
    "Brand_Product_Size": "Bfree 5 Wraps Quinoa & Chia Seed 210g",
    "WOW Price": 8,
    "WOW Size": "210g",
    "WOW ppu": "$3.81 / 100G"
  },
  {
    "Brand_Product_Size": "Macro Organic Chopped Spinach Leaf Portions 450g",
    "WOW Price": 5,
    "WOW Size": "450g",
    "WOW ppu": "$11.11 / 1KG"
  },
  {
    "Brand_Product_Size": "Apollo Dog Food Succulent Chicken 100g",
    "WOW Price": 0.8,
    "WOW Size": "100g",
    "WOW ppu": "$0.80 / 100G"
  },
  {
    "Brand_Product_Size": "Maggie Beer Traditional Camembert 200g",
    "WOW Price": 8,
    "WOW Size": "200g",
    "WOW ppu": "$40.00 / 1KG"
  },
  {
    "Brand_Product_Size": "Maggie Beer Traditional Camembert 200g",
    "WOW Price": 8,
    "WOW Size": "200g",
    "WOW ppu": "$40.00 / 1KG"
  },
  {
    "Brand_Product_Size": "Pine O Cleen Disinfectant Pine 1.25L",
    "WOW Price": 4,
    "WOW Size": "1.25L",
    "WOW ppu": "$0.32 / 100ML"
  },
  {
    "Brand_Product_Size": "Mortein Peaceful Nights Automatic Plug In each",
    "WOW Price": 22,
    "WOW Size": "each",
    "WOW ppu": "$22.00 / 1EA"
  },
  {
    "Brand_Product_Size": "Woolworths Ground Cardamom 24g",
    "WOW Price": 2.7,
    "WOW Size": "24g",
    "WOW ppu": "$1.13 / 10G"
  },
  {
    "Brand_Product_Size": "Natures Goodness Adult Dog Food Kangaroo Sweet Potato & Beans 400g",
    "WOW Price": 1.89,
    "WOW Size": "400g",
    "WOW ppu": "$0.47 / 100G"
  },
  {
    "Brand_Product_Size": "Nivea Light Day Cream Face Moisturiser Spf30 & Vitamin E 50mL",
    "WOW Price": 13.5,
    "WOW Size": "50mL",
    "WOW ppu": "$27.00 / 100ML"
  },
  {
    "Brand_Product_Size": "Strepsils Plus Anaesthetic Throat Spray Menthol Flavour 20mL",
    "WOW Price": 15,
    "WOW Size": "20mL",
    "WOW ppu": "$75.00 / 100ML"
  },
  {
    "Brand_Product_Size": "Lavazza A Modo Mio Passionale Coffee Capsules 16 pack",
    "WOW Price": 8,
    "WOW Size": "16 pack",
    "WOW ppu": "$0.50 / 1EA"
  },
  {
    "Brand_Product_Size": "Lavazza A Modo Mio Passionale Coffee Capsules 16 pack",
    "WOW Price": 8,
    "WOW Size": "16 pack",
    "WOW ppu": "$0.50 / 1EA"
  },
  {
    "Brand_Product_Size": "L'oreal Excellence Creme Hair Colour 5.15 Natural Frosted Brown each",
    "WOW Price": 16,
    "WOW Size": "each",
    "WOW ppu": ""
  },
  {
    "Brand_Product_Size": "Energizer Specialty E96 Aaaa 2 pack",
    "WOW Price": 8,
    "WOW Size": "2 pack",
    "WOW ppu": "$4.00 / 1EA"
  },
  {
    "Brand_Product_Size": "Simply Wize Gluten Free Custard Pastries 300g",
    "WOW Price": 4,
    "WOW Size": "300g",
    "WOW ppu": "$1.33 / 100G"
  },
  {
    "Brand_Product_Size": "Maybelline Dream Radiant Liquid Foundation Natural Beige 30mL",
    "WOW Price": 12.5,
    "WOW Size": "30mL",
    "WOW ppu": "$4.17 / 10ML"
  },
  {
    "Brand_Product_Size": "Dairy Farmers Classic Chocolate Milk 500mL",
    "WOW Price": 2.4,
    "WOW Size": "500mL",
    "WOW ppu": "$4.80 / 1L"
  },
  {
    "Brand_Product_Size": "Remedy Organic Kombucha Cherry Plum 750mL",
    "WOW Price": 5,
    "WOW Size": "750mL",
    "WOW ppu": "$6.67 / 1L"
  },
  {
    "Brand_Product_Size": "Woolworths Lightly Sparkling Spring Water 500mL",
    "WOW Price": 1.75,
    "WOW Size": "500mL",
    "WOW ppu": "$3.50 / 1L"
  },
  {
    "Brand_Product_Size": "Toni & Guy Blow Dry Brush each",
    "WOW Price": 13.3,
    "WOW Size": "each",
    "WOW ppu": ""
  },
  {
    "Brand_Product_Size": "Aspro Clear Pain Relief Soluble Tablets 24 pack",
    "WOW Price": 5,
    "WOW Size": "24 pack",
    "WOW ppu": "$0.21 / 1EA"
  },
  {
    "Brand_Product_Size": "Olsent Led Gls Es 9w 810lm Cw 2 pack",
    "WOW Price": 10,
    "WOW Size": "2 pack",
    "WOW ppu": "$5.00 / 1EA"
  },
  {
    "Brand_Product_Size": "Nature's Way Protein Powder Vanilla 375g",
    "WOW Price": 21,
    "WOW Size": "375g",
    "WOW ppu": "$5.60 / 100G"
  },
  {
    "Brand_Product_Size": "Australia's Own Like Milk Unsweetened 1L",
    "WOW Price": 4,
    "WOW Size": "1L",
    "WOW ppu": "$4.00 / 1L"
  },
  {
    "Brand_Product_Size": "Australia's Own Like Milk Unsweetened 1L",
    "WOW Price": 4,
    "WOW Size": "1L",
    "WOW ppu": "$4.00 / 1L"
  },
  {
    "Brand_Product_Size": "Energizer Recharge Maxi Aa 4 pack",
    "WOW Price": 30,
    "WOW Size": "4 pack",
    "WOW ppu": "$30.00 / 1EA"
  },
  {
    "Brand_Product_Size": "L'oreal Paris True Match Liquid Foundation 2n Vanilla 30mL",
    "WOW Price": 15,
    "WOW Size": "30mL",
    "WOW ppu": "$5.00 / 10ML"
  },
  {
    "Brand_Product_Size": "Friskies Adult Seafood Sensations Dry Cat Food 2.5kg",
    "WOW Price": 10,
    "WOW Size": "2.5kg",
    "WOW ppu": "$0.40 / 100G"
  },
  {
    "Brand_Product_Size": "Bega Tasty Grated Cheese 500g",
    "WOW Price": 8,
    "WOW Size": "500g",
    "WOW ppu": "$16.00 / 1KG"
  },
  {
    "Brand_Product_Size": "Bickford's Super Berry Juice 1L",
    "WOW Price": 5.8,
    "WOW Size": "1L",
    "WOW ppu": "$5.80 / 1L"
  },
  {
    "Brand_Product_Size": "Orgran Quinoa Wafer Crackers 100g",
    "WOW Price": 3.9,
    "WOW Size": "100g",
    "WOW ppu": "$3.90 / 100G"
  },
  {
    "Brand_Product_Size": "Armada Plastic Cups Assorted Colour Red/ Blue 20 pack",
    "WOW Price": 3,
    "WOW Size": "20 pack",
    "WOW ppu": "$0.15 / 1EA"
  },
  {
    "Brand_Product_Size": "Julianne's Kitchen Green Peppercorn Pate 140g",
    "WOW Price": 9,
    "WOW Size": "140g",
    "WOW ppu": "$64.29 / 1KG"
  },
  {
    "Brand_Product_Size": "Woolworths Mini Choc Chip Muffin 8 pack",
    "WOW Price": 3.5,
    "WOW Size": "8 pack",
    "WOW ppu": "$1.09 / 100G"
  },
  {
    "Brand_Product_Size": "Woolworths Mini Choc Chip Muffin 8 pack",
    "WOW Price": 3.5,
    "WOW Size": "8 pack",
    "WOW ppu": "$1.09 / 100G"
  },
  {
    "Brand_Product_Size": "Woolworths Mini Choc Chip Muffin 8 pack",
    "WOW Price": 3.5,
    "WOW Size": "8 pack",
    "WOW ppu": "$1.09 / 100G"
  },
  {
    "Brand_Product_Size": "Movietime Popcorn Bag Multi Coloured 150g",
    "WOW Price": 2.6,
    "WOW Size": "150g",
    "WOW ppu": "$1.73 / 100G"
  },
  {
    "Brand_Product_Size": "Woolworths Cinnamon Ground 32g",
    "WOW Price": 1.7,
    "WOW Size": "32g",
    "WOW ppu": "$0.53 / 10G"
  },
  {
    "Brand_Product_Size": "Woolworths Lemonade Zero Sugar Bottle 1.25L",
    "WOW Price": 1,
    "WOW Size": "1.25L",
    "WOW ppu": "$0.80 / 1L"
  },
  {
    "Brand_Product_Size": "Air Wick V.i.poo Toilet Spray Lemon Idol 55mL",
    "WOW Price": 10,
    "WOW Size": "55mL",
    "WOW ppu": "$18.18 / 100ML"
  },
  {
    "Brand_Product_Size": "First Response Pregnancy Test Stream 1 pack",
    "WOW Price": 9,
    "WOW Size": "1 pack",
    "WOW ppu": "$9.00 / 1EA"
  },
  {
    "Brand_Product_Size": "Morning Sun Muesli Natural Style Apricot & Almond 650g",
    "WOW Price": 3.5,
    "WOW Size": "650g",
    "WOW ppu": "$0.54 / 100G"
  },
  {
    "Brand_Product_Size": "Woolworths Home Brew Lager 1.7kg",
    "WOW Price": 8.23,
    "WOW Size": "1.7kg",
    "WOW ppu": "$4.84 / 1KG"
  },
  {
    "Brand_Product_Size": "Elastoplast Aque Protect Xxl Waterproof Adhesive Strips 5 pack",
    "WOW Price": 13,
    "WOW Size": "5 pack",
    "WOW ppu": "$2.60 / 1EA"
  },
  {
    "Brand_Product_Size": "Bonds Girls Shortie Size 12-16 Assorted 3 pack",
    "WOW Price": 10.5,
    "WOW Size": "3 pack",
    "WOW ppu": ""
  },
  {
    "Brand_Product_Size": "Canesten Athlete's Foot Cream 50g",
    "WOW Price": 14,
    "WOW Size": "50g",
    "WOW ppu": "$28.00 / 100G"
  },
  {
    "Brand_Product_Size": "Korbond Basic Spiral Candle With Holder 24 pack",
    "WOW Price": 2,
    "WOW Size": "24 pack",
    "WOW ppu": "$0.08 / 1EA"
  },
  {
    "Brand_Product_Size": "Ki Bulgarian Sheep Cheese 400g",
    "WOW Price": 7,
    "WOW Size": "400g",
    "WOW ppu": "$17.50 / 1KG"
  },
  {
    "Brand_Product_Size": "Ki Bulgarian Sheep Cheese 400g",
    "WOW Price": 7,
    "WOW Size": "400g",
    "WOW ppu": "$17.50 / 1KG"
  },
  {
    "Brand_Product_Size": "Sealord Gluten Free Hoki Bites 350g",
    "WOW Price": 7,
    "WOW Size": "350g",
    "WOW ppu": "$2.00 / 100G"
  },
  {
    "Brand_Product_Size": "L'oreal Brow Artist Xpert Ebony each",
    "WOW Price": 10,
    "WOW Size": "each",
    "WOW ppu": "$33.33 / 10G"
  },
  {
    "Brand_Product_Size": "Arnott's Cracker Chips Sea Salt & Balsamic Vinegar 150g",
    "WOW Price": 3.5,
    "WOW Size": "150g",
    "WOW ppu": "$2.33 / 100G"
  },
  {
    "Brand_Product_Size": "Papermate Kilometrico Pen Black 10 pack",
    "WOW Price": 4.5,
    "WOW Size": "10 pack",
    "WOW ppu": ""
  },
  {
    "Brand_Product_Size": "Scott Cornwall Hair Colour Remover each",
    "WOW Price": 24.95,
    "WOW Size": "each",
    "WOW ppu": ""
  },
  {
    "Brand_Product_Size": "Woolworths Tuna Sweet Chilli With Crackers 112g",
    "WOW Price": 2.1,
    "WOW Size": "112g",
    "WOW ppu": "$18.75 / 1KG"
  },
  {
    "Brand_Product_Size": "Gillette Skinguard Razor each",
    "WOW Price": 9,
    "WOW Size": "each",
    "WOW ppu": "$9.00 / 1EA"
  },
  {
    "Brand_Product_Size": "Woolworths Canola Oil 750mL",
    "WOW Price": 2.5,
    "WOW Size": "750mL",
    "WOW ppu": "$0.33 / 100ML"
  },
  {
    "Brand_Product_Size": "Bellyup Shotz Bio-fermented Organic Ginger 6 pack",
    "WOW Price": 4.25,
    "WOW Size": "6 pack",
    "WOW ppu": "$14.17 / 1L"
  },
  {
    "Brand_Product_Size": "Quick-eze Heartburn & Indigestion Relief Chewy Peppermint 24 pack",
    "WOW Price": 6,
    "WOW Size": "24 pack",
    "WOW ppu": "$0.25 / 1EA"
  },
  {
    "Brand_Product_Size": "Energizer 2430 Lithium Battery each",
    "WOW Price": 4.99,
    "WOW Size": "each",
    "WOW ppu": "$4.99 / 1EA"
  },
  {
    "Brand_Product_Size": "Ostelin Calcium & Vitamin D3 Tablets 60 pack",
    "WOW Price": 11,
    "WOW Size": "60 pack",
    "WOW ppu": "$18.33 / 100EA"
  },
  {
    "Brand_Product_Size": "La Tosca Fresh Beef Ravioli 750g",
    "WOW Price": 6,
    "WOW Size": "750g",
    "WOW ppu": "$0.80 / 100G"
  },
  {
    "Brand_Product_Size": "Masterfoods Portuguese Chicken Seasoning 50g",
    "WOW Price": 3.75,
    "WOW Size": "50g",
    "WOW ppu": "$0.75 / 10G"
  },
  {
    "Brand_Product_Size": "Macro Mixed Nuts 250g",
    "WOW Price": 6.5,
    "WOW Size": "250g",
    "WOW ppu": "$2.60 / 100G"
  },
  {
    "Brand_Product_Size": "L'oreal Age Perfect Facial Wipes 25pk each",
    "WOW Price": 7,
    "WOW Size": "each",
    "WOW ppu": "$0.28 / 1EA"
  },
  {
    "Brand_Product_Size": "Dole Pineapple Crushed In Juice 227g",
    "WOW Price": 1.6,
    "WOW Size": "227g",
    "WOW ppu": "$7.05 / 1KG"
  },
  {
    "Brand_Product_Size": "Macro Brewers Yeast 225g",
    "WOW Price": 6,
    "WOW Size": "225g",
    "WOW ppu": "$2.67 / 100G"
  },
  {
    "Brand_Product_Size": "Edenvale Non Alcoholic Wine Chardonnay 750mL",
    "WOW Price": 8.5,
    "WOW Size": "750mL",
    "WOW ppu": "$11.33 / 1L"
  },
  {
    "Brand_Product_Size": "Oscar Orsen Hair Brush Grooming each",
    "WOW Price": 5.6,
    "WOW Size": "each",
    "WOW ppu": ""
  },
  {
    "Brand_Product_Size": "Rimmel Mascara Lash Accelerator Endless Black each",
    "WOW Price": 9,
    "WOW Size": "each",
    "WOW ppu": "$9.00 / 10ML"
  },
  {
    "Brand_Product_Size": "Philips Led Globe Warm White 806 Lumen Bc Base each",
    "WOW Price": 8,
    "WOW Size": "each",
    "WOW ppu": "$8.00 / 1EA"
  },
  {
    "Brand_Product_Size": "Nestle Smarties Sharepack 11 pack 140g",
    "WOW Price": 4.6,
    "WOW Size": "11 pack 140g",
    "WOW ppu": "$3.29 / 100G"
  },
  {
    "Brand_Product_Size": "Kiwi Shoe Care Laces Black 75cm each",
    "WOW Price": 2,
    "WOW Size": "each",
    "WOW ppu": ""
  },
  {
    "Brand_Product_Size": "Mortein Diy Insect Control Bomb 3 pack",
    "WOW Price": 12,
    "WOW Size": "3 pack",
    "WOW ppu": "$4.00 / 1EA"
  },
  {
    "Brand_Product_Size": "Palmolive Foaming Liquid Hand Wash Soap Japanese Cherry Blossom 250mL",
    "WOW Price": 3,
    "WOW Size": "250mL",
    "WOW ppu": "$1.20 / 100ML"
  },
  {
    "Brand_Product_Size": "Lindt Lindor Chocolate Balls Assorted 125g bag",
    "WOW Price": 6,
    "WOW Size": "125g bag",
    "WOW ppu": "$4.80 / 100G"
  },
  {
    "Brand_Product_Size": "Herbal Essences Bio Renew Golden Moringa Oil Conditioner 600mL",
    "WOW Price": 9,
    "WOW Size": "600mL",
    "WOW ppu": "$1.50 / 100ML"
  },
  {
    "Brand_Product_Size": "Oral-b Electric Toothbrush Flossaction Heads 2 pack",
    "WOW Price": 16.75,
    "WOW Size": "2 pack",
    "WOW ppu": "$8.38 / 1EA"
  },
  {
    "Brand_Product_Size": "Peters Frosty Fruits Tropical 8 pack",
    "WOW Price": 7,
    "WOW Size": "8 pack",
    "WOW ppu": "$1.17 / 100ML"
  },
  {
    "Brand_Product_Size": "Clairol Nice N Easy Root Touch-up 4 Dark Brown each",
    "WOW Price": 13,
    "WOW Size": "each",
    "WOW ppu": ""
  },
  {
    "Brand_Product_Size": "Passage To Asia Honey & Soy Chicken Stir Fry Sauce 200g",
    "WOW Price": 3,
    "WOW Size": "200g",
    "WOW ppu": "$1.50 / 100G"
  },
  {
    "Brand_Product_Size": "Birds Eye Country Harvest Peas Corn & Capsicum 500g",
    "WOW Price": 2.6,
    "WOW Size": "500g",
    "WOW ppu": "$5.20 / 1KG"
  },
  {
    "Brand_Product_Size": "Sambucol Cough Syrups Cold & Flu Liquid 120mL",
    "WOW Price": 18,
    "WOW Size": "120mL",
    "WOW ppu": "$15.00 / 100ML"
  },
  {
    "Brand_Product_Size": "The Bar Counter Good Fats Protein Bar Peanut Butter Caramel 40g",
    "WOW Price": 2.5,
    "WOW Size": "40g",
    "WOW ppu": "$6.25 / 100G"
  },
  {
    "Brand_Product_Size": "Green Gardener Garden Hose Joiner 12mm 1 pack",
    "WOW Price": 3,
    "WOW Size": "12mm 1 pack",
    "WOW ppu": ""
  },
  {
    "Brand_Product_Size": "Woolworths Plantitude Green Curry Jackfruit With Rice 350g",
    "WOW Price": 5,
    "WOW Size": "350g",
    "WOW ppu": "$1.43 / 100G"
  },
  {
    "Brand_Product_Size": "Macro Banana Flour 300g",
    "WOW Price": 6.5,
    "WOW Size": "300g",
    "WOW ppu": "$2.17 / 100G"
  },
  {
    "Brand_Product_Size": "Cocobella Vanilla Yoghurt 500g",
    "WOW Price": 6,
    "WOW Size": "500g",
    "WOW ppu": "$1.20 / 100G"
  },
  {
    "Brand_Product_Size": "Podravka Liver Paste 95g",
    "WOW Price": 2.1,
    "WOW Size": "95g",
    "WOW ppu": "$2.21 / 100G"
  },
  {
    "Brand_Product_Size": "Sensodyne Toothpaste Sensitive Teeth Pain Repair & Protect Fluoride 100g",
    "WOW Price": 6.6,
    "WOW Size": "100g",
    "WOW ppu": "$6.60 / 100G"
  },
  {
    "Brand_Product_Size": "Listerine Smart Rinse Mouthwash For Kids Berry 500mL",
    "WOW Price": 7,
    "WOW Size": "500mL",
    "WOW ppu": "$1.40 / 100ML"
  },
  {
    "Brand_Product_Size": "Pain Away Arthritis Pain Relief Cream 125g",
    "WOW Price": 18.4,
    "WOW Size": "125g",
    "WOW ppu": "$14.72 / 100G"
  },
  {
    "Brand_Product_Size": "Nivea Men Moisturising Shaving Gel With Aloe Vera 200mL",
    "WOW Price": 6,
    "WOW Size": "200mL",
    "WOW ppu": "$3.00 / 100ML"
  },
  {
    "Brand_Product_Size": "Praise Traditional Creamy Mayonnaise 365g",
    "WOW Price": 3,
    "WOW Size": "365g",
    "WOW ppu": "$0.82 / 100G"
  },
  {
    "Brand_Product_Size": "Praise Traditional Creamy Mayonnaise 365g",
    "WOW Price": 3,
    "WOW Size": "365g",
    "WOW ppu": "$0.82 / 100G"
  },
  {
    "Brand_Product_Size": "Barista Bros Double Expresso 500mL",
    "WOW Price": 3.2,
    "WOW Size": "500mL",
    "WOW ppu": "$6.40 / 1L"
  },
  {
    "Brand_Product_Size": "Canon Printer Ink Cli651x Cyan each",
    "WOW Price": 25.2,
    "WOW Size": "each",
    "WOW ppu": ""
  },
  {
    "Brand_Product_Size": "Dermaveen Extra Hydration Intensive Moisturising Lotion 500mL",
    "WOW Price": 11.2,
    "WOW Size": "500mL",
    "WOW ppu": "$2.24 / 100ML"
  },
  {
    "Brand_Product_Size": "Refresh Your Car Paper Fresh Strawberry Cool Lemonade 2 pack",
    "WOW Price": 6,
    "WOW Size": "2 pack",
    "WOW ppu": "$3.00 / 1EA"
  },
  {
    "Brand_Product_Size": "Farmers Union Natural Greek Style Yogurt 200g",
    "WOW Price": 2.3,
    "WOW Size": "200g",
    "WOW ppu": "$1.15 / 100G"
  },
  {
    "Brand_Product_Size": "Mainland Vintage Cheddar Block 200g",
    "WOW Price": 5.5,
    "WOW Size": "200g",
    "WOW ppu": "$27.50 / 1KG"
  },
  {
    "Brand_Product_Size": "Fibre Cycle Back 2 Nature Small Animal Bedding 10L",
    "WOW Price": 7,
    "WOW Size": "10L",
    "WOW ppu": "$0.70 / 1L"
  },
  {
    "Brand_Product_Size": "Fussy Cat Grain Free Cat Food Beef & Kangaroo With Sweet Potato 85g",
    "WOW Price": 1.19,
    "WOW Size": "85g",
    "WOW ppu": "$1.40 / 100G"
  },
  {
    "Brand_Product_Size": "Great Temptations Gluten Free Orange & Poppy Seed Muffins 4 pack",
    "WOW Price": 5,
    "WOW Size": "4 pack",
    "WOW ppu": "$2.78 / 100G"
  },
  {
    "Brand_Product_Size": "Always Discreet Maxi Night For Bladder Leaks 6 pack",
    "WOW Price": 4.8,
    "WOW Size": "6 pack",
    "WOW ppu": "$0.80 / 1EA"
  },
  {
    "Brand_Product_Size": "Woolworths Sweet Chilli Sauce 280mL",
    "WOW Price": 1.5,
    "WOW Size": "280mL",
    "WOW ppu": "$0.54 / 100ML"
  },
  {
    "Brand_Product_Size": "Evian Spring Still Water 330mL",
    "WOW Price": 2.1,
    "WOW Size": "330mL",
    "WOW ppu": "$6.36 / 1L"
  },
  {
    "Brand_Product_Size": "Evian Spring Still Water 330mL",
    "WOW Price": 2.1,
    "WOW Size": "330mL",
    "WOW ppu": "$6.36 / 1L"
  },
  {
    "Brand_Product_Size": "Woolworths Lamington Fingers 18 pack",
    "WOW Price": 2.5,
    "WOW Size": "18 pack",
    "WOW ppu": "$0.71 / 100G"
  },
  {
    "Brand_Product_Size": "Woolworths Lamington Fingers 18 pack",
    "WOW Price": 2.5,
    "WOW Size": "18 pack",
    "WOW ppu": "$0.71 / 100G"
  },
  {
    "Brand_Product_Size": "Golden Circle Beetroot Whole Baby 440g",
    "WOW Price": 3,
    "WOW Size": "440g",
    "WOW ppu": "$6.82 / 1KG"
  },
  {
    "Brand_Product_Size": "Oreo Ice Cream Cone 4 pack",
    "WOW Price": 5,
    "WOW Size": "4 pack",
    "WOW ppu": "$1.05 / 100ML"
  },
  {
    "Brand_Product_Size": "Hot Wheels Monster Trucks 1:64 each",
    "WOW Price": 5,
    "WOW Size": "each",
    "WOW ppu": ""
  },
  {
    "Brand_Product_Size": "Cakemark Cookies Coconut Macaroons 6 pack 200g",
    "WOW Price": 3.15,
    "WOW Size": "6 pack 200g",
    "WOW ppu": "$1.58 / 100G"
  },
  {
    "Brand_Product_Size": "Vaalia Low Fat French Vanilla Yoghurt 4x150g",
    "WOW Price": 4.3,
    "WOW Size": "4x150g",
    "WOW ppu": "$0.72 / 100G"
  },
  {
    "Brand_Product_Size": "Vaalia Low Fat French Vanilla Yoghurt 4x150g",
    "WOW Price": 4.3,
    "WOW Size": "4x150g",
    "WOW ppu": "$0.72 / 100G"
  },
  {
    "Brand_Product_Size": "Masterfoods Parsley Flakes 4g",
    "WOW Price": 1.8,
    "WOW Size": "4g",
    "WOW ppu": "$4.50 / 10G"
  },
  {
    "Brand_Product_Size": "Bonds Stretchies Bib One Size each",
    "WOW Price": 9,
    "WOW Size": "each",
    "WOW ppu": "$9.00 / 1EA"
  },
  {
    "Brand_Product_Size": "Thankyou. Hand Wash - Botanical Patchouli & Vanilla 500mL",
    "WOW Price": 7.5,
    "WOW Size": "500mL",
    "WOW ppu": "$1.50 / 100ML"
  },
  {
    "Brand_Product_Size": "Hart & Soul All Natural Three Bean Soup 400g",
    "WOW Price": 4,
    "WOW Size": "400g",
    "WOW ppu": "$1.00 / 100G"
  },
  {
    "Brand_Product_Size": "Skin Republic Collagen Hydro Under Eye Patch each",
    "WOW Price": 10,
    "WOW Size": "each",
    "WOW ppu": "$10.00 / 1EA"
  },
  {
    "Brand_Product_Size": "Woolworths Almonds Natural 225g",
    "WOW Price": 6,
    "WOW Size": "225g",
    "WOW ppu": "$26.67 / 1KG"
  },
  {
    "Brand_Product_Size": "Hershey's Caramel Syrup 623g",
    "WOW Price": 5,
    "WOW Size": "623g",
    "WOW ppu": "$0.80 / 100G"
  },
  {
    "Brand_Product_Size": "Sa Gourmet Food Co Creamy Chicken & Sweet Corn Soup 430g",
    "WOW Price": 2.7,
    "WOW Size": "430g",
    "WOW ppu": "$0.63 / 100G"
  },
  {
    "Brand_Product_Size": "Help@hand Dry Cough Syrup Honey And Lemon 200mL",
    "WOW Price": 6.5,
    "WOW Size": "200mL",
    "WOW ppu": "$3.25 / 100ML"
  },
  {
    "Brand_Product_Size": "Magic Stain Remover 250mL",
    "WOW Price": 8,
    "WOW Size": "250mL",
    "WOW ppu": "$32.00 / 1L"
  },
  {
    "Brand_Product_Size": "Fanta No Sugar 200mL x8 pack",
    "WOW Price": 7.2,
    "WOW Size": "200mL x8 pack",
    "WOW ppu": "$4.50 / 1L"
  },
  {
    "Brand_Product_Size": "Colgate Pro Clinical 360 Degrees Soft Brush Heads Refill White 2 pack",
    "WOW Price": 13.75,
    "WOW Size": "2 pack",
    "WOW ppu": "$6.88 / 1EA"
  },
  {
    "Brand_Product_Size": "Tresemme Professional Hair Shampoo Colour Revitalise 900mL",
    "WOW Price": 7,
    "WOW Size": "900mL",
    "WOW ppu": "$0.78 / 100ML"
  },
  {
    "Brand_Product_Size": "Nestle Kit Kat Ice Cream Sticks 4 pack",
    "WOW Price": 4.25,
    "WOW Size": "4 pack",
    "WOW ppu": "$1.18 / 100ML"
  },
  {
    "Brand_Product_Size": "Rafferty's Garden Food 4 Months+ Pumpkin, Apple & Sweetcorn 120g",
    "WOW Price": 1.65,
    "WOW Size": "120g",
    "WOW ppu": "$1.38 / 100G"
  },
  {
    "Brand_Product_Size": "Spirax Platinum Stitch Journal 210x120mm 96 Pages Assorted each",
    "WOW Price": 10,
    "WOW Size": "each",
    "WOW ppu": ""
  },
  {
    "Brand_Product_Size": "My Soda Smooth Shampoo 350mL",
    "WOW Price": 10,
    "WOW Size": "350mL",
    "WOW ppu": "$2.86 / 100ML"
  },
  {
    "Brand_Product_Size": "Lamb Leg Half Roast 900g - 1.85kg",
    "WOW Price": 23.13,
    "WOW Size": "900g - 1.85kg",
    "WOW ppu": "$12.50 / 1KG"
  },
  {
    "Brand_Product_Size": "Vs Sassoon For Men The Essential Cut Hair Clipping Kit each",
    "WOW Price": 35,
    "WOW Size": "each",
    "WOW ppu": ""
  },
  {
    "Brand_Product_Size": "Fountain Barbecue Sauce Squeeze 500mL",
    "WOW Price": 2,
    "WOW Size": "500mL",
    "WOW ppu": "$0.40 / 100ML"
  },
  {
    "Brand_Product_Size": "Loacker Gardena Chocolate Milk Chocolate Coated Wafers 200g",
    "WOW Price": 0.95,
    "WOW Size": "200g",
    "WOW ppu": "$0.48 / 100G"
  },
  {
    "Brand_Product_Size": "Energizer Button Batteries Cr2032 2 pack",
    "WOW Price": 6,
    "WOW Size": "2 pack",
    "WOW ppu": "$3.00 / 1EA"
  },
  {
    "Brand_Product_Size": "First Press Iced Coffee Oat Milk Double Shot 350mL",
    "WOW Price": 4,
    "WOW Size": "350mL",
    "WOW ppu": "$11.43 / 1L"
  },
  {
    "Brand_Product_Size": "Little Wishes Silicone Teats Fast Flow 2 pack",
    "WOW Price": 1.75,
    "WOW Size": "2 pack",
    "WOW ppu": "$1.75 / 1EA"
  },
  {
    "Brand_Product_Size": "Calidad Hp Printer Ink 61 Xl Tri-colour each",
    "WOW Price": 38,
    "WOW Size": "each",
    "WOW ppu": ""
  },
  {
    "Brand_Product_Size": "Paul Newman's Dressings Creamy Caesar 250mL",
    "WOW Price": 4,
    "WOW Size": "250mL",
    "WOW ppu": "$1.60 / 100ML"
  },
  {
    "Brand_Product_Size": "Bega Cream Cheese Spread Bold 250g",
    "WOW Price": 3.8,
    "WOW Size": "250g",
    "WOW ppu": "$15.20 / 1KG"
  },
  {
    "Brand_Product_Size": "Arkadia Chai Tea Low Sugar 240g",
    "WOW Price": 5.5,
    "WOW Size": "240g",
    "WOW ppu": "$2.29 / 100G"
  },
  {
    "Brand_Product_Size": "Arkadia Chai Tea Low Sugar 240g",
    "WOW Price": 5.5,
    "WOW Size": "240g",
    "WOW ppu": "$2.29 / 100G"
  },
  {
    "Brand_Product_Size": "Continental Cup A Soup Asian Thai Red Curry 60g",
    "WOW Price": 1.05,
    "WOW Size": "60g",
    "WOW ppu": "$1.75 / 100G"
  },
  {
    "Brand_Product_Size": "Smith's Thinly Cut Potato Chips Sticky Bbq Ribs 175g",
    "WOW Price": 2,
    "WOW Size": "175g",
    "WOW ppu": "$1.14 / 100G"
  },
  {
    "Brand_Product_Size": "Revlon Colorstay Ivory Foundation For Combination & Oily Skin 30mL",
    "WOW Price": 17.5,
    "WOW Size": "30mL",
    "WOW ppu": "$5.83 / 10ML"
  },
  {
    "Brand_Product_Size": "Dole Pineapple Pieces In Juice 822g",
    "WOW Price": 4.2,
    "WOW Size": "822g",
    "WOW ppu": "$5.11 / 1KG"
  },
  {
    "Brand_Product_Size": "L'oreal Paradise Extatic Mascara Black each",
    "WOW Price": 12.5,
    "WOW Size": "each",
    "WOW ppu": "$19.53 / 10ML"
  },
  {
    "Brand_Product_Size": "Inspire Toilet Brush Holder each",
    "WOW Price": 15,
    "WOW Size": "each",
    "WOW ppu": ""
  },
  {
    "Brand_Product_Size": "Flora Margarine Spread Buttery 500g",
    "WOW Price": 3.3,
    "WOW Size": "500g",
    "WOW ppu": "$0.66 / 100G"
  },
  {
    "Brand_Product_Size": "Edgell Four Bean Mix Mix 300g",
    "WOW Price": 0.5,
    "WOW Size": "300g",
    "WOW ppu": "$1.67 / 1KG"
  },
  {
    "Brand_Product_Size": "Thomas Dux Parmigiano Reggiano Over 12 Months 250g",
    "WOW Price": 10,
    "WOW Size": "250g",
    "WOW ppu": "$40.00 / 1KG"
  },
  {
    "Brand_Product_Size": "Panadol Extra With Optizorb Paracetamol Pain Relief 10 pack",
    "WOW Price": 5,
    "WOW Size": "10 pack",
    "WOW ppu": "$0.50 / 1EA"
  },
  {
    "Brand_Product_Size": "Woolworths Green Stuffed Olives 450g",
    "WOW Price": 2,
    "WOW Size": "450g",
    "WOW ppu": "$0.44 / 100G"
  },
  {
    "Brand_Product_Size": "Fab Laundry Powder Essential Oils Indian Nights 1.8kg",
    "WOW Price": 6,
    "WOW Size": "1.8kg",
    "WOW ppu": "$3.33 / 1KG"
  },
  {
    "Brand_Product_Size": "Duck Deep Action Gel Citrus 750mL",
    "WOW Price": 5,
    "WOW Size": "750mL",
    "WOW ppu": "$0.67 / 100ML"
  },
  {
    "Brand_Product_Size": "Aussie Bodies Nourish Protein Cocoa Bean 450g",
    "WOW Price": 25,
    "WOW Size": "450g",
    "WOW ppu": "$5.56 / 100G"
  },
  {
    "Brand_Product_Size": "Vitasoy Soy Milky Regular 1L",
    "WOW Price": 2.45,
    "WOW Size": "1L",
    "WOW ppu": "$2.45 / 1L"
  },
  {
    "Brand_Product_Size": "Vitasoy Soy Milky Regular 1L",
    "WOW Price": 2.45,
    "WOW Size": "1L",
    "WOW ppu": "$2.45 / 1L"
  },
  {
    "Brand_Product_Size": "Sour Patch Kids Lollies 220g",
    "WOW Price": 4,
    "WOW Size": "220g",
    "WOW ppu": "$1.82 / 100G"
  },
  {
    "Brand_Product_Size": "Superior Rubber Bands Size 16 100g",
    "WOW Price": 4,
    "WOW Size": "100g",
    "WOW ppu": ""
  },
  {
    "Brand_Product_Size": "Toscano Chocolate Filled Crepes 192g",
    "WOW Price": 4.7,
    "WOW Size": "192g",
    "WOW ppu": "$2.45 / 100G"
  },
  {
    "Brand_Product_Size": "Nerf Hollow Treat Dog Toy Ball each",
    "WOW Price": 14,
    "WOW Size": "each",
    "WOW ppu": "$14.00 / 1EA"
  },
  {
    "Brand_Product_Size": "Clean Air Manual Spray Air Freshener Alpine Refill 125g",
    "WOW Price": 3.5,
    "WOW Size": "125g",
    "WOW ppu": "$0.28 / 10G"
  },
  {
    "Brand_Product_Size": "Pantene Colour Protect 3min Conditioner 400mL",
    "WOW Price": 6.75,
    "WOW Size": "400mL",
    "WOW ppu": "$1.69 / 100ML"
  },
  {
    "Brand_Product_Size": "Green's Brownie Mix Chocolate 380g",
    "WOW Price": 2.75,
    "WOW Size": "380g",
    "WOW ppu": "$0.72 / 100G"
  },
  {
    "Brand_Product_Size": "Lynx Australia Antiperspirant Deodorant 165mL",
    "WOW Price": 3.5,
    "WOW Size": "165mL",
    "WOW ppu": "$2.12 / 100ML"
  },
  {
    "Brand_Product_Size": "Mother's Day Mug Floral Mum each",
    "WOW Price": 4,
    "WOW Size": "each",
    "WOW ppu": ""
  },
  {
    "Brand_Product_Size": "Gotzinger Cheese Kransky Chipolata 400g",
    "WOW Price": 9,
    "WOW Size": "400g",
    "WOW ppu": "$22.50 / 1KG"
  },
  {
    "Brand_Product_Size": "Dolmio Extra Garden Vegetables Tomato Pasta Sauce 500g",
    "WOW Price": 2.9,
    "WOW Size": "500g",
    "WOW ppu": "$0.58 / 100G"
  },
  {
    "Brand_Product_Size": "Jamie Oliver Spatulas Set 3 piece",
    "WOW Price": 8,
    "WOW Size": "3 piece",
    "WOW ppu": ""
  },
  {
    "Brand_Product_Size": "Colgate Zig Zag Deep Interdental Clean Toothbrush Medium Adult each",
    "WOW Price": 3,
    "WOW Size": "each",
    "WOW ppu": "$3.00 / 1EA"
  },
  {
    "Brand_Product_Size": "Jarrah Mint Drinking Chocolate Sachets 10 pack 140g",
    "WOW Price": 5,
    "WOW Size": "10 pack 140g",
    "WOW ppu": "$0.50 / 1EA"
  },
  {
    "Brand_Product_Size": "Lo Bros Organic Kombucha Passionfruit 330mL",
    "WOW Price": 2.5,
    "WOW Size": "330mL",
    "WOW ppu": "$7.58 / 1L"
  },
  {
    "Brand_Product_Size": "180 Degrees Oat Crackers Walnut 150g",
    "WOW Price": 5,
    "WOW Size": "150g",
    "WOW ppu": "$3.33 / 100G"
  },
  {
    "Brand_Product_Size": "Lucky Dog Adult Bones Original Dog Treats 800g",
    "WOW Price": 4.5,
    "WOW Size": "800g",
    "WOW ppu": "$0.56 / 100G"
  },
  {
    "Brand_Product_Size": "Bulla Nourish Minis Peach Apricot 10 pack",
    "WOW Price": 7,
    "WOW Size": "10 pack",
    "WOW ppu": "$1.75 / 100ML"
  },
  {
    "Brand_Product_Size": "Mint Stainless Steel Potato Masher each",
    "WOW Price": 6,
    "WOW Size": "each",
    "WOW ppu": ""
  },
  {
    "Brand_Product_Size": "My Dog Lamb Loaf Classics Wet Dog Food Trays 100g x6 pack",
    "WOW Price": 8.5,
    "WOW Size": "100g x6 pack",
    "WOW ppu": "$1.42 / 100G"
  },
  {
    "Brand_Product_Size": "Mcobeauty Instant Concealer Ivory 10mL",
    "WOW Price": 9,
    "WOW Size": "10mL",
    "WOW ppu": "$9.00 / 10ML"
  },
  {
    "Brand_Product_Size": "Nanna's Frozen Crepes 400g",
    "WOW Price": 7,
    "WOW Size": "400g",
    "WOW ppu": "$1.75 / 100G"
  },
  {
    "Brand_Product_Size": "Macro Organic 6 Months+ Sweet Potato Carrot & Zucchini 120g",
    "WOW Price": 1.4,
    "WOW Size": "120g",
    "WOW ppu": "$1.17 / 100G"
  },
  {
    "Brand_Product_Size": "Sorbent Flushable Wipes Hypo-allergenic 40 pack",
    "WOW Price": 3.5,
    "WOW Size": "40 pack",
    "WOW ppu": "$0.09 / 1EA"
  },
  {
    "Brand_Product_Size": "Betty Crocker Vanilla Cake Mix 540g",
    "WOW Price": 5.2,
    "WOW Size": "540g",
    "WOW ppu": "$0.96 / 100G"
  },
  {
    "Brand_Product_Size": "Pandaroo Thai Rice Noodles 200g",
    "WOW Price": 1.6,
    "WOW Size": "200g",
    "WOW ppu": "$0.80 / 100G"
  },
  {
    "Brand_Product_Size": "Oscar Orsen Large Flat Hair Elastics Blonde 10 pack",
    "WOW Price": 4.5,
    "WOW Size": "10 pack",
    "WOW ppu": ""
  },
  {
    "Brand_Product_Size": "Twinings Asha Sleep Time 18 pack",
    "WOW Price": 6,
    "WOW Size": "18 pack",
    "WOW ppu": "$0.33 / 1EA"
  },
  {
    "Brand_Product_Size": "Twinings Asha Sleep Time 18 pack",
    "WOW Price": 6,
    "WOW Size": "18 pack",
    "WOW ppu": "$0.33 / 1EA"
  },
  {
    "Brand_Product_Size": "Pilpel Dip Beetroot Almond 200g",
    "WOW Price": 6,
    "WOW Size": "200g",
    "WOW ppu": "$3.00 / 100G"
  },
  {
    "Brand_Product_Size": "Pilpel Dip Beetroot Almond 200g",
    "WOW Price": 6,
    "WOW Size": "200g",
    "WOW ppu": "$3.00 / 100G"
  },
  {
    "Brand_Product_Size": "Edgell Sliced Beetroot Sliced 825g",
    "WOW Price": 2.55,
    "WOW Size": "825g",
    "WOW ppu": "$3.09 / 1KG"
  },
  {
    "Brand_Product_Size": "Plumrose Frankfurts Hot Dogs 560g",
    "WOW Price": 2.4,
    "WOW Size": "560g",
    "WOW ppu": "$4.29 / 1KG"
  },
  {
    "Brand_Product_Size": "Sunsilk Shampoo Addictive Brilliant Shine 700mL",
    "WOW Price": 10,
    "WOW Size": "700mL",
    "WOW ppu": "$1.43 / 100ML"
  },
  {
    "Brand_Product_Size": "Schweppes Raspberry 1.1L",
    "WOW Price": 1.25,
    "WOW Size": "1.1L",
    "WOW ppu": "$1.14 / 1L"
  },
  {
    "Brand_Product_Size": "The Natural Chip Co. Lentil Craves Sour Cream & Chives 100g",
    "WOW Price": 3.5,
    "WOW Size": "100g",
    "WOW ppu": "$3.50 / 100G"
  },
  {
    "Brand_Product_Size": "Trill Mix-in Fruit & Nut Blend 200g",
    "WOW Price": 3.99,
    "WOW Size": "200g",
    "WOW ppu": "$2.00 / 100G"
  },
  {
    "Brand_Product_Size": "Woolworths Pastry Flan Case 150g",
    "WOW Price": 3.5,
    "WOW Size": "150g",
    "WOW ppu": "$2.33 / 100G"
  },
  {
    "Brand_Product_Size": "Eatrite Rice Crackers Tamari Seaweed 100g",
    "WOW Price": 3.7,
    "WOW Size": "100g",
    "WOW ppu": "$3.70 / 100G"
  },
  {
    "Brand_Product_Size": "Mildura Quencher Lemonade 500mL",
    "WOW Price": 2.15,
    "WOW Size": "500mL",
    "WOW ppu": "$4.30 / 1L"
  },
  {
    "Brand_Product_Size": "Woolworths 12 Extra Large Free Range Eggs 700g",
    "WOW Price": 4.5,
    "WOW Size": "700g",
    "WOW ppu": "$0.64 / 100G"
  },
  {
    "Brand_Product_Size": "Total Care Pet Training Pads 8 pack",
    "WOW Price": 9.5,
    "WOW Size": "8 pack",
    "WOW ppu": ""
  },
  {
    "Brand_Product_Size": "Frico Gouda Cumin Wedge 265g",
    "WOW Price": 8.2,
    "WOW Size": "265g",
    "WOW ppu": "$32.16 / 1KG"
  },
  {
    "Brand_Product_Size": "Frico Gouda Cumin Wedge 265g",
    "WOW Price": 8.2,
    "WOW Size": "265g",
    "WOW ppu": "$32.16 / 1KG"
  },
  {
    "Brand_Product_Size": "Four'n Twenty Pies Chicken & Vegetable 4 pack",
    "WOW Price": 6.5,
    "WOW Size": "4 pack",
    "WOW ppu": "$0.93 / 100G"
  },
  {
    "Brand_Product_Size": "Murray River Salt Flakes 150g",
    "WOW Price": 8.3,
    "WOW Size": "150g",
    "WOW ppu": "$5.53 / 100G"
  },
  {
    "Brand_Product_Size": "Jamie Oliver Medium Pop Jar each",
    "WOW Price": 8,
    "WOW Size": "each",
    "WOW ppu": "$8.00 / 1EA"
  },
  {
    "Brand_Product_Size": "Revlon Super Lustrous Lipstick Blushed each",
    "WOW Price": 12.5,
    "WOW Size": "each",
    "WOW ppu": "$29.76 / 10G"
  },
  {
    "Brand_Product_Size": "Mayver's Dark Roast Smooth Peanut Butter 375g",
    "WOW Price": 4,
    "WOW Size": "375g",
    "WOW ppu": "$1.07 / 100G"
  },
  {
    "Brand_Product_Size": "Essano Rosehip Collagen Repair Night Cream 50g",
    "WOW Price": 17.5,
    "WOW Size": "50g",
    "WOW ppu": "$35.00 / 100G"
  },
  {
    "Brand_Product_Size": "Keep It Cleaner Protein Choc Fudge Ball 32g",
    "WOW Price": 2.4,
    "WOW Size": "32g",
    "WOW ppu": "$7.50 / 100G"
  },
  {
    "Brand_Product_Size": "Hong Gong Shao Hsing Wine 640mL",
    "WOW Price": 1.5,
    "WOW Size": "640mL",
    "WOW ppu": "$0.23 / 100ML"
  },
  {
    "Brand_Product_Size": "Nescafe Coffee Sachets Cappucino 26 pack",
    "WOW Price": 11,
    "WOW Size": "26 pack",
    "WOW ppu": "$0.42 / 1EA"
  },
  {
    "Brand_Product_Size": "Nescafe Coffee Sachets Cappucino 26 pack",
    "WOW Price": 11,
    "WOW Size": "26 pack",
    "WOW ppu": "$0.42 / 1EA"
  },
  {
    "Brand_Product_Size": "Maybelline Superstay Active Wear 30hr Foundation Light Beige 30mL",
    "WOW Price": 13.5,
    "WOW Size": "30mL",
    "WOW ppu": "$4.50 / 10ML"
  },
  {
    "Brand_Product_Size": "Mother Earth Golden Baked Oaty Slice Golden Oats 6 pack 240g",
    "WOW Price": 3,
    "WOW Size": "6 pack 240g",
    "WOW ppu": "$1.25 / 100G"
  },
  {
    "Brand_Product_Size": "Mother Earth Golden Baked Oaty Slice Golden Oats 6 pack 240g",
    "WOW Price": 3,
    "WOW Size": "6 pack 240g",
    "WOW ppu": "$1.25 / 100G"
  },
  {
    "Brand_Product_Size": "Dove Original Beauty Bar Soap 1/4 Moisturising 6x100g",
    "WOW Price": 8,
    "WOW Size": "6x100g",
    "WOW ppu": "$1.33 / 100G"
  },
  {
    "Brand_Product_Size": "Nestle Milo Dessert Energy Snack 6 pack",
    "WOW Price": 5,
    "WOW Size": "6 pack",
    "WOW ppu": "$0.56 / 100G"
  },
  {
    "Brand_Product_Size": "Redwin Hyluronic Hydration 220g",
    "WOW Price": 10,
    "WOW Size": "220g",
    "WOW ppu": "$4.55 / 100G"
  },
  {
    "Brand_Product_Size": "Hart & Soul All Natural Supergrain Satay Chicken 250g",
    "WOW Price": 5,
    "WOW Size": "250g",
    "WOW ppu": "$2.00 / 100G"
  },
  {
    "Brand_Product_Size": "Campbell's Real Vegetable Liquid Stock 1L",
    "WOW Price": 3,
    "WOW Size": "1L",
    "WOW ppu": "$0.30 / 100ML"
  },
  {
    "Brand_Product_Size": "L'oreal Paris Preference 9.1 Viking Light Ash Blonde each",
    "WOW Price": 11.4,
    "WOW Size": "each",
    "WOW ppu": ""
  },
  {
    "Brand_Product_Size": "Clairol Nice N Easy 4 Natural Dark Brown each",
    "WOW Price": 9,
    "WOW Size": "each",
    "WOW ppu": ""
  },
  {
    "Brand_Product_Size": "Mr Squid Shredded Squid 65g",
    "WOW Price": 4.7,
    "WOW Size": "65g",
    "WOW ppu": "$7.23 / 100G"
  },
  {
    "Brand_Product_Size": "Cheezels Chilli Cheese 110g",
    "WOW Price": 1.25,
    "WOW Size": "110g",
    "WOW ppu": "$1.14 / 100G"
  },
  {
    "Brand_Product_Size": "Off! Tropical Strength Insect Repellent Spray 150g",
    "WOW Price": 7.6,
    "WOW Size": "150g",
    "WOW ppu": "$5.07 / 100G"
  },
  {
    "Brand_Product_Size": "Energizer Lithium Photo 123 2 pack",
    "WOW Price": 18,
    "WOW Size": "2 pack",
    "WOW ppu": "$9.00 / 1EA"
  },
  {
    "Brand_Product_Size": "Jeer Gold Deodorant Body Spray 150mL",
    "WOW Price": 5,
    "WOW Size": "150mL",
    "WOW ppu": "$3.33 / 100ML"
  },
  {
    "Brand_Product_Size": "Schwarzkopf Brilliance 90 Black 1 pack",
    "WOW Price": 7.2,
    "WOW Size": "1 pack",
    "WOW ppu": ""
  },
  {
    "Brand_Product_Size": "Aussie Bodies Protein Bar Peanut Butter Crisp 36g",
    "WOW Price": 3,
    "WOW Size": "36g",
    "WOW ppu": "$8.33 / 100G"
  },
  {
    "Brand_Product_Size": "Carman's Muesli Natural 875g",
    "WOW Price": 8,
    "WOW Size": "875g",
    "WOW ppu": "$0.91 / 100G"
  },
  {
    "Brand_Product_Size": "Nature's Way Apple Cider Vinegar Gummies 65 pack",
    "WOW Price": 10,
    "WOW Size": "65 pack",
    "WOW ppu": "$15.38 / 100EA"
  },
  {
    "Brand_Product_Size": "Nurofen Zavance Fast Pain Relief Tablets 256mg Ibuprofen 12 pack",
    "WOW Price": 4.45,
    "WOW Size": "12 pack",
    "WOW ppu": "$0.37 / 1EA"
  },
  {
    "Brand_Product_Size": "Garnier Bb Cream Anti-ageing Medium Anti Age Medium 50mL",
    "WOW Price": 9.45,
    "WOW Size": "50mL",
    "WOW ppu": "$18.90 / 100ML"
  },
  {
    "Brand_Product_Size": "Laughing Cow Cheese And Crackers 40g",
    "WOW Price": 2.5,
    "WOW Size": "40g",
    "WOW ppu": "$62.50 / 1KG"
  },
  {
    "Brand_Product_Size": "Dove Conditioner Daily Care 320mL",
    "WOW Price": 4.9,
    "WOW Size": "320mL",
    "WOW ppu": "$1.53 / 100ML"
  },
  {
    "Brand_Product_Size": "Always Fresh Mini Toasts 90g",
    "WOW Price": 2,
    "WOW Size": "90g",
    "WOW ppu": "$2.22 / 100G"
  },
  {
    "Brand_Product_Size": "Woolworths Essentials Underwear Women's Full Brief Size 18-20 each",
    "WOW Price": 10,
    "WOW Size": "each",
    "WOW ppu": ""
  },
  {
    "Brand_Product_Size": "Sam's Pantry Swiss Fruit & Nut Natural Muesli 750g",
    "WOW Price": 5,
    "WOW Size": "750g",
    "WOW ppu": "$0.67 / 100G"
  },
  {
    "Brand_Product_Size": "Korbond Playing Cards 92g",
    "WOW Price": 4,
    "WOW Size": "92g",
    "WOW ppu": "$4.00 / 1EA"
  },
  {
    "Brand_Product_Size": "Just For Men Hair Colour Medium Brown 100g",
    "WOW Price": 12,
    "WOW Size": "100g",
    "WOW ppu": "$12.00 / 100G"
  },
  {
    "Brand_Product_Size": "Tostitos Tortilla Corn Chips Smoked Chipotle Cantina Style 175g",
    "WOW Price": 4.2,
    "WOW Size": "175g",
    "WOW ppu": "$2.40 / 100G"
  },
  {
    "Brand_Product_Size": "Hercules Sustain 60% Plant Based Kitchen Tidy Bag Small 30 pack",
    "WOW Price": 4,
    "WOW Size": "30 pack",
    "WOW ppu": "$0.13 / 1EA"
  },
  {
    "Brand_Product_Size": "Balnea Almond Milk & Jojoba Oil Hand Wash 250mL",
    "WOW Price": 1.5,
    "WOW Size": "250mL",
    "WOW ppu": "$0.60 / 100ML"
  },
  {
    "Brand_Product_Size": "Mckenzie's French Style Lentils 375g",
    "WOW Price": 3.35,
    "WOW Size": "375g",
    "WOW ppu": "$8.93 / 1KG"
  },
  {
    "Brand_Product_Size": "Philips Oven Globes 15w 2 pack",
    "WOW Price": 9.95,
    "WOW Size": "2 pack",
    "WOW ppu": "$4.98 / 1EA"
  },
  {
    "Brand_Product_Size": "Tasti Smooshed Wholefood Balls Berry Cashew & Cacao 207g",
    "WOW Price": 6.5,
    "WOW Size": "207g",
    "WOW ppu": "$3.14 / 100G"
  },
  {
    "Brand_Product_Size": "Skin Republic Collagen Infusion Face Mask each",
    "WOW Price": 8,
    "WOW Size": "each",
    "WOW ppu": "$8.00 / 1EA"
  },
  {
    "Brand_Product_Size": "Essentials Mini Nylon Tongs each",
    "WOW Price": 2,
    "WOW Size": "each",
    "WOW ppu": ""
  },
  {
    "Brand_Product_Size": "Sundae Vanilla Bean Whipped Shower Foam 265mL",
    "WOW Price": 13.4,
    "WOW Size": "265mL",
    "WOW ppu": "$5.06 / 100ML"
  },
  {
    "Brand_Product_Size": "Tresemme Professional Shampoo Volume 900mL",
    "WOW Price": 7,
    "WOW Size": "900mL",
    "WOW ppu": "$0.78 / 100ML"
  },
  {
    "Brand_Product_Size": "Woolworths A4 Display Book 20 Pockets each",
    "WOW Price": 2.5,
    "WOW Size": "each",
    "WOW ppu": ""
  },
  {
    "Brand_Product_Size": "Baxter's Chicken Pieces 100g",
    "WOW Price": 4,
    "WOW Size": "100g",
    "WOW ppu": "$4.00 / 100G"
  },
  {
    "Brand_Product_Size": "Fancy Feast Adult Petit Cuisine Salmon Chicken Tuna Wet Cat Food 50g x6 pack",
    "WOW Price": 5,
    "WOW Size": "50g x6 pack",
    "WOW ppu": "$1.67 / 100G"
  },
  {
    "Brand_Product_Size": "Mint Stainless Steel Skimmer each",
    "WOW Price": 6,
    "WOW Size": "each",
    "WOW ppu": ""
  },
  {
    "Brand_Product_Size": "Woolworths Printed Foil Tray 2 pack",
    "WOW Price": 4,
    "WOW Size": "2 pack",
    "WOW ppu": "$2.00 / 1EA"
  },
  {
    "Brand_Product_Size": "Mccain Rustica Sourdough Smoked Ham & Aged Cheddar Pizza 410g",
    "WOW Price": 8,
    "WOW Size": "410g",
    "WOW ppu": "$1.95 / 100G"
  },
  {
    "Brand_Product_Size": "Woolworths Himalayan Pink Fine Table Salt 1kg",
    "WOW Price": 3,
    "WOW Size": "1kg",
    "WOW ppu": "$0.03 / 10G"
  },
  {
    "Brand_Product_Size": "Mckenzie's Lentils Whole Green 375g",
    "WOW Price": 2.3,
    "WOW Size": "375g",
    "WOW ppu": "$6.13 / 1KG"
  },
  {
    "Brand_Product_Size": "Sam's Pantry Berry Bircher Natural Muesli 750g",
    "WOW Price": 5,
    "WOW Size": "750g",
    "WOW ppu": "$0.67 / 100G"
  },
  {
    "Brand_Product_Size": "Angas Park Dried Pears 200g",
    "WOW Price": 6,
    "WOW Size": "200g",
    "WOW ppu": "$30.00 / 1KG"
  },
  {
    "Brand_Product_Size": "Essentials Toilet Tissue 1ply White 1000sheets each",
    "WOW Price": 1.15,
    "WOW Size": "each",
    "WOW ppu": "$0.12 / 100SS"
  },
  {
    "Brand_Product_Size": "Kiwi Mid Tan Shoe Polish 38g",
    "WOW Price": 5,
    "WOW Size": "38g",
    "WOW ppu": "$13.16 / 100G"
  },
  {
    "Brand_Product_Size": "Koh Kae Peanuts Bbq 240g",
    "WOW Price": 3.5,
    "WOW Size": "240g",
    "WOW ppu": "$14.58 / 1KG"
  },
  {
    "Brand_Product_Size": "Herbal Essences Sulfate Free Birch Bark Extract Conditioner 400mL",
    "WOW Price": 7,
    "WOW Size": "400mL",
    "WOW ppu": "$1.75 / 100ML"
  },
  {
    "Brand_Product_Size": "Arnott's Gaiety Chocolate 160g",
    "WOW Price": 4,
    "WOW Size": "160g",
    "WOW ppu": "$2.50 / 100G"
  },
  {
    "Brand_Product_Size": "Grillworx Bbq Hot Plate Liner each",
    "WOW Price": 6.4,
    "WOW Size": "each",
    "WOW ppu": "$6.40 / 1EA"
  },
  {
    "Brand_Product_Size": "Redwin Anti Dandruff Shampoo Coal Tar Treatment 250mL",
    "WOW Price": 4.85,
    "WOW Size": "250mL",
    "WOW ppu": "$1.94 / 100ML"
  },
  {
    "Brand_Product_Size": "Sirena Tuna In Garlic 95g",
    "WOW Price": 2.7,
    "WOW Size": "95g",
    "WOW ppu": "$28.42 / 1KG"
  },
  {
    "Brand_Product_Size": "Libra Ultra Thins Pads Wings Regular 14 pack",
    "WOW Price": 2.9,
    "WOW Size": "14 pack",
    "WOW ppu": "$0.21 / 1EA"
  },
  {
    "Brand_Product_Size": "Arnott's Fruit Roll Slices Spicy 250g",
    "WOW Price": 4.2,
    "WOW Size": "250g",
    "WOW ppu": "$1.68 / 100G"
  },
  {
    "Brand_Product_Size": "Nexba Passionfruit Sugar-free Sparkling Probiotic Water 375mL x 4 pack",
    "WOW Price": 7.6,
    "WOW Size": "375mL x 4 pack",
    "WOW ppu": "$5.07 / 1L"
  },
  {
    "Brand_Product_Size": "Essentials Pizza Cutter Plastic each",
    "WOW Price": 2,
    "WOW Size": "each",
    "WOW ppu": ""
  },
  {
    "Brand_Product_Size": "Dole Pineapple Premium Tropical Slices 432g",
    "WOW Price": 1.8,
    "WOW Size": "432g",
    "WOW ppu": "$4.17 / 1KG"
  },
  {
    "Brand_Product_Size": "Ambi Pur Mini Clip Car Air Freshener Sky Breeze 2mL",
    "WOW Price": 6,
    "WOW Size": "2mL",
    "WOW ppu": "$6.00 / 1EA"
  },
  {
    "Brand_Product_Size": "Master Lock Padlock Economy 30mm 2 pack",
    "WOW Price": 16,
    "WOW Size": "2 pack",
    "WOW ppu": "$8.00 / 1EA"
  },
  {
    "Brand_Product_Size": "Cadbury Boost 60g bar",
    "WOW Price": 1.5,
    "WOW Size": "60g bar",
    "WOW ppu": "$2.50 / 100G"
  },
  {
    "Brand_Product_Size": "Bach Remedy Stress Relief Pastill Blackcurrant 50g",
    "WOW Price": 13,
    "WOW Size": "50g",
    "WOW ppu": "$26.00 / 100G"
  },
  {
    "Brand_Product_Size": "Bonds Mens Underwear Guy Front Trunk Size Medium each",
    "WOW Price": 24,
    "WOW Size": "each",
    "WOW ppu": ""
  },
  {
    "Brand_Product_Size": "Captain's Table Cracker Cracked Pepper 125g",
    "WOW Price": 1.8,
    "WOW Size": "125g",
    "WOW ppu": "$1.44 / 100G"
  },
  {
    "Brand_Product_Size": "Flora Proactiv Cholesterol Lowering Margarine Spread Light 500g",
    "WOW Price": 8,
    "WOW Size": "500g",
    "WOW ppu": "$1.60 / 100G"
  },
  {
    "Brand_Product_Size": "Cenovis Mega B Tablets Value Pack 200 pack",
    "WOW Price": 16,
    "WOW Size": "200 pack",
    "WOW ppu": "$8.00 / 100EA"
  },
  {
    "Brand_Product_Size": "Selleys Sealant Wet Area Silicone 75g",
    "WOW Price": 9,
    "WOW Size": "75g",
    "WOW ppu": "$12.00 / 100G"
  },
  {
    "Brand_Product_Size": "Ozkleen Pre Wash Power 500mL",
    "WOW Price": 5.5,
    "WOW Size": "500mL",
    "WOW ppu": "$11.00 / 1L"
  },
  {
    "Brand_Product_Size": "Fussy Cat Little & Big Bites Wet Cat Food 80g x12 pack",
    "WOW Price": 10,
    "WOW Size": "80g x12 pack",
    "WOW ppu": "$1.04 / 100G"
  },
  {
    "Brand_Product_Size": "Golden Circle Sparkling Tropical 4x250mL",
    "WOW Price": 6.4,
    "WOW Size": "4x250mL",
    "WOW ppu": "$6.40 / 1L"
  },
  {
    "Brand_Product_Size": "Fancy Feast Adult Delights Chicken & Cheddar Cheese Wet Cat Food 85g",
    "WOW Price": 1.45,
    "WOW Size": "85g",
    "WOW ppu": "$1.71 / 100G"
  },
  {
    "Brand_Product_Size": "Cuddly Concentrate Fabric Softener Aroma Collections Lavender 500mL",
    "WOW Price": 2.5,
    "WOW Size": "500mL",
    "WOW ppu": "$5.00 / 1L"
  },
  {
    "Brand_Product_Size": "Nestle Cerelac Multigrain With Pear Baby Cereal Stage 3 200g",
    "WOW Price": 4.6,
    "WOW Size": "200g",
    "WOW ppu": "$2.30 / 100G"
  },
  {
    "Brand_Product_Size": "Keep It Cleaner Plant Based Protein Powder Vanilla Flavour 375g",
    "WOW Price": 30,
    "WOW Size": "375g",
    "WOW ppu": "$8.00 / 100G"
  },
  {
    "Brand_Product_Size": "Vittoria Oro Nespresso Compatible Coffee Capsules pack 10",
    "WOW Price": 7,
    "WOW Size": "pack 10",
    "WOW ppu": "$0.70 / 1EA"
  },
  {
    "Brand_Product_Size": "Vittoria Oro Nespresso Compatible Coffee Capsules pack 10",
    "WOW Price": 7,
    "WOW Size": "pack 10",
    "WOW ppu": "$0.70 / 1EA"
  },
  {
    "Brand_Product_Size": "Campbell's Canned Soup Cream Of Chicken & Corn 420g",
    "WOW Price": 1.7,
    "WOW Size": "420g",
    "WOW ppu": "$0.40 / 100G"
  },
  {
    "Brand_Product_Size": "Huggies Ultimate Nappies Size 3 72 pack",
    "WOW Price": 32,
    "WOW Size": "72 pack",
    "WOW ppu": "$0.44 / 1EA"
  },
  {
    "Brand_Product_Size": "John West Salmon Tempters Onion & Tomato 95g",
    "WOW Price": 2.7,
    "WOW Size": "95g",
    "WOW ppu": "$28.42 / 1KG"
  },
  {
    "Brand_Product_Size": "Woolworths Choc Chip Minis 8 pack 180g",
    "WOW Price": 2.5,
    "WOW Size": "8 pack 180g",
    "WOW ppu": "$1.39 / 100G"
  },
  {
    "Brand_Product_Size": "Woolworths Choc Chip Minis 8 pack 180g",
    "WOW Price": 2.5,
    "WOW Size": "8 pack 180g",
    "WOW ppu": "$1.39 / 100G"
  },
  {
    "Brand_Product_Size": "Barilla Spaghetti Pasta No 5 500g",
    "WOW Price": 2.4,
    "WOW Size": "500g",
    "WOW ppu": "$0.48 / 100G"
  },
  {
    "Brand_Product_Size": "Batlow Apple & Raspberry Freeze Dried Apple Slices 15g",
    "WOW Price": 3,
    "WOW Size": "15g",
    "WOW ppu": "$200.00 / 1KG"
  },
  {
    "Brand_Product_Size": "Rexona Clinical Women Antiperspirant Cream Sensitive 45mL",
    "WOW Price": 13,
    "WOW Size": "45mL",
    "WOW ppu": "$28.89 / 100ML"
  },
  {
    "Brand_Product_Size": "Hakka Fried Fish Pieces 180g",
    "WOW Price": 3.5,
    "WOW Size": "180g",
    "WOW ppu": "$19.44 / 1KG"
  },
  {
    "Brand_Product_Size": "Raw C Coconut Water 2L",
    "WOW Price": 6,
    "WOW Size": "2L",
    "WOW ppu": "$3.00 / 1L"
  },
  {
    "Brand_Product_Size": "Old El Paso Gluten Free Tortilla 216g",
    "WOW Price": 4.45,
    "WOW Size": "216g",
    "WOW ppu": "$2.06 / 100G"
  },
  {
    "Brand_Product_Size": "Natvia Sweetener Sticks 40 pack",
    "WOW Price": 4.5,
    "WOW Size": "40 pack",
    "WOW ppu": "$11.25 / 100EA"
  },
  {
    "Brand_Product_Size": "Sharwood's Simmer Sauce Butter Chicken 420g",
    "WOW Price": 2,
    "WOW Size": "420g",
    "WOW ppu": "$0.48 / 100G"
  },
  {
    "Brand_Product_Size": "Leggos Providore Tomato & Chilli 400g",
    "WOW Price": 5,
    "WOW Size": "400g",
    "WOW ppu": "$1.25 / 100G"
  },
  {
    "Brand_Product_Size": "Patak's Spicy Tandoori Paste Marinade 295g",
    "WOW Price": 4,
    "WOW Size": "295g",
    "WOW ppu": "$1.36 / 100G"
  },
  {
    "Brand_Product_Size": "Mother Earth Oaty Slice Almond Grain 240g",
    "WOW Price": 3,
    "WOW Size": "240g",
    "WOW ppu": "$1.25 / 100G"
  },
  {
    "Brand_Product_Size": "Mother Earth Oaty Slice Almond Grain 240g",
    "WOW Price": 3,
    "WOW Size": "240g",
    "WOW ppu": "$1.25 / 100G"
  },
  {
    "Brand_Product_Size": "Lao Gan Ma Chili In Oil 210g",
    "WOW Price": 3,
    "WOW Size": "210g",
    "WOW ppu": "$1.43 / 100G"
  },
  {
    "Brand_Product_Size": "Nature's Gift Meal Time Lamb Recipe With Pasta & Veg Wet Dog Food 700g",
    "WOW Price": 2,
    "WOW Size": "700g",
    "WOW ppu": "$0.29 / 100G"
  },
  {
    "Brand_Product_Size": "Bonds Singlet Mens Chesty White Size 18 1 pack",
    "WOW Price": 15,
    "WOW Size": "1 pack",
    "WOW ppu": ""
  },
  {
    "Brand_Product_Size": "Art Of Pastry Frozen Fillo Pastry Sheets 375g",
    "WOW Price": 4,
    "WOW Size": "375g",
    "WOW ppu": "$1.07 / 100G"
  },
  {
    "Brand_Product_Size": "San Remo Macaroni Pasta No 38 500g",
    "WOW Price": 2.6,
    "WOW Size": "500g",
    "WOW ppu": "$0.52 / 100G"
  },
  {
    "Brand_Product_Size": "Nice & Natural Fruit Oddities 16 pack",
    "WOW Price": 6,
    "WOW Size": "16 pack",
    "WOW ppu": "$2.21 / 100G"
  },
  {
    "Brand_Product_Size": "Body Science Plant Protein Bar Choc Lamington 50g",
    "WOW Price": 4,
    "WOW Size": "50g",
    "WOW ppu": "$8.00 / 100G"
  },
  {
    "Brand_Product_Size": "Hoyt's Ginger Ground 50g",
    "WOW Price": 3.4,
    "WOW Size": "50g",
    "WOW ppu": "$0.68 / 10G"
  },
  {
    "Brand_Product_Size": "Olina's Simply Seed Crackers Original 80g",
    "WOW Price": 3.5,
    "WOW Size": "80g",
    "WOW ppu": "$4.38 / 100G"
  },
  {
    "Brand_Product_Size": "Bubs Goat Stage 2 Formula Stage 2 800g",
    "WOW Price": 38,
    "WOW Size": "800g",
    "WOW ppu": "$4.75 / 100G"
  },
  {
    "Brand_Product_Size": "Woolworths Minced Garlic 250g",
    "WOW Price": 1.25,
    "WOW Size": "250g",
    "WOW ppu": "$0.05 / 10G"
  },
  {
    "Brand_Product_Size": "Kettle Chunky Himalayan Pink Salt 150g",
    "WOW Price": 3.25,
    "WOW Size": "150g",
    "WOW ppu": "$2.17 / 100G"
  },
  {
    "Brand_Product_Size": "Neutrogena T Gel Anti Dandruff Shampoo & Cond Daily Control 200mL",
    "WOW Price": 6.3,
    "WOW Size": "200mL",
    "WOW ppu": "$3.15 / 100ML"
  },
  {
    "Brand_Product_Size": "The Collective Probiotic Kefir Kids Yoghurt Pouch Blueberry 100g",
    "WOW Price": 1.2,
    "WOW Size": "100g",
    "WOW ppu": "$1.20 / 100G"
  },
  {
    "Brand_Product_Size": "Lucky Dog Adult Meaty Chew Lamb Dog Treats 4 pack",
    "WOW Price": 4.5,
    "WOW Size": "4 pack",
    "WOW ppu": "$4.69 / 100G"
  },
  {
    "Brand_Product_Size": "Nestle Sweetened Condensed Milk 395g",
    "WOW Price": 3.2,
    "WOW Size": "395g",
    "WOW ppu": "$0.81 / 100G"
  },
  {
    "Brand_Product_Size": "Nestle Sweetened Condensed Milk 395g",
    "WOW Price": 3.2,
    "WOW Size": "395g",
    "WOW ppu": "$0.81 / 100G"
  },
  {
    "Brand_Product_Size": "Nestle Sweetened Condensed Milk 395g",
    "WOW Price": 3.2,
    "WOW Size": "395g",
    "WOW ppu": "$0.81 / 100G"
  },
  {
    "Brand_Product_Size": "Maseur Footcare Dry Comfort Latex Insole 1 pair",
    "WOW Price": 4.2,
    "WOW Size": "1 pair",
    "WOW ppu": ""
  },
  {
    "Brand_Product_Size": "Hot Pot Seasoning Mushroom 150g",
    "WOW Price": 5.25,
    "WOW Size": "150g",
    "WOW ppu": "$3.50 / 100G"
  },
  {
    "Brand_Product_Size": "Woolworths Nutmeg Ground 30g",
    "WOW Price": 2.3,
    "WOW Size": "30g",
    "WOW ppu": "$0.77 / 10G"
  },
  {
    "Brand_Product_Size": "Mckenzie's Soup Mix Italian Style 375g",
    "WOW Price": 2.3,
    "WOW Size": "375g",
    "WOW ppu": "$0.61 / 100G"
  },
  {
    "Brand_Product_Size": "Woolworths Garlic Bread Slices 270g",
    "WOW Price": 3.2,
    "WOW Size": "270g",
    "WOW ppu": "$1.19 / 100G"
  },
  {
    "Brand_Product_Size": "Oral-b 3d White Brilliance Fresh Lotus Toothpaste 120g",
    "WOW Price": 10,
    "WOW Size": "120g",
    "WOW ppu": "$8.33 / 100G"
  },
  {
    "Brand_Product_Size": "Dollar Sweets Sprinkles Magic 100s & 1000s 350g",
    "WOW Price": 4.5,
    "WOW Size": "350g",
    "WOW ppu": "$1.29 / 100G"
  },
  {
    "Brand_Product_Size": "Impulse Body Mist Burnt Marshmallow & Leather Jacket 100mL",
    "WOW Price": 9,
    "WOW Size": "100mL",
    "WOW ppu": "$9.00 / 100ML"
  },
  {
    "Brand_Product_Size": "Fab Perfume Indulgence Gold Absolute Laundry Liquid 1.8L",
    "WOW Price": 8,
    "WOW Size": "1.8L",
    "WOW ppu": "$4.44 / 1L"
  },
  {
    "Brand_Product_Size": "Savour Snacks Peas Wasabi Flavoured 100g",
    "WOW Price": 1.8,
    "WOW Size": "100g",
    "WOW ppu": "$18.00 / 1KG"
  },
  {
    "Brand_Product_Size": "Linda Mccartney's Veg Mozzarella Burger 2 pack",
    "WOW Price": 5,
    "WOW Size": "2 pack",
    "WOW ppu": "$2.20 / 100G"
  },
  {
    "Brand_Product_Size": "For Him Fly Front Trunks Large Assorted 3 pack",
    "WOW Price": 12,
    "WOW Size": "3 pack",
    "WOW ppu": ""
  },
  {
    "Brand_Product_Size": "Woolworths Water Chestnuts Sliced 225g",
    "WOW Price": 1.1,
    "WOW Size": "225g",
    "WOW ppu": "$4.89 / 1KG"
  },
  {
    "Brand_Product_Size": "L'oreal Paris Preference P67 Scarlet Intense Red each",
    "WOW Price": 11.4,
    "WOW Size": "each",
    "WOW ppu": ""
  },
  {
    "Brand_Product_Size": "Dermaveen Sensitive Relief Eczema Cream 100mL",
    "WOW Price": 8.8,
    "WOW Size": "100mL",
    "WOW ppu": "$8.80 / 100ML"
  },
  {
    "Brand_Product_Size": "Chris' Homestyle Tzatziki 800g",
    "WOW Price": 6.5,
    "WOW Size": "800g",
    "WOW ppu": "$0.81 / 100G"
  },
  {
    "Brand_Product_Size": "Arnott's Ginger Nut 250g",
    "WOW Price": 2.3,
    "WOW Size": "250g",
    "WOW ppu": "$0.92 / 100G"
  },
  {
    "Brand_Product_Size": "Wow Butter Peanut Free Smooth 500g",
    "WOW Price": 7,
    "WOW Size": "500g",
    "WOW ppu": "$1.40 / 100G"
  },
  {
    "Brand_Product_Size": "Goulburn Valley Mango 685g",
    "WOW Price": 5.1,
    "WOW Size": "685g",
    "WOW ppu": "$7.45 / 1KG"
  },
  {
    "Brand_Product_Size": "Mojo Kombucha Passionfruit 450mL",
    "WOW Price": 3.5,
    "WOW Size": "450mL",
    "WOW ppu": "$7.78 / 1L"
  },
  {
    "Brand_Product_Size": "Dove Men Antiperspirant Aerosol Deodorant Invisible Dry 254mL",
    "WOW Price": 3.5,
    "WOW Size": "254mL",
    "WOW ppu": "$1.38 / 100ML"
  },
  {
    "Brand_Product_Size": "Pandaroo Sweetened Condensed Coconut Milk 320g",
    "WOW Price": 5,
    "WOW Size": "320g",
    "WOW ppu": "$1.56 / 100G"
  },
  {
    "Brand_Product_Size": "Crisp Starch Ironing Spray 385g",
    "WOW Price": 5.5,
    "WOW Size": "385g",
    "WOW ppu": "$14.29 / 1KG"
  },
  {
    "Brand_Product_Size": "Sa Gourmet Food Co Strawberry Custard 120g",
    "WOW Price": 1.4,
    "WOW Size": "120g",
    "WOW ppu": "$1.17 / 100G"
  },
  {
    "Brand_Product_Size": "Sudocrem Tube 30g",
    "WOW Price": 5,
    "WOW Size": "30g",
    "WOW ppu": "$16.67 / 100G"
  },
  {
    "Brand_Product_Size": "Sudocrem Tube 30g",
    "WOW Price": 5,
    "WOW Size": "30g",
    "WOW ppu": "$16.67 / 100G"
  },
  {
    "Brand_Product_Size": "Nescafe 98% Sugar Free Mocha Sachets 10 pack",
    "WOW Price": 3.15,
    "WOW Size": "10 pack",
    "WOW ppu": "$0.32 / 1EA"
  },
  {
    "Brand_Product_Size": "Nescafe 98% Sugar Free Mocha Sachets 10 pack",
    "WOW Price": 3.15,
    "WOW Size": "10 pack",
    "WOW ppu": "$0.32 / 1EA"
  },
  {
    "Brand_Product_Size": "Macro Organic Almonds 500g",
    "WOW Price": 18,
    "WOW Size": "500g",
    "WOW ppu": "$36.00 / 1KG"
  },
  {
    "Brand_Product_Size": "Nestle Soothers Throat Lozenge Eucalyptus & Menthol 3 pack",
    "WOW Price": 4,
    "WOW Size": "3 pack",
    "WOW ppu": "$0.13 / 1EA"
  },
  {
    "Brand_Product_Size": "Cadbury Dairy Milk Vanilla Tub 1.2L",
    "WOW Price": 9,
    "WOW Size": "1.2L",
    "WOW ppu": "$0.75 / 100ML"
  },
  {
    "Brand_Product_Size": "Valcom Canned Bamboo Shoots Sliced 225g",
    "WOW Price": 1.1,
    "WOW Size": "225g",
    "WOW ppu": "$4.89 / 1KG"
  },
  {
    "Brand_Product_Size": "Woolworths Free From Gluten Cranberry & Seeds Muesli 350g",
    "WOW Price": 5.5,
    "WOW Size": "350g",
    "WOW ppu": "$1.57 / 100G"
  },
  {
    "Brand_Product_Size": "Hinterland Cookies & Cream With Belgian Chocolate Ice Cream Tub 1L",
    "WOW Price": 10.5,
    "WOW Size": "1L",
    "WOW ppu": "$1.05 / 100ML"
  },
  {
    "Brand_Product_Size": "Hinterland Vanilla Bean Ice Cream 1L",
    "WOW Price": 10.5,
    "WOW Size": "1L",
    "WOW ppu": "$1.05 / 100ML"
  },
  {
    "Brand_Product_Size": "Blue Frog Macadamia, Almond & Manuka Honey Muesli 350g",
    "WOW Price": 14,
    "WOW Size": "350g",
    "WOW ppu": "$4.00 / 100G"
  },
  {
    "Brand_Product_Size": "Primo Middle Bacon 750g",
    "WOW Price": 15,
    "WOW Size": "750g",
    "WOW ppu": "$20.00 / 1KG"
  },
  {
    "Brand_Product_Size": "Earth Choice Dishwashing Liquid 900mL",
    "WOW Price": 5.35,
    "WOW Size": "900mL",
    "WOW ppu": "$0.59 / 100ML"
  },
  {
    "Brand_Product_Size": "Siggi's 4% Milkfat Yoghurt Passionfruit 125g",
    "WOW Price": 2,
    "WOW Size": "125g",
    "WOW ppu": "$1.60 / 100G"
  },
  {
    "Brand_Product_Size": "Colgate Extra Clean Medium Toothbrush With Rubber Tongue Cleaner each",
    "WOW Price": 2,
    "WOW Size": "each",
    "WOW ppu": "$2.00 / 1EA"
  },
  {
    "Brand_Product_Size": "Meredith Dairy Marinated Goats Cheese Jar 550g",
    "WOW Price": 20,
    "WOW Size": "550g",
    "WOW ppu": "$36.36 / 1KG"
  },
  {
    "Brand_Product_Size": "Meredith Dairy Marinated Goats Cheese Jar 550g",
    "WOW Price": 20,
    "WOW Size": "550g",
    "WOW ppu": "$36.36 / 1KG"
  },
  {
    "Brand_Product_Size": "Creative Foods Garlic Bread 2 pack 500g",
    "WOW Price": 4,
    "WOW Size": "2 pack 500g",
    "WOW ppu": "$0.80 / 100G"
  },
  {
    "Brand_Product_Size": "Listerine Mouthwash 1L",
    "WOW Price": 9.39,
    "WOW Size": "1L",
    "WOW ppu": "$0.94 / 100ML"
  },
  {
    "Brand_Product_Size": "Essentials Plastic Dessert Spoons 50 pack",
    "WOW Price": 2,
    "WOW Size": "50 pack",
    "WOW ppu": "$0.04 / 1EA"
  },
  {
    "Brand_Product_Size": "Lego Bricks each",
    "WOW Price": 25,
    "WOW Size": "each",
    "WOW ppu": ""
  },
  {
    "Brand_Product_Size": "Mcobeauty Brow Fill & Set Medium/dark each",
    "WOW Price": 8,
    "WOW Size": "each",
    "WOW ppu": "$13.33 / 10ML"
  },
  {
    "Brand_Product_Size": "Air Wick Pure Spring Delight Electric Primary 19mL",
    "WOW Price": 11,
    "WOW Size": "19mL",
    "WOW ppu": "$5.79 / 10ML"
  },
  {
    "Brand_Product_Size": "Powerade Berry Ice Flo Cap 600mL",
    "WOW Price": 2.2,
    "WOW Size": "600mL",
    "WOW ppu": "$3.67 / 1L"
  },
  {
    "Brand_Product_Size": "Nutriboost Boosted Milk Drink Chocolate 250mL",
    "WOW Price": 1.75,
    "WOW Size": "250mL",
    "WOW ppu": "$7.00 / 1L"
  },
  {
    "Brand_Product_Size": "Nutriboost Boosted Milk Drink Chocolate 250mL",
    "WOW Price": 1.75,
    "WOW Size": "250mL",
    "WOW ppu": "$7.00 / 1L"
  },
  {
    "Brand_Product_Size": "Homebrand Hair Gel Super Hold 250g",
    "WOW Price": 1.2,
    "WOW Size": "250g",
    "WOW ppu": "$0.48 / 100G"
  },
  {
    "Brand_Product_Size": "Byron Bay Cookies Macadmia Shortbread Bites 100g",
    "WOW Price": 2.5,
    "WOW Size": "100g",
    "WOW ppu": "$2.50 / 100G"
  },
  {
    "Brand_Product_Size": "Woolworths Cashews Roasted & Salted 750g pack",
    "WOW Price": 17,
    "WOW Size": "750g pack",
    "WOW ppu": "$22.67 / 1KG"
  },
  {
    "Brand_Product_Size": "Your Majesty Gourmet Kitten Selection Wet Cat Food 12 pack",
    "WOW Price": 8.5,
    "WOW Size": "12 pack",
    "WOW ppu": "$0.83 / 100G"
  },
  {
    "Brand_Product_Size": "Woolworths Broccolini Bunch each",
    "WOW Price": 3,
    "WOW Size": "each",
    "WOW ppu": "$3.00 / 1EA"
  },
  {
    "Brand_Product_Size": "Maybelline Fit Me Concealer - Light 15 6.8mL",
    "WOW Price": 8,
    "WOW Size": "6.8mL",
    "WOW ppu": "$11.76 / 10ML"
  },
  {
    "Brand_Product_Size": "La Zuppa Microwave Soup Creamy Chicken & Vegetable 420g",
    "WOW Price": 4,
    "WOW Size": "420g",
    "WOW ppu": "$0.95 / 100G"
  },
  {
    "Brand_Product_Size": "Woolworths Beef T Bone Steak Medium 250g - 700g",
    "WOW Price": 16.8,
    "WOW Size": "250g - 700g",
    "WOW ppu": "$24.00 / 1KG"
  },
  {
    "Brand_Product_Size": "Regal Lean Cat Mince 2x100g",
    "WOW Price": 2.5,
    "WOW Size": "2x100g",
    "WOW ppu": "$1.25 / 100G"
  },
  {
    "Brand_Product_Size": "Philips Circular Fluoro Tube 32w each",
    "WOW Price": 12.5,
    "WOW Size": "each",
    "WOW ppu": "$12.50 / 1EA"
  },
  {
    "Brand_Product_Size": "Dentalife Adult Large Breed Dog Dental Treats 18 pack",
    "WOW Price": 11.9,
    "WOW Size": "18 pack",
    "WOW ppu": "$2.03 / 100G"
  },
  {
    "Brand_Product_Size": "Sally Hansen Miracle Gel Terra Coppa 14.7mL",
    "WOW Price": 8.5,
    "WOW Size": "14.7mL",
    "WOW ppu": "$5.78 / 10ML"
  },
  {
    "Brand_Product_Size": "Pantene Prov Blend Rosewater Moisture Restoring Conditioner 530mL",
    "WOW Price": 10.8,
    "WOW Size": "530mL",
    "WOW ppu": "$2.04 / 100ML"
  },
  {
    "Brand_Product_Size": "Tasti Protein Bar Nutty Choc 200g",
    "WOW Price": 4.8,
    "WOW Size": "200g",
    "WOW ppu": "$2.40 / 100G"
  },
  {
    "Brand_Product_Size": "Tasti Protein Bar Nutty Choc 200g",
    "WOW Price": 4.8,
    "WOW Size": "200g",
    "WOW ppu": "$2.40 / 100G"
  },
  {
    "Brand_Product_Size": "De Costi Cooked Prawns Peeled With Cocktail Sauce 260g",
    "WOW Price": 11.5,
    "WOW Size": "260g",
    "WOW ppu": "$44.23 / 1KG"
  },
  {
    "Brand_Product_Size": "Palmolive Luminous Oils Moroccan Argan Oil Camellia Hair Conditioner 350mL",
    "WOW Price": 5,
    "WOW Size": "350mL",
    "WOW ppu": "$1.43 / 100ML"
  },
  {
    "Brand_Product_Size": "Vaseline Petroleum Jelly Original 100g",
    "WOW Price": 4,
    "WOW Size": "100g",
    "WOW ppu": "$4.00 / 100G"
  },
  {
    "Brand_Product_Size": "Mersey Valley Ploughmans Cheddar Cheese 235g",
    "WOW Price": 5.5,
    "WOW Size": "235g",
    "WOW ppu": "$23.40 / 1KG"
  },
  {
    "Brand_Product_Size": "Mersey Valley Ploughmans Cheddar Cheese 235g",
    "WOW Price": 5.5,
    "WOW Size": "235g",
    "WOW ppu": "$23.40 / 1KG"
  },
  {
    "Brand_Product_Size": "Maui Moisture Heal & Hydrate Shea Butter Hair Mask 340g",
    "WOW Price": 22,
    "WOW Size": "340g",
    "WOW ppu": "$6.47 / 100G"
  },
  {
    "Brand_Product_Size": "Terry's Chocolate Orange Minis With Popping Candy 140g",
    "WOW Price": 4,
    "WOW Size": "140g",
    "WOW ppu": "$2.86 / 100G"
  },
  {
    "Brand_Product_Size": "Dove Nourishing Secrets Restoring Ritual Shampoo 640mL",
    "WOW Price": 8.4,
    "WOW Size": "640mL",
    "WOW ppu": "$1.31 / 100ML"
  },
  {
    "Brand_Product_Size": "Macro Lentil Bites Carrot 6 pack",
    "WOW Price": 4.5,
    "WOW Size": "6 pack",
    "WOW ppu": "$4.17 / 100G"
  },
  {
    "Brand_Product_Size": "Macro Lentil Bites Carrot 6 pack",
    "WOW Price": 4.5,
    "WOW Size": "6 pack",
    "WOW ppu": "$4.17 / 100G"
  },
  {
    "Brand_Product_Size": "Essentials Toilet Cleaner Blocks 2 pack",
    "WOW Price": 1.8,
    "WOW Size": "2 pack",
    "WOW ppu": "$1.80 / 1EA"
  },
  {
    "Brand_Product_Size": "V Energy Blue Sugar Free 4 pack",
    "WOW Price": 6.6,
    "WOW Size": "4 pack",
    "WOW ppu": "$6.00 / 1L"
  },
  {
    "Brand_Product_Size": "Mcobeauty Pro Angled Blush Brush each",
    "WOW Price": 9.5,
    "WOW Size": "each",
    "WOW ppu": "$9.50 / 1EA"
  },
  {
    "Brand_Product_Size": "Woolworths Smoked Oysters In Oil 85g",
    "WOW Price": 1.5,
    "WOW Size": "85g",
    "WOW ppu": "$17.65 / 1KG"
  },
  {
    "Brand_Product_Size": "D'orsogna Deli Fresh Roast Chicken Free Range 100g",
    "WOW Price": 3.7,
    "WOW Size": "100g",
    "WOW ppu": "$37.00 / 1KG"
  },
  {
    "Brand_Product_Size": "D'orsogna Deli Fresh Roast Chicken Free Range 100g",
    "WOW Price": 3.7,
    "WOW Size": "100g",
    "WOW ppu": "$37.00 / 1KG"
  },
  {
    "Brand_Product_Size": "Lo Bros Kombucha Passionfruit 4 pack",
    "WOW Price": 8,
    "WOW Size": "4 pack",
    "WOW ppu": "$6.06 / 1L"
  },
  {
    "Brand_Product_Size": "Nakula Plant Based Probiotic Coconut Milk Yoghurt Strawberry 500g",
    "WOW Price": 6,
    "WOW Size": "500g",
    "WOW ppu": "$1.20 / 100G"
  },
  {
    "Brand_Product_Size": "Woolworths Free From Gluten Plain Flour 750g",
    "WOW Price": 3.6,
    "WOW Size": "750g",
    "WOW ppu": "$4.80 / 1KG"
  },
  {
    "Brand_Product_Size": "Obela Deli Style Pecorino Roast Capsicum & Cashews 200g",
    "WOW Price": 5,
    "WOW Size": "200g",
    "WOW ppu": "$2.50 / 100G"
  },
  {
    "Brand_Product_Size": "Obela Deli Style Pecorino Roast Capsicum & Cashews 200g",
    "WOW Price": 5,
    "WOW Size": "200g",
    "WOW ppu": "$2.50 / 100G"
  },
  {
    "Brand_Product_Size": "Oscar Orsen Extra Large Thick Elastics Blond 10 pack",
    "WOW Price": 5,
    "WOW Size": "10 pack",
    "WOW ppu": ""
  },
  {
    "Brand_Product_Size": "Uncle Tobys Cereal Plus Antioxidant 765g",
    "WOW Price": 7.5,
    "WOW Size": "765g",
    "WOW ppu": "$0.98 / 100G"
  },
  {
    "Brand_Product_Size": "Made With Plants Cheddar Slices Dairy Free 200g",
    "WOW Price": 4.2,
    "WOW Size": "200g",
    "WOW ppu": "$21.00 / 1KG"
  },
  {
    "Brand_Product_Size": "Dairy Farmers Thick & Creamy Strawberry 110g x4 pack",
    "WOW Price": 4,
    "WOW Size": "110g x4 pack",
    "WOW ppu": "$0.91 / 100G"
  },
  {
    "Brand_Product_Size": "Yates Zero Weedkiller Spray 750mL x2 pack",
    "WOW Price": 12.9,
    "WOW Size": "750mL x2 pack",
    "WOW ppu": "$0.86 / 100ML"
  },
  {
    "Brand_Product_Size": "Purina Totalcare Everyday Cat Collar Assorted each",
    "WOW Price": 10,
    "WOW Size": "each",
    "WOW ppu": "$10.00 / 1EA"
  },
  {
    "Brand_Product_Size": "S&b Curry Mix Golden Medium Hot 92g",
    "WOW Price": 4.5,
    "WOW Size": "92g",
    "WOW ppu": "$4.89 / 100G"
  },
  {
    "Brand_Product_Size": "Ocean Blue Mini Blinis 168g",
    "WOW Price": 4.5,
    "WOW Size": "168g",
    "WOW ppu": "$26.79 / 1KG"
  },
  {
    "Brand_Product_Size": "Seasol Seaweed Health Treatment For Pots & Plants Ready To Use 750mL",
    "WOW Price": 8.2,
    "WOW Size": "750mL",
    "WOW ppu": "$1.09 / 100ML"
  },
  {
    "Brand_Product_Size": "Vitafresh Sweet Navel Orange Drink 3 pack",
    "WOW Price": 2,
    "WOW Size": "3 pack",
    "WOW ppu": "$1.33 / 100G"
  },
  {
    "Brand_Product_Size": "Masterfoods Garlic Powder 155g",
    "WOW Price": 5.8,
    "WOW Size": "155g",
    "WOW ppu": "$0.37 / 10G"
  },
  {
    "Brand_Product_Size": "Streets Golden Gaytime Violet Crumble 4 pack",
    "WOW Price": 8.5,
    "WOW Size": "4 pack",
    "WOW ppu": "$2.13 / 100ML"
  },
  {
    "Brand_Product_Size": "Schwarzkopf Extra Care Hair Spray Ultra Styling Lacquer 250g",
    "WOW Price": 7,
    "WOW Size": "250g",
    "WOW ppu": "$2.80 / 100G"
  },
  {
    "Brand_Product_Size": "Mamee Noodle Snacks Bbq 8pk 200g",
    "WOW Price": 3.15,
    "WOW Size": "200g",
    "WOW ppu": "$1.58 / 100G"
  },
  {
    "Brand_Product_Size": "Mamee Noodle Snacks Bbq 8pk 200g",
    "WOW Price": 3.15,
    "WOW Size": "200g",
    "WOW ppu": "$1.58 / 100G"
  },
  {
    "Brand_Product_Size": "Sorbent Flushable Wipes Kids 40 pack",
    "WOW Price": 3.5,
    "WOW Size": "40 pack",
    "WOW ppu": "$0.09 / 1EA"
  },
  {
    "Brand_Product_Size": "Natural Black Peppercorn Ceramic Grinder 50g",
    "WOW Price": 4.5,
    "WOW Size": "50g",
    "WOW ppu": "$0.90 / 10G"
  },
  {
    "Brand_Product_Size": "Quitnits Head Lice Foam Solution 125mL",
    "WOW Price": 9,
    "WOW Size": "125mL",
    "WOW ppu": "$7.20 / 100ML"
  },
  {
    "Brand_Product_Size": "Band-aid Plastic Strips 100 pack",
    "WOW Price": 7,
    "WOW Size": "100 pack",
    "WOW ppu": "$0.07 / 1EA"
  },
  {
    "Brand_Product_Size": "Nexba Orange Sugar-free Sparkling Soda Cans 375mL x10 pack",
    "WOW Price": 10,
    "WOW Size": "375mL x10 pack",
    "WOW ppu": "$2.67 / 1L"
  },
  {
    "Brand_Product_Size": "Oakwood Grooming Shampoo Oatmeal & Aloe Vera 280mL",
    "WOW Price": 7,
    "WOW Size": "280mL",
    "WOW ppu": "$2.50 / 100ML"
  },
  {
    "Brand_Product_Size": "Twisties Cheese Snacks 90g",
    "WOW Price": 2,
    "WOW Size": "90g",
    "WOW ppu": "$2.22 / 100G"
  },
  {
    "Brand_Product_Size": "Maybelline Superstay Matte Ink Bricks Artist 5mL",
    "WOW Price": 11,
    "WOW Size": "5mL",
    "WOW ppu": "$22.00 / 10ML"
  },
  {
    "Brand_Product_Size": "Ixl Plum Jam 50% Less Sugar 220g",
    "WOW Price": 2,
    "WOW Size": "220g",
    "WOW ppu": "$0.91 / 100G"
  },
  {
    "Brand_Product_Size": "Inside Out Milkish Almond Uht Milk 1L",
    "WOW Price": 5,
    "WOW Size": "1L",
    "WOW ppu": "$5.00 / 1L"
  },
  {
    "Brand_Product_Size": "Inside Out Milkish Almond Uht Milk 1L",
    "WOW Price": 5,
    "WOW Size": "1L",
    "WOW ppu": "$5.00 / 1L"
  },
  {
    "Brand_Product_Size": "Woolworths Fruit Salad In Juice 410g",
    "WOW Price": 2,
    "WOW Size": "410g",
    "WOW ppu": "$4.88 / 1KG"
  },
  {
    "Brand_Product_Size": "Rana Ricotta & Spinach Tortellini Fresh Pasta 325g",
    "WOW Price": 5,
    "WOW Size": "325g",
    "WOW ppu": "$1.54 / 100G"
  },
  {
    "Brand_Product_Size": "Bic Gelocity Original Blue 2 pack",
    "WOW Price": 4.5,
    "WOW Size": "2 pack",
    "WOW ppu": ""
  },
  {
    "Brand_Product_Size": "Maesri Paste Green Curry 114g",
    "WOW Price": 1.65,
    "WOW Size": "114g",
    "WOW ppu": "$1.45 / 100G"
  },
  {
    "Brand_Product_Size": "Yates Thrive Houseplant Liquid Plant Food 500mL",
    "WOW Price": 10,
    "WOW Size": "500mL",
    "WOW ppu": "$2.00 / 100ML"
  },
  {
    "Brand_Product_Size": "Madura Premium Blend Tea Bags 100 pack 200g",
    "WOW Price": 8.4,
    "WOW Size": "100 pack 200g",
    "WOW ppu": "$0.08 / 1EA"
  },
  {
    "Brand_Product_Size": "Madura Premium Blend Tea Bags 100 pack 200g",
    "WOW Price": 8.4,
    "WOW Size": "100 pack 200g",
    "WOW ppu": "$0.08 / 1EA"
  },
  {
    "Brand_Product_Size": "Bickford's Pear Juice 250mL",
    "WOW Price": 2.6,
    "WOW Size": "250mL",
    "WOW ppu": "$10.40 / 1L"
  },
  {
    "Brand_Product_Size": "Woolworths Herring Fillets Curry & Pineapple 200g",
    "WOW Price": 2,
    "WOW Size": "200g",
    "WOW ppu": "$10.00 / 1KG"
  },
  {
    "Brand_Product_Size": "Whiskas 1+ Years So Fishy Ocean Platter In Jelly 85g x12 pack",
    "WOW Price": 7.35,
    "WOW Size": "85g x12 pack",
    "WOW ppu": ""
  },
  {
    "Brand_Product_Size": "Vaalia Kids Immunity Boost Strawberry Drink 100mL",
    "WOW Price": 1.7,
    "WOW Size": "100mL",
    "WOW ppu": "$1.70 / 100ML"
  },
  {
    "Brand_Product_Size": "Ocean Blue Smoked Salmon Sliced 50g",
    "WOW Price": 4.8,
    "WOW Size": "50g",
    "WOW ppu": "$96.00 / 1KG"
  },
  {
    "Brand_Product_Size": "Frisp Banana Crisps 15g",
    "WOW Price": 2.5,
    "WOW Size": "15g",
    "WOW ppu": "$166.67 / 1KG"
  },
  {
    "Brand_Product_Size": "Naturally Good Bars Carob Buckwheat 25g x2 pack",
    "WOW Price": 1.3,
    "WOW Size": "25g x2 pack",
    "WOW ppu": "$2.60 / 100G"
  },
  {
    "Brand_Product_Size": "Gillette Venus Comfortglide With Olay Sugarberry Blades 3 pack",
    "WOW Price": 20,
    "WOW Size": "3 pack",
    "WOW ppu": "$6.67 / 1EA"
  },
  {
    "Brand_Product_Size": "Tradie Ladies Bikini Size 12 3 pack",
    "WOW Price": 15,
    "WOW Size": "3 pack",
    "WOW ppu": ""
  },
  {
    "Brand_Product_Size": "Sunsilk Keratin Conditioner Defeat Damage 350mL",
    "WOW Price": 5.5,
    "WOW Size": "350mL",
    "WOW ppu": "$1.57 / 100ML"
  },
  {
    "Brand_Product_Size": "Pauls Farmhouse Gold Milk 1.5L",
    "WOW Price": 3.45,
    "WOW Size": "1.5L",
    "WOW ppu": "$2.30 / 1L"
  },
  {
    "Brand_Product_Size": "Galaxy Chocolate 42g",
    "WOW Price": 2.6,
    "WOW Size": "42g",
    "WOW ppu": "$6.19 / 100G"
  },
  {
    "Brand_Product_Size": "Ratsak Pre Baited Rat Trap each",
    "WOW Price": 8.5,
    "WOW Size": "each",
    "WOW ppu": "$8.50 / 1EA"
  },
  {
    "Brand_Product_Size": "Sabco Outdoor Window Washer Extendable Handle each",
    "WOW Price": 15,
    "WOW Size": "each",
    "WOW ppu": ""
  },
  {
    "Brand_Product_Size": "Bonds Womens Logo Socks Light No Show Sz 8 Plus 4 pack",
    "WOW Price": 14,
    "WOW Size": "4 pack",
    "WOW ppu": ""
  },
  {
    "Brand_Product_Size": "Mcobeauty Tattoo Brow Medium Brown 3.5mL",
    "WOW Price": 8,
    "WOW Size": "3.5mL",
    "WOW ppu": "$53.33 / 10ML"
  },
  {
    "Brand_Product_Size": "Golden Circle Cordial Pine Mango Pass 2L",
    "WOW Price": 3,
    "WOW Size": "2L",
    "WOW ppu": "$1.50 / 1L"
  },
  {
    "Brand_Product_Size": "Huggies Ultra Dry Nappies Toddler 10-15kg Girl 72 pack jumbo",
    "WOW Price": 30,
    "WOW Size": "72 pack jumbo",
    "WOW ppu": "$0.42 / 1EA"
  },
  {
    "Brand_Product_Size": "Don Salami White Hungarian 200g",
    "WOW Price": 7.5,
    "WOW Size": "200g",
    "WOW ppu": "$37.50 / 1KG"
  },
  {
    "Brand_Product_Size": "Play-doh Cloud Slime Single Can Assorted each",
    "WOW Price": 8,
    "WOW Size": "each",
    "WOW ppu": ""
  },
  {
    "Brand_Product_Size": "Allen's Snakes Alive Family Bag Lollies 450g",
    "WOW Price": 5,
    "WOW Size": "450g",
    "WOW ppu": "$1.11 / 100G"
  },
  {
    "Brand_Product_Size": "Abe's Bagel Bakery Sesame Seed Bagels 360g 4 pack",
    "WOW Price": 5,
    "WOW Size": "360g 4 pack",
    "WOW ppu": "$1.25 / 1EA"
  },
  {
    "Brand_Product_Size": "Primo Pulled Beef 120g",
    "WOW Price": 4.5,
    "WOW Size": "120g",
    "WOW ppu": "$37.50 / 1KG"
  },
  {
    "Brand_Product_Size": "Haagen-dazs Cookie Dough Chip Ice Cream Tub 457mL",
    "WOW Price": 11.5,
    "WOW Size": "457mL",
    "WOW ppu": "$2.52 / 100ML"
  },
  {
    "Brand_Product_Size": "Clairol Nice N Easy Permanent Hair 118b Medium Caramel Brown each",
    "WOW Price": 9,
    "WOW Size": "each",
    "WOW ppu": ""
  },
  {
    "Brand_Product_Size": "Mckenzie's Vegan Egg Replacer 70g",
    "WOW Price": 2.95,
    "WOW Size": "70g",
    "WOW ppu": "$4.21 / 100G"
  },
  {
    "Brand_Product_Size": "Tasti Fruit & Vege Wholefood Balls Banana & Spinach 60g",
    "WOW Price": 3.3,
    "WOW Size": "60g",
    "WOW ppu": "$5.50 / 100G"
  },
  {
    "Brand_Product_Size": "Dove Men Hair Shampoo Fresh Clean 2 In 1 300mL",
    "WOW Price": 3.25,
    "WOW Size": "300mL",
    "WOW ppu": "$1.08 / 100ML"
  },
  {
    "Brand_Product_Size": "Head & Shoulders Smooth & Silky Shampoo 200mL",
    "WOW Price": 7,
    "WOW Size": "200mL",
    "WOW ppu": "$3.50 / 100ML"
  },
  {
    "Brand_Product_Size": "Saxbys Diet Ginger Beer 750mL",
    "WOW Price": 1.9,
    "WOW Size": "750mL",
    "WOW ppu": "$2.53 / 1L"
  },
  {
    "Brand_Product_Size": "Mack's Ear Plugs Ultra Foam 5 pack",
    "WOW Price": 6.5,
    "WOW Size": "5 pack",
    "WOW ppu": "$1.30 / 1EA"
  },
  {
    "Brand_Product_Size": "Oral-b Clic Starter Kit each",
    "WOW Price": 30,
    "WOW Size": "each",
    "WOW ppu": "$30.00 / 1EA"
  },
  {
    "Brand_Product_Size": "Clairol Nice'n Easy Natural Golden Auburn each",
    "WOW Price": 9,
    "WOW Size": "each",
    "WOW ppu": ""
  },
  {
    "Brand_Product_Size": "Bean Ground & Drunk Ground Coffee Organic Fairtrade Decaff 250g",
    "WOW Price": 8.8,
    "WOW Size": "250g",
    "WOW ppu": "$3.52 / 100G"
  },
  {
    "Brand_Product_Size": "Bean Ground & Drunk Ground Coffee Organic Fairtrade Decaff 250g",
    "WOW Price": 8.8,
    "WOW Size": "250g",
    "WOW ppu": "$3.52 / 100G"
  },
  {
    "Brand_Product_Size": "Aveeno Active Naturals Dermexa Daily Emollient Wash 280mL",
    "WOW Price": 17,
    "WOW Size": "280mL",
    "WOW ppu": "$6.07 / 100ML"
  },
  {
    "Brand_Product_Size": "Smitten Cat Food Tuna Mince 400g",
    "WOW Price": 0.85,
    "WOW Size": "400g",
    "WOW ppu": "$0.21 / 100G"
  },
  {
    "Brand_Product_Size": "Sun Zapper Zinc Spf50 Mixed Pack 12g x3 pack",
    "WOW Price": 16.99,
    "WOW Size": "12g x3 pack",
    "WOW ppu": "$2.83 / 100ML"
  },
  {
    "Brand_Product_Size": "Kellogg's Sultana Bran Fibre Cereal With Oat Clusters 500g",
    "WOW Price": 4.35,
    "WOW Size": "500g",
    "WOW ppu": "$0.87 / 100G"
  },
  {
    "Brand_Product_Size": "Valcom Ingredients Kaffir Lime Leaves 100g",
    "WOW Price": 2.85,
    "WOW Size": "100g",
    "WOW ppu": "$2.85 / 100G"
  },
  {
    "Brand_Product_Size": "Nivea Moisturising Day Face Cream Fluid Spf15 50mL",
    "WOW Price": 7.6,
    "WOW Size": "50mL",
    "WOW ppu": "$15.20 / 100ML"
  },
  {
    "Brand_Product_Size": "Kleenex Facial Tissue Eucalyptus 140 pack",
    "WOW Price": 3,
    "WOW Size": "140 pack",
    "WOW ppu": "$2.14 / 100SS"
  },
  {
    "Brand_Product_Size": "Kleenex Facial Tissue Eucalyptus 140 pack",
    "WOW Price": 3,
    "WOW Size": "140 pack",
    "WOW ppu": "$2.14 / 100SS"
  },
  {
    "Brand_Product_Size": "Oscar Orsen Bambino Kids Large Thin Elastics 30 pack",
    "WOW Price": 5.6,
    "WOW Size": "30 pack",
    "WOW ppu": ""
  },
  {
    "Brand_Product_Size": "Mortein Naturgard Auto Indoor Insect Control System Odourless 154g",
    "WOW Price": 32,
    "WOW Size": "154g",
    "WOW ppu": "$20.78 / 100G"
  },
  {
    "Brand_Product_Size": "Energizer Universal Car Holder Suction Mount each",
    "WOW Price": 25,
    "WOW Size": "each",
    "WOW ppu": ""
  },
  {
    "Brand_Product_Size": "Praise Seafood Sauce 250mL",
    "WOW Price": 3,
    "WOW Size": "250mL",
    "WOW ppu": "$1.20 / 100ML"
  },
  {
    "Brand_Product_Size": "Quest Bar Birthday Cake 60g",
    "WOW Price": 4,
    "WOW Size": "60g",
    "WOW ppu": "$6.67 / 100G"
  },
  {
    "Brand_Product_Size": "Rescue Remedy Natural Stress Relief Sugar & Alcohol Free Pastilles 50g",
    "WOW Price": 13,
    "WOW Size": "50g",
    "WOW ppu": "$26.00 / 100G"
  },
  {
    "Brand_Product_Size": "Super Nature Super Lunch Frozen Meal Pad Thai Chicken 350g",
    "WOW Price": 6.3,
    "WOW Size": "350g",
    "WOW ppu": "$1.80 / 100G"
  },
  {
    "Brand_Product_Size": "Mckenzie's Bi Carb Soda 500g",
    "WOW Price": 2,
    "WOW Size": "500g",
    "WOW ppu": "$0.40 / 100G"
  },
  {
    "Brand_Product_Size": "Childs Farm 3 In 1 Swim Strawberry & Organic Mint 250mL",
    "WOW Price": 10,
    "WOW Size": "250mL",
    "WOW ppu": "$4.00 / 100ML"
  },
  {
    "Brand_Product_Size": "Maybelline Mineral Power Powder Foundation - Nude 8g",
    "WOW Price": 12.5,
    "WOW Size": "8g",
    "WOW ppu": "$15.63 / 10G"
  },
  {
    "Brand_Product_Size": "Woolworths Mini Banana Muffin 8 pack",
    "WOW Price": 3.5,
    "WOW Size": "8 pack",
    "WOW ppu": "$1.09 / 100G"
  },
  {
    "Brand_Product_Size": "Woolworths Mini Banana Muffin 8 pack",
    "WOW Price": 3.5,
    "WOW Size": "8 pack",
    "WOW ppu": "$1.09 / 100G"
  },
  {
    "Brand_Product_Size": "Omo Ultimate Laundry Detergent Powder Front & Top Loader 5kg",
    "WOW Price": 30,
    "WOW Size": "5kg",
    "WOW ppu": "$6.00 / 1KG"
  },
  {
    "Brand_Product_Size": "Tommee Tippee Silicone Soother 6-18m 2 pack",
    "WOW Price": 8.4,
    "WOW Size": "2 pack",
    "WOW ppu": "$8.40 / 1EA"
  },
  {
    "Brand_Product_Size": "Streets Golden Gaytime Birthday Cake Sticks 4 pack",
    "WOW Price": 8.5,
    "WOW Size": "4 pack",
    "WOW ppu": "$2.13 / 100ML"
  },
  {
    "Brand_Product_Size": "Lotus Peak White Tea Bags 25 pack 50g",
    "WOW Price": 3,
    "WOW Size": "25 pack 50g",
    "WOW ppu": "$0.12 / 1EA"
  },
  {
    "Brand_Product_Size": "Lotus Peak White Tea Bags 25 pack 50g",
    "WOW Price": 3,
    "WOW Size": "25 pack 50g",
    "WOW ppu": "$0.12 / 1EA"
  },
  {
    "Brand_Product_Size": "Ardmona Crushed Tomatoes Vine Ripened 810g",
    "WOW Price": 2.7,
    "WOW Size": "810g",
    "WOW ppu": "$3.33 / 1KG"
  },
  {
    "Brand_Product_Size": "Bekaa Goats Yoghurt 1L",
    "WOW Price": 5.5,
    "WOW Size": "1L",
    "WOW ppu": "$5.50 / 1L"
  },
  {
    "Brand_Product_Size": "Ayam Gado Gado Peanut Sauce Gado Gado Peanut 250mL",
    "WOW Price": 3.5,
    "WOW Size": "250mL",
    "WOW ppu": "$1.40 / 100ML"
  },
  {
    "Brand_Product_Size": "Nature's Way Super Foods Collagen Turmeric 60 pack",
    "WOW Price": 20,
    "WOW Size": "60 pack",
    "WOW ppu": "$33.33 / 100EA"
  },
  {
    "Brand_Product_Size": "Bic Kids Colouring Pencils 12 pack",
    "WOW Price": 3.2,
    "WOW Size": "12 pack",
    "WOW ppu": ""
  },
  {
    "Brand_Product_Size": "White Wings Stuffing Mix Hamburger Helper 110g",
    "WOW Price": 3.1,
    "WOW Size": "110g",
    "WOW ppu": "$0.28 / 10G"
  },
  {
    "Brand_Product_Size": "Rimmel Micro Definition Brow Pencil Dark Brown 0.4g",
    "WOW Price": 8.5,
    "WOW Size": "0.4g",
    "WOW ppu": "$212.50 / 10G"
  },
  {
    "Brand_Product_Size": "Quilton 2ply Tissue Hypo-allergenic 250 pack",
    "WOW Price": 2.5,
    "WOW Size": "250 pack",
    "WOW ppu": "$1.00 / 100SS"
  },
  {
    "Brand_Product_Size": "Quilton 2ply Tissue Hypo-allergenic 250 pack",
    "WOW Price": 2.5,
    "WOW Size": "250 pack",
    "WOW ppu": "$1.00 / 100SS"
  },
  {
    "Brand_Product_Size": "Chris' Dips Hommus 60g x3 pack",
    "WOW Price": 3,
    "WOW Size": "60g x3 pack",
    "WOW ppu": "$1.67 / 100G"
  },
  {
    "Brand_Product_Size": "Chris' Dips Hommus 60g x3 pack",
    "WOW Price": 3,
    "WOW Size": "60g x3 pack",
    "WOW ppu": "$1.67 / 100G"
  },
  {
    "Brand_Product_Size": "Allen's Yoghurty Smoothie Bites 120g",
    "WOW Price": 3,
    "WOW Size": "120g",
    "WOW ppu": "$2.50 / 100G"
  },
  {
    "Brand_Product_Size": "Chux Non Scratch Scourer Scrubs 4 pack",
    "WOW Price": 2.8,
    "WOW Size": "4 pack",
    "WOW ppu": "$0.70 / 1EA"
  },
  {
    "Brand_Product_Size": "Bonds Comfy Tops Opaque Tights Black Sml-med each",
    "WOW Price": 12,
    "WOW Size": "each",
    "WOW ppu": ""
  },
  {
    "Brand_Product_Size": "Biozet Attack Plus Stain Power 2L",
    "WOW Price": 11,
    "WOW Size": "2L",
    "WOW ppu": "$5.50 / 1L"
  },
  {
    "Brand_Product_Size": "Vital Strength Ripped Protein Powder Chocolate 600g",
    "WOW Price": 29.75,
    "WOW Size": "600g",
    "WOW ppu": "$4.96 / 100G"
  },
  {
    "Brand_Product_Size": "Tooshies By Tom Nappies With Organic Bamboo 10-15kg Toddler Size 4 36 pack",
    "WOW Price": 20,
    "WOW Size": "36 pack",
    "WOW ppu": "$0.56 / 1EA"
  },
  {
    "Brand_Product_Size": "Continental Flavoured Rice Chicken 120g",
    "WOW Price": 1.6,
    "WOW Size": "120g",
    "WOW ppu": "$1.33 / 100G"
  },
  {
    "Brand_Product_Size": "Ice Break Flavoured Milk Original 2L",
    "WOW Price": 5,
    "WOW Size": "2L",
    "WOW ppu": "$2.50 / 1L"
  },
  {
    "Brand_Product_Size": "Green's Cupcake Vanilla Mix 490g",
    "WOW Price": 4,
    "WOW Size": "490g",
    "WOW ppu": "$0.82 / 100G"
  },
  {
    "Brand_Product_Size": "Inspire Blue Colour Mug each",
    "WOW Price": 2,
    "WOW Size": "each",
    "WOW ppu": ""
  },
  {
    "Brand_Product_Size": "Shine Dishwasher Powder Concentrate 1kg",
    "WOW Price": 4,
    "WOW Size": "1kg",
    "WOW ppu": "$0.40 / 100G"
  },
  {
    "Brand_Product_Size": "Ingham's Free Range Chicken Tenderloins Sweet Chilli 350g",
    "WOW Price": 6,
    "WOW Size": "350g",
    "WOW ppu": "$17.14 / 1KG"
  },
  {
    "Brand_Product_Size": "L'oreal Elvive Total Repair Shampoo 300mL",
    "WOW Price": 5.25,
    "WOW Size": "300mL",
    "WOW ppu": "$1.75 / 100ML"
  },
  {
    "Brand_Product_Size": "Red Capsicum each",
    "WOW Price": 2.67,
    "WOW Size": "each",
    "WOW ppu": "$2.67 / 1EA"
  },
  {
    "Brand_Product_Size": "Sorbent Flushable Wipes Clean & Fresh Refill 40 pack",
    "WOW Price": 3.5,
    "WOW Size": "40 pack",
    "WOW ppu": "$0.09 / 1EA"
  },
  {
    "Brand_Product_Size": "Lucky Dog Adult Chicken, Vegetable & Pasta Dry Dog Food 3kg",
    "WOW Price": 6.99,
    "WOW Size": "3kg",
    "WOW ppu": "$0.23 / 100G"
  },
  {
    "Brand_Product_Size": "Oral-b Kids Paste Frozen 92g",
    "WOW Price": 3.5,
    "WOW Size": "92g",
    "WOW ppu": "$3.80 / 100G"
  },
  {
    "Brand_Product_Size": "Norsca Deodorant Roll On Forest Fresh 50mL",
    "WOW Price": 4,
    "WOW Size": "50mL",
    "WOW ppu": "$8.00 / 100ML"
  },
  {
    "Brand_Product_Size": "Rimmel Stay Matte Liquid Lipstick Fire Starter 5.5mL",
    "WOW Price": 7.5,
    "WOW Size": "5.5mL",
    "WOW ppu": "$13.64 / 10ML"
  },
  {
    "Brand_Product_Size": "Plantitude Coconut & Mango Frozen Dessert 1L",
    "WOW Price": 8,
    "WOW Size": "1L",
    "WOW ppu": "$0.80 / 100ML"
  },
  {
    "Brand_Product_Size": "Sanitarium Up&go Liquid Breakfast Strawberry 6 pack",
    "WOW Price": 9.7,
    "WOW Size": "6 pack",
    "WOW ppu": "$6.47 / 1L"
  },
  {
    "Brand_Product_Size": "Sanitarium Up&go Liquid Breakfast Strawberry 6 pack",
    "WOW Price": 9.7,
    "WOW Size": "6 pack",
    "WOW ppu": "$6.47 / 1L"
  },
  {
    "Brand_Product_Size": "Finish Dishwasher Rinse Aid 0% 400mL",
    "WOW Price": 8,
    "WOW Size": "400mL",
    "WOW ppu": "$2.00 / 100ML"
  },
  {
    "Brand_Product_Size": "Woolworths Oregano Fresh Herb 10g punnet",
    "WOW Price": 3,
    "WOW Size": "10g punnet",
    "WOW ppu": "$3.00 / 10G"
  },
  {
    "Brand_Product_Size": "Woolworths Oregano Fresh Herb 10g punnet",
    "WOW Price": 3,
    "WOW Size": "10g punnet",
    "WOW ppu": "$3.00 / 10G"
  },
  {
    "Brand_Product_Size": "Essentials Cornflour 500g",
    "WOW Price": 1.9,
    "WOW Size": "500g",
    "WOW ppu": "$3.80 / 1KG"
  },
  {
    "Brand_Product_Size": "Capilano Original Squeezable Honey 375g",
    "WOW Price": 7.2,
    "WOW Size": "375g",
    "WOW ppu": "$1.92 / 100G"
  },
  {
    "Brand_Product_Size": "Uhu Glu Stick Stic 21gm 21g each",
    "WOW Price": 2.5,
    "WOW Size": "21g each",
    "WOW ppu": ""
  },
  {
    "Brand_Product_Size": "Bonds Baby Stretchy Legging Girl Size 000 To 2 each",
    "WOW Price": 7.2,
    "WOW Size": "each",
    "WOW ppu": "$7.20 / 1EA"
  },
  {
    "Brand_Product_Size": "Yogo Chocolate With Choc Chip Dessert 150g",
    "WOW Price": 2.5,
    "WOW Size": "150g",
    "WOW ppu": "$1.67 / 100G"
  },
  {
    "Brand_Product_Size": "Eskal Gluten Free Crackers 200g",
    "WOW Price": 4.8,
    "WOW Size": "200g",
    "WOW ppu": "$2.40 / 100G"
  },
  {
    "Brand_Product_Size": "Eskal Gluten Free Crackers 200g",
    "WOW Price": 4.8,
    "WOW Size": "200g",
    "WOW ppu": "$2.40 / 100G"
  },
  {
    "Brand_Product_Size": "Carman's Almond, Coconut & Chia Gourmet Porridge Sachets 320g",
    "WOW Price": 6,
    "WOW Size": "320g",
    "WOW ppu": "$1.88 / 100G"
  },
  {
    "Brand_Product_Size": "Oscar Orsen Large Thin Hair Elastics Brown 30 pack",
    "WOW Price": 5.6,
    "WOW Size": "30 pack",
    "WOW ppu": ""
  },
  {
    "Brand_Product_Size": "Woolworths Frozen Meal Butter Chicken & Rice 375g",
    "WOW Price": 3,
    "WOW Size": "375g",
    "WOW ppu": "$0.80 / 100G"
  },
  {
    "Brand_Product_Size": "Limca Drink Can 300mL",
    "WOW Price": 1.7,
    "WOW Size": "300mL",
    "WOW ppu": "$5.67 / 1L"
  },
  {
    "Brand_Product_Size": "Hoyt's Paprika Sweet 100g",
    "WOW Price": 2.4,
    "WOW Size": "100g",
    "WOW ppu": "$0.24 / 10G"
  },
  {
    "Brand_Product_Size": "The Happy Snack Company Roasted Fav-va Beans Red Pepper & Chilli 6x25g",
    "WOW Price": 5.3,
    "WOW Size": "6x25g",
    "WOW ppu": "$3.53 / 100G"
  },
  {
    "Brand_Product_Size": "The Happy Snack Company Roasted Fav-va Beans Red Pepper & Chilli 6x25g",
    "WOW Price": 5.3,
    "WOW Size": "6x25g",
    "WOW ppu": "$3.53 / 100G"
  },
  {
    "Brand_Product_Size": "Sistema Laundry Stack & Nest Basket 1.2L",
    "WOW Price": 5,
    "WOW Size": "1.2L",
    "WOW ppu": ""
  },
  {
    "Brand_Product_Size": "Riverland Triple Smoked Ham Shaved 100g",
    "WOW Price": 2,
    "WOW Size": "100g",
    "WOW ppu": "$20.00 / 1KG"
  },
  {
    "Brand_Product_Size": "Mccain Healthy Choice Chinese Chicken Cashew 280g",
    "WOW Price": 4,
    "WOW Size": "280g",
    "WOW ppu": "$1.43 / 100G"
  },
  {
    "Brand_Product_Size": "Essentials Domestic Wipes Roll 50 pack",
    "WOW Price": 4.5,
    "WOW Size": "50 pack",
    "WOW ppu": "$0.09 / 1EA"
  },
  {
    "Brand_Product_Size": "Macro Almond Kernels 500g",
    "WOW Price": 13,
    "WOW Size": "500g",
    "WOW ppu": "$26.00 / 1KG"
  },
  {
    "Brand_Product_Size": "Nivea Men Active Clean Shower Gel & Body Wash + Active Charcoal 500mL",
    "WOW Price": 6,
    "WOW Size": "500mL",
    "WOW ppu": "$1.20 / 100ML"
  },
  {
    "Brand_Product_Size": "Oc Naturals Kids Detangling Spray 250mL",
    "WOW Price": 3.9,
    "WOW Size": "250mL",
    "WOW ppu": "$1.56 / 100ML"
  },
  {
    "Brand_Product_Size": "Barilla Risoni Pasta No. 26 500g",
    "WOW Price": 2.4,
    "WOW Size": "500g",
    "WOW ppu": "$0.48 / 100G"
  },
  {
    "Brand_Product_Size": "Face Halo Original Make Up Pad each",
    "WOW Price": 13,
    "WOW Size": "each",
    "WOW ppu": "$13.00 / 1EA"
  },
  {
    "Brand_Product_Size": "Vittoria Ground Coffee Rainforest Organic 200g",
    "WOW Price": 5.4,
    "WOW Size": "200g",
    "WOW ppu": "$2.70 / 100G"
  },
  {
    "Brand_Product_Size": "Vittoria Ground Coffee Rainforest Organic 200g",
    "WOW Price": 5.4,
    "WOW Size": "200g",
    "WOW ppu": "$2.70 / 100G"
  },
  {
    "Brand_Product_Size": "Optimum Grain Free With Chicken & Vegetables Dry Dog Food 6.5kg",
    "WOW Price": 24.5,
    "WOW Size": "6.5kg",
    "WOW ppu": "$0.38 / 100G"
  },
  {
    "Brand_Product_Size": "Nestle Tex Bar 40g",
    "WOW Price": 2,
    "WOW Size": "40g",
    "WOW ppu": "$5.00 / 100G"
  },
  {
    "Brand_Product_Size": "Best Foods Real Mayonnaise 405g",
    "WOW Price": 6,
    "WOW Size": "405g",
    "WOW ppu": "$1.48 / 100G"
  },
  {
    "Brand_Product_Size": "3m Command Decorating Clips Clear 20 pack",
    "WOW Price": 7,
    "WOW Size": "20 pack",
    "WOW ppu": "$0.35 / 1EA"
  },
  {
    "Brand_Product_Size": "Massel Stock Powder Vegetable 168g",
    "WOW Price": 3.45,
    "WOW Size": "168g",
    "WOW ppu": "$0.21 / 10G"
  },
  {
    "Brand_Product_Size": "Head & Shoulders Oil Control Shampoo 400mL",
    "WOW Price": 9.1,
    "WOW Size": "400mL",
    "WOW ppu": "$2.28 / 100ML"
  },
  {
    "Brand_Product_Size": "Radox Bath Salt Muscle Soothe 500g",
    "WOW Price": 6.5,
    "WOW Size": "500g",
    "WOW ppu": "$1.30 / 100G"
  },
  {
    "Brand_Product_Size": "Ingham's Tempura Chicken Breast Nuggets 600g",
    "WOW Price": 7,
    "WOW Size": "600g",
    "WOW ppu": "$11.67 / 1KG"
  },
  {
    "Brand_Product_Size": "Pico Chocolate Hazelnut Milk 80g",
    "WOW Price": 6,
    "WOW Size": "80g",
    "WOW ppu": "$7.50 / 100G"
  },
  {
    "Brand_Product_Size": "Woolworths Peanut Butter & Salted Chocolate Ice Cream 1L",
    "WOW Price": 5,
    "WOW Size": "1L",
    "WOW ppu": "$0.50 / 100ML"
  },
  {
    "Brand_Product_Size": "Woolworths Banana Chips 300g",
    "WOW Price": 3,
    "WOW Size": "300g",
    "WOW ppu": "$10.00 / 1KG"
  },
  {
    "Brand_Product_Size": "Olsent Cfl Spiral Es 20w 1400lm Ww 20w 2 pack",
    "WOW Price": 10,
    "WOW Size": "2 pack",
    "WOW ppu": "$5.00 / 1EA"
  },
  {
    "Brand_Product_Size": "Easiyo Yogurt Base Maker Maker each",
    "WOW Price": 12.5,
    "WOW Size": "each",
    "WOW ppu": ""
  },
  {
    "Brand_Product_Size": "Canon Printer Ink Pg510 Black Fine each",
    "WOW Price": 30.4,
    "WOW Size": "each",
    "WOW ppu": ""
  },
  {
    "Brand_Product_Size": "Nicorette Quit Smoking Regular Strength Fresh Fruit Gum 2mg 75 pack",
    "WOW Price": 29,
    "WOW Size": "75 pack",
    "WOW ppu": "$0.39 / 1EA"
  },
  {
    "Brand_Product_Size": "Aussie Bodies Protein Fx Lo Carb Bar Crunch Choc Blueberry 40g",
    "WOW Price": 2.2,
    "WOW Size": "40g",
    "WOW ppu": "$5.50 / 100G"
  },
  {
    "Brand_Product_Size": "Paris Creek Farms Triple Cream Brie 280g",
    "WOW Price": 10.8,
    "WOW Size": "280g",
    "WOW ppu": "$38.57 / 1KG"
  },
  {
    "Brand_Product_Size": "Paris Creek Farms Triple Cream Brie 280g",
    "WOW Price": 10.8,
    "WOW Size": "280g",
    "WOW ppu": "$38.57 / 1KG"
  },
  {
    "Brand_Product_Size": "Byron Bay Cookies Dotty Cookie Bites 100g",
    "WOW Price": 2.5,
    "WOW Size": "100g",
    "WOW ppu": "$2.50 / 100G"
  },
  {
    "Brand_Product_Size": "Pandaroo Coconut Cream 400mL",
    "WOW Price": 1.85,
    "WOW Size": "400mL",
    "WOW ppu": "$0.46 / 100ML"
  },
  {
    "Brand_Product_Size": "Calbee Harvest Snaps Wasabi 93g",
    "WOW Price": 3,
    "WOW Size": "93g",
    "WOW ppu": "$32.26 / 1KG"
  },
  {
    "Brand_Product_Size": "Woolworths Broccoli Florets 500g",
    "WOW Price": 2.5,
    "WOW Size": "500g",
    "WOW ppu": "$5.00 / 1KG"
  },
  {
    "Brand_Product_Size": "Renovatio An Apple A Day Activated Phenolics Antioxidants 30 tabLets",
    "WOW Price": 29,
    "WOW Size": "30 tabLets",
    "WOW ppu": "$96.67 / 100EA"
  },
  {
    "Brand_Product_Size": "Shine Scented Wipes Mint 20 pack",
    "WOW Price": 3,
    "WOW Size": "20 pack",
    "WOW ppu": "$0.15 / 1EA"
  },
  {
    "Brand_Product_Size": "Canon Colour Printer Ink Pixma 641xl each",
    "WOW Price": 44,
    "WOW Size": "each",
    "WOW ppu": ""
  },
  {
    "Brand_Product_Size": "Stevia Sweet Granulated Sachets 1g x50 pack",
    "WOW Price": 4,
    "WOW Size": "1g x50 pack",
    "WOW ppu": "$8.00 / 100EA"
  },
  {
    "Brand_Product_Size": "Catsan Cat Litter Ultra 7kg",
    "WOW Price": 13.7,
    "WOW Size": "7kg",
    "WOW ppu": "$1.96 / 1KG"
  },
  {
    "Brand_Product_Size": "Danone Yopro Strawberry Yoghurt 700g",
    "WOW Price": 6,
    "WOW Size": "700g",
    "WOW ppu": "$0.86 / 100G"
  },
  {
    "Brand_Product_Size": "Nivea Men Deep Anti-blackhead Face Wash Scrub With Black Carbon 75mL",
    "WOW Price": 5.4,
    "WOW Size": "75mL",
    "WOW ppu": "$7.20 / 100ML"
  },
  {
    "Brand_Product_Size": "Moondarra Cream Cheese Honey & Pistachio 120g",
    "WOW Price": 2.5,
    "WOW Size": "120g",
    "WOW ppu": "$20.83 / 1KG"
  },
  {
    "Brand_Product_Size": "Moondarra Cream Cheese Honey & Pistachio 120g",
    "WOW Price": 2.5,
    "WOW Size": "120g",
    "WOW ppu": "$20.83 / 1KG"
  },
  {
    "Brand_Product_Size": "Dove Beauty Bar Soap Original 4x100g",
    "WOW Price": 4.4,
    "WOW Size": "4x100g",
    "WOW ppu": "$1.10 / 100G"
  },
  {
    "Brand_Product_Size": "Reva Super Hold Pegs 18 pack",
    "WOW Price": 4.5,
    "WOW Size": "18 pack",
    "WOW ppu": "$0.25 / 1EA"
  },
  {
    "Brand_Product_Size": "Ingham's Turkey Breast Steaks 400g",
    "WOW Price": 8.5,
    "WOW Size": "400g",
    "WOW ppu": "$21.25 / 1KG"
  },
  {
    "Brand_Product_Size": "Boneless Lamb Shoulder Rolled 1kg - 1.65kg",
    "WOW Price": 30.53,
    "WOW Size": "1kg - 1.65kg",
    "WOW ppu": "$18.50 / 1KG"
  },
  {
    "Brand_Product_Size": "Rana Pumpkin & Onion Ravioli Fresh Pasta 325g",
    "WOW Price": 5,
    "WOW Size": "325g",
    "WOW ppu": "$1.54 / 100G"
  },
  {
    "Brand_Product_Size": "Spc Baked Beans Tomato Sauce 425g",
    "WOW Price": 1.4,
    "WOW Size": "425g",
    "WOW ppu": "$0.33 / 100G"
  },
  {
    "Brand_Product_Size": "Oscar Orsen Large Flat Hair Elastics Black 10 pack",
    "WOW Price": 4.5,
    "WOW Size": "10 pack",
    "WOW ppu": ""
  },
  {
    "Brand_Product_Size": "Soften Fabric Softener Sunny Glow 2L",
    "WOW Price": 2.99,
    "WOW Size": "2L",
    "WOW ppu": "$1.50 / 1L"
  },
  {
    "Brand_Product_Size": "Woolworths Traditional Carrot Cake 450g",
    "WOW Price": 6.5,
    "WOW Size": "450g",
    "WOW ppu": "$1.44 / 100G"
  },
  {
    "Brand_Product_Size": "Smith's Crinkle Cut Chips Salt & Vinegar 60g",
    "WOW Price": 2.1,
    "WOW Size": "60g",
    "WOW ppu": "$3.50 / 100G"
  },
  {
    "Brand_Product_Size": "Lolly Go Round Round Party Mix 1kg",
    "WOW Price": 5,
    "WOW Size": "1kg",
    "WOW ppu": "$0.50 / 100G"
  },
  {
    "Brand_Product_Size": "Abbott's Village Bakery Gluten Free Rustic White 500g",
    "WOW Price": 7,
    "WOW Size": "500g",
    "WOW ppu": "$1.40 / 100G"
  },
  {
    "Brand_Product_Size": "Farm Pride Frozen Egg Whites 960mL",
    "WOW Price": 10,
    "WOW Size": "960mL",
    "WOW ppu": "$1.05 / 100ML"
  },
  {
    "Brand_Product_Size": "Don Salami Pepperoni 200g",
    "WOW Price": 7.5,
    "WOW Size": "200g",
    "WOW ppu": "$37.50 / 1KG"
  },
  {
    "Brand_Product_Size": "Woolworths Lamb Midloin Chops 6-8 Pieces 350g - 900g",
    "WOW Price": 24.3,
    "WOW Size": "350g - 900g",
    "WOW ppu": "$27.00 / 1KG"
  },
  {
    "Brand_Product_Size": "Nvita Pregnancy Hcg Test Kit 3 pack",
    "WOW Price": 10,
    "WOW Size": "3 pack",
    "WOW ppu": "$10.00 / 1EA"
  },
  {
    "Brand_Product_Size": "Essentials Crumbed Chicken Nuggets 500g",
    "WOW Price": 2.9,
    "WOW Size": "500g",
    "WOW ppu": "$5.80 / 1KG"
  },
  {
    "Brand_Product_Size": "Ben & Jerry's Triple Caramel Chunk Ice Cream 458mL",
    "WOW Price": 12,
    "WOW Size": "458mL",
    "WOW ppu": "$2.62 / 100ML"
  },
  {
    "Brand_Product_Size": "Kiddylicious Strawberry Fruity Puffs 10g",
    "WOW Price": 1.8,
    "WOW Size": "10g",
    "WOW ppu": "$18.00 / 100G"
  },
  {
    "Brand_Product_Size": "Toscano Chocolate Chip Brioche Rolls 280g",
    "WOW Price": 5,
    "WOW Size": "280g",
    "WOW ppu": "$1.79 / 100G"
  },
  {
    "Brand_Product_Size": "Lavazza Qualita Oro Coffee Beans 500g",
    "WOW Price": 16,
    "WOW Size": "500g",
    "WOW ppu": "$3.20 / 100G"
  },
  {
    "Brand_Product_Size": "Lavazza Qualita Oro Coffee Beans 500g",
    "WOW Price": 16,
    "WOW Size": "500g",
    "WOW ppu": "$3.20 / 100G"
  },
  {
    "Brand_Product_Size": "Schmackos Strapz Bbq Lamb Flavour Dog Treat 200g",
    "WOW Price": 3,
    "WOW Size": "200g",
    "WOW ppu": "$1.50 / 100G"
  },
  {
    "Brand_Product_Size": "Tilda Microwave Coconut Basmati Rice 250g",
    "WOW Price": 3,
    "WOW Size": "250g",
    "WOW ppu": "$1.20 / 100G"
  },
  {
    "Brand_Product_Size": "Little Trees Fiber Can Air Freshener Cherry Blast 30g",
    "WOW Price": 6,
    "WOW Size": "30g",
    "WOW ppu": ""
  },
  {
    "Brand_Product_Size": "Optislim Life Optibiome Espresso Shake 10 pack",
    "WOW Price": 36,
    "WOW Size": "10 pack",
    "WOW ppu": "$6.00 / 100G"
  },
  {
    "Brand_Product_Size": "Mennen Lady Speed Stick Fresh Infusions Orchard Blossom 45g",
    "WOW Price": 4.5,
    "WOW Size": "45g",
    "WOW ppu": "$10.00 / 100G"
  },
  {
    "Brand_Product_Size": "Olay Regenerist Micro-sculpting Night Face Cream Moisturiser 50g",
    "WOW Price": 34.3,
    "WOW Size": "50g",
    "WOW ppu": "$68.60 / 100G"
  },
  {
    "Brand_Product_Size": "Mint Nylon Soup Ladle each",
    "WOW Price": 4,
    "WOW Size": "each",
    "WOW ppu": ""
  },
  {
    "Brand_Product_Size": "Golden Days Fruit Snacks Bites Apricot Delight 150g",
    "WOW Price": 2.5,
    "WOW Size": "150g",
    "WOW ppu": "$1.67 / 100G"
  },
  {
    "Brand_Product_Size": "Golden Days Fruit Snacks Bites Apricot Delight 150g",
    "WOW Price": 2.5,
    "WOW Size": "150g",
    "WOW ppu": "$1.67 / 100G"
  },
  {
    "Brand_Product_Size": "Rokeby Farms Probiotic Filmjolk Yoghurt Blueberry 750g",
    "WOW Price": 3.5,
    "WOW Size": "750g",
    "WOW ppu": "$0.47 / 100G"
  },
  {
    "Brand_Product_Size": "Du'it Tough Hands Intensive Repair Cream 150g",
    "WOW Price": 8.39,
    "WOW Size": "150g",
    "WOW ppu": "$5.59 / 100G"
  },
  {
    "Brand_Product_Size": "Felix Adult SensationsSauces Meat Selection Wet Cat Food 85g x12 pack",
    "WOW Price": 11.5,
    "WOW Size": "85g x12 pack",
    "WOW ppu": "$1.13 / 100G"
  },
  {
    "Brand_Product_Size": "Woolworths Winter Veg Mix 1kg",
    "WOW Price": 3,
    "WOW Size": "1kg",
    "WOW ppu": "$3.00 / 1KG"
  },
  {
    "Brand_Product_Size": "Multix Kitchen Tidy Bags X-large Colour Scents 50L 20 pack",
    "WOW Price": 5,
    "WOW Size": "50L 20 pack",
    "WOW ppu": "$0.25 / 1EA"
  },
  {
    "Brand_Product_Size": "Arnott's Milk Arrowroot 250g",
    "WOW Price": 2.3,
    "WOW Size": "250g",
    "WOW ppu": "$0.92 / 100G"
  },
  {
    "Brand_Product_Size": "Huggies Change Mat 48x76cm 4 pack",
    "WOW Price": 4.2,
    "WOW Size": "4 pack",
    "WOW ppu": "$1.05 / 1EA"
  },
  {
    "Brand_Product_Size": "Huggies Change Mat 48x76cm 4 pack",
    "WOW Price": 4.2,
    "WOW Size": "4 pack",
    "WOW ppu": "$1.05 / 1EA"
  },
  {
    "Brand_Product_Size": "Schweppes Agrum Citrus Blend Zero Sugar Agrum Citrus 1.1L",
    "WOW Price": 1.25,
    "WOW Size": "1.1L",
    "WOW ppu": "$1.14 / 1L"
  },
  {
    "Brand_Product_Size": "Woolworths Antipasto & Cheese Platter 380g",
    "WOW Price": 15,
    "WOW Size": "380g",
    "WOW ppu": "$39.47 / 1KG"
  },
  {
    "Brand_Product_Size": "Woolworths Sweet Potato Cottage Pie 375g",
    "WOW Price": 3,
    "WOW Size": "375g",
    "WOW ppu": "$0.80 / 100G"
  },
  {
    "Brand_Product_Size": "Rufus & Coco Wee Away Pet Training Odour Control 250mL",
    "WOW Price": 14.59,
    "WOW Size": "250mL",
    "WOW ppu": "$5.84 / 100ML"
  },
  {
    "Brand_Product_Size": "Woolworths Chocolate Milk 6x200mL",
    "WOW Price": 3.6,
    "WOW Size": "6x200mL",
    "WOW ppu": "$3.00 / 1L"
  },
  {
    "Brand_Product_Size": "Chobani No Fat Strawberry Greek Yoghurt Pouch 140g",
    "WOW Price": 1.5,
    "WOW Size": "140g",
    "WOW ppu": "$1.07 / 100G"
  },
  {
    "Brand_Product_Size": "Chobani No Fat Strawberry Greek Yoghurt Pouch 140g",
    "WOW Price": 1.5,
    "WOW Size": "140g",
    "WOW ppu": "$1.07 / 100G"
  },
  {
    "Brand_Product_Size": "Armada Brown Paper Lunch Bags 100 pack",
    "WOW Price": 2.5,
    "WOW Size": "100 pack",
    "WOW ppu": "$0.03 / 1EA"
  },
  {
    "Brand_Product_Size": "Armada Brown Paper Lunch Bags 100 pack",
    "WOW Price": 2.5,
    "WOW Size": "100 pack",
    "WOW ppu": "$0.03 / 1EA"
  },
  {
    "Brand_Product_Size": "Essentials Raw Sugar 3kg",
    "WOW Price": 3.09,
    "WOW Size": "3kg",
    "WOW ppu": "$0.10 / 100G"
  },
  {
    "Brand_Product_Size": "Melon Orange Candy each",
    "WOW Price": 4.5,
    "WOW Size": "each",
    "WOW ppu": "$4.50 / 1EA"
  },
  {
    "Brand_Product_Size": "Biopak Quilted Dinner Bionapkins 2ply 50 pack",
    "WOW Price": 4,
    "WOW Size": "50 pack",
    "WOW ppu": ""
  },
  {
    "Brand_Product_Size": "Woolworths Spanish Extra Virgin Olive Oil 500mL",
    "WOW Price": 4,
    "WOW Size": "500mL",
    "WOW ppu": "$0.80 / 100ML"
  },
  {
    "Brand_Product_Size": "Four Seasons Condoms Naked Classic 12 pack",
    "WOW Price": 7,
    "WOW Size": "12 pack",
    "WOW ppu": "$0.58 / 1EA"
  },
  {
    "Brand_Product_Size": "Peters Ice Cream Cake Party 1.5L",
    "WOW Price": 13,
    "WOW Size": "1.5L",
    "WOW ppu": "$0.87 / 100ML"
  },
  {
    "Brand_Product_Size": "Fresh Beurre Bosc Pear each",
    "WOW Price": 0.67,
    "WOW Size": "each",
    "WOW ppu": "$0.67 / 1EA"
  },
  {
    "Brand_Product_Size": "Toscano Macarons 144g",
    "WOW Price": 10,
    "WOW Size": "144g",
    "WOW ppu": "$6.94 / 100G"
  },
  {
    "Brand_Product_Size": "Toscano Macarons 144g",
    "WOW Price": 10,
    "WOW Size": "144g",
    "WOW ppu": "$6.94 / 100G"
  },
  {
    "Brand_Product_Size": "Sunrice Microwave Indian Basmati Rice 250g",
    "WOW Price": 2,
    "WOW Size": "250g",
    "WOW ppu": "$0.80 / 100G"
  },
  {
    "Brand_Product_Size": "The Vegan Factor Beevee Burgers 170g",
    "WOW Price": 3,
    "WOW Size": "170g",
    "WOW ppu": "$17.65 / 1KG"
  },
  {
    "Brand_Product_Size": "Table Of Plenty Mini Rice Snacks Dark Chocolate Cakes 60g",
    "WOW Price": 3.6,
    "WOW Size": "60g",
    "WOW ppu": "$6.00 / 100G"
  },
  {
    "Brand_Product_Size": "All Smiles Toothbrush Kids Soft 5 Pack 5 pack",
    "WOW Price": 5.5,
    "WOW Size": "5 pack",
    "WOW ppu": "$1.10 / 1EA"
  },
  {
    "Brand_Product_Size": "Woolworths Toasted Honey & Cinnamon Muesli 750g",
    "WOW Price": 3.1,
    "WOW Size": "750g",
    "WOW ppu": "$0.41 / 100G"
  },
  {
    "Brand_Product_Size": "The British Sausage Co Raw Smoked Rindless Back Bacon 200g",
    "WOW Price": 6,
    "WOW Size": "200g",
    "WOW ppu": "$30.00 / 1KG"
  },
  {
    "Brand_Product_Size": "Primo Stacker Leg Ham 50g",
    "WOW Price": 4,
    "WOW Size": "50g",
    "WOW ppu": "$80.00 / 1KG"
  },
  {
    "Brand_Product_Size": "Ben & Jerry's Chocolate Therapy Tub 458mL",
    "WOW Price": 12,
    "WOW Size": "458mL",
    "WOW ppu": "$2.62 / 100ML"
  },
  {
    "Brand_Product_Size": "Little Bellies Organic Fiddlesticks Cheese & Herb 12g",
    "WOW Price": 1.7,
    "WOW Size": "12g",
    "WOW ppu": "$14.17 / 100G"
  },
  {
    "Brand_Product_Size": "Tassal Salmon With Japanese Bbq 260g",
    "WOW Price": 10,
    "WOW Size": "260g",
    "WOW ppu": "$38.46 / 1KG"
  },
  {
    "Brand_Product_Size": "Toscano Gluten Free Pizza Base 180g",
    "WOW Price": 6.5,
    "WOW Size": "180g",
    "WOW ppu": "$3.61 / 100G"
  },
  {
    "Brand_Product_Size": "Original Juice Mandarin 1.5L",
    "WOW Price": 4.5,
    "WOW Size": "1.5L",
    "WOW ppu": "$3.00 / 1L"
  },
  {
    "Brand_Product_Size": "Woolworths Chocolate & Hazelnut Mousse Slice 2 pack",
    "WOW Price": 5,
    "WOW Size": "2 pack",
    "WOW ppu": "$2.50 / 100G"
  },
  {
    "Brand_Product_Size": "Red Bull Winter Edition Glacier Ice 250mL x4 pack",
    "WOW Price": 7.5,
    "WOW Size": "250mL x4 pack",
    "WOW ppu": "$7.50 / 1L"
  },
  {
    "Brand_Product_Size": "Bondi Sands Self Tan Foam Dark 200mL",
    "WOW Price": 20,
    "WOW Size": "200mL",
    "WOW ppu": "$10.00 / 100ML"
  },
  {
    "Brand_Product_Size": "Le Tan In Le Can Self Tan Deep Bronze 150g",
    "WOW Price": 9.6,
    "WOW Size": "150g",
    "WOW ppu": "$6.40 / 100G"
  },
  {
    "Brand_Product_Size": "Bonds Comfy Tops Sheer Tights Black Med each",
    "WOW Price": 9,
    "WOW Size": "each",
    "WOW ppu": ""
  },
  {
    "Brand_Product_Size": "Aveeno Oat Milk Blend Conditioner 354mL",
    "WOW Price": 16,
    "WOW Size": "354mL",
    "WOW ppu": "$4.52 / 100ML"
  },
  {
    "Brand_Product_Size": "Cadbury Baking White Chocolate Melts 225g",
    "WOW Price": 3,
    "WOW Size": "225g",
    "WOW ppu": "$1.33 / 100G"
  },
  {
    "Brand_Product_Size": "Choice Chicken Instant Noodles 85g x5 pack",
    "WOW Price": 1,
    "WOW Size": "85g x5 pack",
    "WOW ppu": "$0.24 / 100G"
  },
  {
    "Brand_Product_Size": "Pantene Curl Affair Curl Cream 110mL",
    "WOW Price": 12,
    "WOW Size": "110mL",
    "WOW ppu": "$10.91 / 100ML"
  },
  {
    "Brand_Product_Size": "Femfresh Sensitive Wash 250mL",
    "WOW Price": 5.4,
    "WOW Size": "250mL",
    "WOW ppu": "$2.16 / 100ML"
  },
  {
    "Brand_Product_Size": "Marvel 2in1 Body Wash & Bubble Bath Fruit Twist 700mL",
    "WOW Price": 7,
    "WOW Size": "700mL",
    "WOW ppu": "$1.00 / 100ML"
  },
  {
    "Brand_Product_Size": "Whole Kids Organic Meltaway Sticks Corn 10g",
    "WOW Price": 1.6,
    "WOW Size": "10g",
    "WOW ppu": "$16.00 / 100G"
  },
  {
    "Brand_Product_Size": "H2coco Pure Pink Coconut Water 750mL",
    "WOW Price": 5.15,
    "WOW Size": "750mL",
    "WOW ppu": "$6.87 / 1L"
  },
  {
    "Brand_Product_Size": "Rexona Women Clinical Roll On Shower Clean 50mL",
    "WOW Price": 8,
    "WOW Size": "50mL",
    "WOW ppu": "$16.00 / 100ML"
  },
  {
    "Brand_Product_Size": "Aveeno Dermexa Long Lasting Balm 75mL",
    "WOW Price": 13,
    "WOW Size": "75mL",
    "WOW ppu": "$17.33 / 100ML"
  },
  {
    "Brand_Product_Size": "Bonds Kids Low Cut Sock White Or Black Size 13 To 3 5 pack",
    "WOW Price": 10,
    "WOW Size": "5 pack",
    "WOW ppu": ""
  },
  {
    "Brand_Product_Size": "Maybelline Lash Sensational Washable Mascara - Blackest Black 9.5mL",
    "WOW Price": 11.5,
    "WOW Size": "9.5mL",
    "WOW ppu": "$12.11 / 10ML"
  },
  {
    "Brand_Product_Size": "Fibre One Carrot Cake Bars 4 pack",
    "WOW Price": 5.5,
    "WOW Size": "4 pack",
    "WOW ppu": "$5.50 / 100G"
  },
  {
    "Brand_Product_Size": "Maybelline Cheek Heat Blush Nude Burn 8mL",
    "WOW Price": 8.5,
    "WOW Size": "8mL",
    "WOW ppu": "$10.63 / 10ML"
  },
  {
    "Brand_Product_Size": "Sukin Signature Scent Botanical Body Wash Pump 1L",
    "WOW Price": 14.4,
    "WOW Size": "1L",
    "WOW ppu": "$1.44 / 100ML"
  },
  {
    "Brand_Product_Size": "A2 Full Cream Milk 3L",
    "WOW Price": 7.95,
    "WOW Size": "3L",
    "WOW ppu": "$2.65 / 1L"
  },
  {
    "Brand_Product_Size": "Starbucks By Nespresso Pike Place Roast Lungo Coffee Pods 10 pack",
    "WOW Price": 5,
    "WOW Size": "10 pack",
    "WOW ppu": "$0.50 / 1EA"
  },
  {
    "Brand_Product_Size": "Starbucks By Nespresso Pike Place Roast Lungo Coffee Pods 10 pack",
    "WOW Price": 5,
    "WOW Size": "10 pack",
    "WOW ppu": "$0.50 / 1EA"
  },
  {
    "Brand_Product_Size": "Oscar Orsen Scrunchy Scrunchie each",
    "WOW Price": 4,
    "WOW Size": "each",
    "WOW ppu": ""
  },
  {
    "Brand_Product_Size": "Sunrice Microwave Jasmine Rice In 90 Seconds 250g",
    "WOW Price": 2,
    "WOW Size": "250g",
    "WOW ppu": "$0.80 / 100G"
  },
  {
    "Brand_Product_Size": "Monster Super Fuel Purple Passion 550mL",
    "WOW Price": 4,
    "WOW Size": "550mL",
    "WOW ppu": "$7.27 / 1L"
  },
  {
    "Brand_Product_Size": "Elmer's Glow In The Dark Glue Pink 147mL",
    "WOW Price": 7,
    "WOW Size": "147mL",
    "WOW ppu": ""
  },
  {
    "Brand_Product_Size": "Maybelline Color Sensational Shaping Lip Liner - Nude Whisper 105 0.5g",
    "WOW Price": 7,
    "WOW Size": "0.5g",
    "WOW ppu": "$140.00 / 10G"
  },
  {
    "Brand_Product_Size": "Hart & Soul All Natural Butter Chicken Recipe Base 80g",
    "WOW Price": 1.25,
    "WOW Size": "80g",
    "WOW ppu": "$1.56 / 100G"
  },
  {
    "Brand_Product_Size": "San Remo Penne Pasta No 18 500g",
    "WOW Price": 2.6,
    "WOW Size": "500g",
    "WOW ppu": "$0.52 / 100G"
  },
  {
    "Brand_Product_Size": "Woolworths Chocolate Coated Honeycomb 400g bag",
    "WOW Price": 3,
    "WOW Size": "400g bag",
    "WOW ppu": "$0.75 / 100G"
  },
  {
    "Brand_Product_Size": "Fairy Dishwashing Spray Lemon 300mL",
    "WOW Price": 7.5,
    "WOW Size": "300mL",
    "WOW ppu": "$2.50 / 100ML"
  },
  {
    "Brand_Product_Size": "Uhu Craft Glue 250mL",
    "WOW Price": 6.5,
    "WOW Size": "250mL",
    "WOW ppu": ""
  },
  {
    "Brand_Product_Size": "Fibre One Milk Chocolate Popcorn & Pretzel Bar 105g",
    "WOW Price": 5.5,
    "WOW Size": "105g",
    "WOW ppu": "$5.24 / 100G"
  },
  {
    "Brand_Product_Size": "Tommee Tippee Closer To Nature Moda Soothers 0 To 6 Months 2 pack",
    "WOW Price": 7.7,
    "WOW Size": "2 pack",
    "WOW ppu": "$3.85 / 1EA"
  },
  {
    "Brand_Product_Size": "Hart & Soul Coconut & Lentil Soup 400g",
    "WOW Price": 4,
    "WOW Size": "400g",
    "WOW ppu": "$1.00 / 100G"
  },
  {
    "Brand_Product_Size": "Mccain Beer Batter Wedges 750g",
    "WOW Price": 3,
    "WOW Size": "750g",
    "WOW ppu": "$4.00 / 1KG"
  },
  {
    "Brand_Product_Size": "Just For Men Hair Colour Light Brown 100g",
    "WOW Price": 12,
    "WOW Size": "100g",
    "WOW ppu": "$12.00 / 100G"
  },
  {
    "Brand_Product_Size": "Mirabella Genio Led Bc 9w Warm White each",
    "WOW Price": 18,
    "WOW Size": "each",
    "WOW ppu": "$18.00 / 1EA"
  },
  {
    "Brand_Product_Size": "Uncle Tobys Cereal Plus Protein 410g",
    "WOW Price": 4.75,
    "WOW Size": "410g",
    "WOW ppu": "$1.16 / 100G"
  },
  {
    "Brand_Product_Size": "Britannia Cake Rusk 240g",
    "WOW Price": 3.25,
    "WOW Size": "240g",
    "WOW ppu": "$1.35 / 100G"
  },
  {
    "Brand_Product_Size": "Sistema Splits Large 1.9L",
    "WOW Price": 8,
    "WOW Size": "1.9L",
    "WOW ppu": "$8.00 / 1EA"
  },
  {
    "Brand_Product_Size": "Amy's Kitchen Organic Indian Golden Lentil Soup 408g",
    "WOW Price": 3.9,
    "WOW Size": "408g",
    "WOW ppu": "$0.96 / 100G"
  },
  {
    "Brand_Product_Size": "Vanish Preen Odour Neutralising Trigger 375mL",
    "WOW Price": 5,
    "WOW Size": "375mL",
    "WOW ppu": "$13.33 / 1L"
  },
  {
    "Brand_Product_Size": "Bonds Zip Wondersuit Disney Lion King Grey Size 00 each",
    "WOW Price": 30,
    "WOW Size": "each",
    "WOW ppu": ""
  },
  {
    "Brand_Product_Size": "Maybelline Master Precise Liquid Eyeliner - Brown 1mL",
    "WOW Price": 8.5,
    "WOW Size": "1mL",
    "WOW ppu": "$85.00 / 10ML"
  },
  {
    "Brand_Product_Size": "John West Sardines Lemon Garlic & Chilli 110g",
    "WOW Price": 2.8,
    "WOW Size": "110g",
    "WOW ppu": "$25.45 / 1KG"
  },
  {
    "Brand_Product_Size": "Woolworths Tuna Tomato & Basil 95g",
    "WOW Price": 0.9,
    "WOW Size": "95g",
    "WOW ppu": "$9.47 / 1KG"
  },
  {
    "Brand_Product_Size": "John West Salmon Tempters In Olive Oil 95g",
    "WOW Price": 2.7,
    "WOW Size": "95g",
    "WOW ppu": "$28.42 / 1KG"
  },
  {
    "Brand_Product_Size": "Calbee Harvest Snaps Chickpea Crisps Sriracha & Yuzu 75g",
    "WOW Price": 3,
    "WOW Size": "75g",
    "WOW ppu": "$40.00 / 1KG"
  },
  {
    "Brand_Product_Size": "Darrell Lea Dark Liquorice Block 180g",
    "WOW Price": 5,
    "WOW Size": "180g",
    "WOW ppu": "$2.78 / 100G"
  },
  {
    "Brand_Product_Size": "Dettol Antibacterial Floor Cleaning System each",
    "WOW Price": 20,
    "WOW Size": "each",
    "WOW ppu": "$20.00 / 1EA"
  },
  {
    "Brand_Product_Size": "Anusol Haemorrhoidal Suppositories 12 pack",
    "WOW Price": 8.2,
    "WOW Size": "12 pack",
    "WOW ppu": "$0.68 / 1EA"
  },
  {
    "Brand_Product_Size": "Sirena Tuna In Springwater 95g",
    "WOW Price": 2.7,
    "WOW Size": "95g",
    "WOW ppu": "$28.42 / 1KG"
  },
  {
    "Brand_Product_Size": "Red Rock Deli Bourbon Glazed Sticky Ribs 150g",
    "WOW Price": 4.65,
    "WOW Size": "150g",
    "WOW ppu": "$3.10 / 100G"
  },
  {
    "Brand_Product_Size": "Mum Dry Anti Perspirant Deodorant Dry Active All Day 50mL",
    "WOW Price": 2.5,
    "WOW Size": "50mL",
    "WOW ppu": "$5.00 / 100ML"
  },
  {
    "Brand_Product_Size": "Hart & Soul Vegetable Paella 150g",
    "WOW Price": 3.8,
    "WOW Size": "150g",
    "WOW ppu": "$2.53 / 100G"
  },
  {
    "Brand_Product_Size": "Mainland Grazing Collection Cheddar With Crackers & Jam 90g",
    "WOW Price": 4,
    "WOW Size": "90g",
    "WOW ppu": "$44.44 / 1KG"
  },
  {
    "Brand_Product_Size": "Chux Sustainable Heavy Duty Scourer Pads 4 pack",
    "WOW Price": 2.8,
    "WOW Size": "4 pack",
    "WOW ppu": "$0.70 / 1EA"
  },
  {
    "Brand_Product_Size": "Oral-b 3d White Brilliance Charcoal Toothpaste 120g",
    "WOW Price": 10,
    "WOW Size": "120g",
    "WOW ppu": "$8.33 / 100G"
  },
  {
    "Brand_Product_Size": "Maharajah's Choice Cumin Seed 250g",
    "WOW Price": 3,
    "WOW Size": "250g",
    "WOW ppu": "$1.20 / 100G"
  },
  {
    "Brand_Product_Size": "Oscar Orsen Nail Polish Remover Wipes 30 pack",
    "WOW Price": 2,
    "WOW Size": "30 pack",
    "WOW ppu": "$0.07 / 1EA"
  },
  {
    "Brand_Product_Size": "San Remo Spaghetti Egg Pasta 500g",
    "WOW Price": 2.6,
    "WOW Size": "500g",
    "WOW ppu": "$0.52 / 100G"
  },
  {
    "Brand_Product_Size": "Nivea Men Sensitive Instant Relief 125mL",
    "WOW Price": 9,
    "WOW Size": "125mL",
    "WOW ppu": "$7.20 / 100ML"
  },
  {
    "Brand_Product_Size": "Underworks Underwear Womens Classic Full Brief Size 18 2 pack",
    "WOW Price": 10,
    "WOW Size": "2 pack",
    "WOW ppu": ""
  },
  {
    "Brand_Product_Size": "Macro Organic Unsalted Butter 250g",
    "WOW Price": 3.7,
    "WOW Size": "250g",
    "WOW ppu": "$1.48 / 100G"
  },
  {
    "Brand_Product_Size": "Woolworths Cola Sugar Zero Bottle 1.25L",
    "WOW Price": 1,
    "WOW Size": "1.25L",
    "WOW ppu": "$0.80 / 1L"
  },
  {
    "Brand_Product_Size": "Primo Mortadella 100g",
    "WOW Price": 3.25,
    "WOW Size": "100g",
    "WOW ppu": "$32.50 / 1KG"
  },
  {
    "Brand_Product_Size": "Voeu Age Regenerate Anti-ageing Eye Cream 15mL",
    "WOW Price": 7,
    "WOW Size": "15mL",
    "WOW ppu": "$46.67 / 100ML"
  },
  {
    "Brand_Product_Size": "Choice Chicken Noodle Cup 70g",
    "WOW Price": 0.75,
    "WOW Size": "70g",
    "WOW ppu": "$1.07 / 100G"
  },
  {
    "Brand_Product_Size": "Nurofen Pain And Inflammation Relief Gel 5% Ibuprofen 100g",
    "WOW Price": 16,
    "WOW Size": "100g",
    "WOW ppu": "$16.00 / 100G"
  },
  {
    "Brand_Product_Size": "Woolworths Chunky Vegetable Soup 300g",
    "WOW Price": 3,
    "WOW Size": "300g",
    "WOW ppu": "$1.00 / 100G"
  },
  {
    "Brand_Product_Size": "Equal Sweetener Sachets 100 pack",
    "WOW Price": 6.1,
    "WOW Size": "100 pack",
    "WOW ppu": "$6.10 / 100EA"
  },
  {
    "Brand_Product_Size": "Farmers Union Light Greek Yoghurt 1kg",
    "WOW Price": 5.5,
    "WOW Size": "1kg",
    "WOW ppu": "$0.55 / 100G"
  },
  {
    "Brand_Product_Size": "Ocean Spray Craisins Dried Cranberries Infused With Blueberry Juice 150g",
    "WOW Price": 2.5,
    "WOW Size": "150g",
    "WOW ppu": "$16.67 / 1KG"
  },
  {
    "Brand_Product_Size": "Frico Maasdam Swiss Style Cheese 330g",
    "WOW Price": 5.5,
    "WOW Size": "330g",
    "WOW ppu": "$16.67 / 1KG"
  },
  {
    "Brand_Product_Size": "Frico Maasdam Swiss Style Cheese 330g",
    "WOW Price": 5.5,
    "WOW Size": "330g",
    "WOW ppu": "$16.67 / 1KG"
  },
  {
    "Brand_Product_Size": "Woolworths Free From Gluten Eng Muffins 4 pack",
    "WOW Price": 4.5,
    "WOW Size": "4 pack",
    "WOW ppu": "$1.61 / 100G"
  },
  {
    "Brand_Product_Size": "Ceres Organics Brown Crackers Sour Cream 115g",
    "WOW Price": 2.6,
    "WOW Size": "115g",
    "WOW ppu": "$2.26 / 100G"
  },
  {
    "Brand_Product_Size": "Atkins Day Break Bar Chocolate Chip Crisp 5x37g",
    "WOW Price": 11.5,
    "WOW Size": "5x37g",
    "WOW ppu": "$6.22 / 100G"
  },
  {
    "Brand_Product_Size": "Clearasil Ultra 5 In 1 Wash 150mL",
    "WOW Price": 11.84,
    "WOW Size": "150mL",
    "WOW ppu": "$7.89 / 100ML"
  },
  {
    "Brand_Product_Size": "Dynamo Professional 7 Actions In 1 Wash Laundry Liquid 1.8L",
    "WOW Price": 20,
    "WOW Size": "1.8L",
    "WOW ppu": "$11.11 / 1L"
  },
  {
    "Brand_Product_Size": "Woolworths Almond Meal 150g",
    "WOW Price": 3.85,
    "WOW Size": "150g",
    "WOW ppu": "$25.67 / 1KG"
  },
  {
    "Brand_Product_Size": "First Force Home Protection Insect Spray 2L",
    "WOW Price": 15,
    "WOW Size": "2L",
    "WOW ppu": "$0.75 / 100ML"
  },
  {
    "Brand_Product_Size": "Glade 2 In 1 Candle Fresh Berries & Wild Raspberry 96g",
    "WOW Price": 6,
    "WOW Size": "96g",
    "WOW ppu": ""
  },
  {
    "Brand_Product_Size": "Oreo Milk Chocolate Wafer Sticks 27 pack",
    "WOW Price": 5,
    "WOW Size": "27 pack",
    "WOW ppu": "$1.45 / 100G"
  },
  {
    "Brand_Product_Size": "Oreo Milk Chocolate Wafer Sticks 27 pack",
    "WOW Price": 5,
    "WOW Size": "27 pack",
    "WOW ppu": "$1.45 / 100G"
  },
  {
    "Brand_Product_Size": "Sistema Splits Medium 835mL",
    "WOW Price": 6,
    "WOW Size": "835mL",
    "WOW ppu": "$6.00 / 1EA"
  },
  {
    "Brand_Product_Size": "Pantene Shampoo Daily Moisture 90mL",
    "WOW Price": 3,
    "WOW Size": "90mL",
    "WOW ppu": "$3.33 / 100ML"
  },
  {
    "Brand_Product_Size": "Nature's Gift Meal Time Loaf With Kangaroo Rice & Veg Wet Dog Food 700g",
    "WOW Price": 2,
    "WOW Size": "700g",
    "WOW ppu": "$0.29 / 100G"
  },
  {
    "Brand_Product_Size": "Cadbury Cherry Ripe Ice Cream Sticks 4 pack",
    "WOW Price": 6,
    "WOW Size": "4 pack",
    "WOW ppu": "$1.67 / 100ML"
  },
  {
    "Brand_Product_Size": "Woolworths Figs 375g",
    "WOW Price": 4.4,
    "WOW Size": "375g",
    "WOW ppu": "$11.73 / 1KG"
  },
  {
    "Brand_Product_Size": "Fussy Cat Grain Free Chicken & Lamb With Rosemary Wet Cat Food 400g",
    "WOW Price": 1.8,
    "WOW Size": "400g",
    "WOW ppu": "$0.45 / 100G"
  },
  {
    "Brand_Product_Size": "Cascade No Sugar Tonic 200mL x4 pack",
    "WOW Price": 2.2,
    "WOW Size": "200mL x4 pack",
    "WOW ppu": "$2.75 / 1L"
  },
  {
    "Brand_Product_Size": "Waterfords Lite & Fruity Orange Passion 1L",
    "WOW Price": 1.95,
    "WOW Size": "1L",
    "WOW ppu": "$1.95 / 1L"
  },
  {
    "Brand_Product_Size": "Confidere Incontinence Liner Long 20 pack",
    "WOW Price": 3,
    "WOW Size": "20 pack",
    "WOW ppu": "$0.15 / 1EA"
  },
  {
    "Brand_Product_Size": "Dodoni Greek Fetta Cheese per kg",
    "WOW Price": 29,
    "WOW Size": "per kg",
    "WOW ppu": "$29.00 / 1KG"
  },
  {
    "Brand_Product_Size": "Dodoni Greek Fetta Cheese per kg",
    "WOW Price": 29,
    "WOW Size": "per kg",
    "WOW ppu": "$29.00 / 1KG"
  },
  {
    "Brand_Product_Size": "Maybelline Tattoo Studio Brow Gel Soft Brown 4.9mL",
    "WOW Price": 14,
    "WOW Size": "4.9mL",
    "WOW ppu": "$28.57 / 10ML"
  },
  {
    "Brand_Product_Size": "Woolworths Walnuts Californian 450g",
    "WOW Price": 9,
    "WOW Size": "450g",
    "WOW ppu": "$20.00 / 1KG"
  },
  {
    "Brand_Product_Size": "Sealord Premium Hoki Fillets Honey Soy Tempura 280g",
    "WOW Price": 7.3,
    "WOW Size": "280g",
    "WOW ppu": "$26.07 / 1KG"
  },
  {
    "Brand_Product_Size": "Double D Marshmallows Sugar Free 70g bag",
    "WOW Price": 2,
    "WOW Size": "70g bag",
    "WOW ppu": "$2.86 / 100G"
  },
  {
    "Brand_Product_Size": "L'oreal Excellence Creme Hair Colour 6.1 Light Ash Brown each",
    "WOW Price": 16,
    "WOW Size": "each",
    "WOW ppu": ""
  },
  {
    "Brand_Product_Size": "Woolworths Black Beans No Added Salt Can 420g",
    "WOW Price": 0.8,
    "WOW Size": "420g",
    "WOW ppu": "$0.19 / 100G"
  },
  {
    "Brand_Product_Size": "Green's Raspberry Crumble Slice 380g",
    "WOW Price": 4,
    "WOW Size": "380g",
    "WOW ppu": "$1.05 / 100G"
  },
  {
    "Brand_Product_Size": "Zuru Sparkle Girlz Assorted each",
    "WOW Price": 9,
    "WOW Size": "each",
    "WOW ppu": ""
  },
  {
    "Brand_Product_Size": "Yoplait Vanilla Yoghurts 6 pack",
    "WOW Price": 5,
    "WOW Size": "6 pack",
    "WOW ppu": "$0.52 / 100G"
  },
  {
    "Brand_Product_Size": "Vanish Napisan Oxi Action Stain Remover Powder 1kg",
    "WOW Price": 8,
    "WOW Size": "1kg",
    "WOW ppu": "$8.00 / 1KG"
  },
  {
    "Brand_Product_Size": "Nivea Men Deep Face Moisturiser Day Cream 50mL",
    "WOW Price": 8.7,
    "WOW Size": "50mL",
    "WOW ppu": "$17.40 / 100ML"
  },
  {
    "Brand_Product_Size": "Vaalia Boost Mango & Strawberry Yoghurt 150g x4 pack",
    "WOW Price": 4.3,
    "WOW Size": "150g x4 pack",
    "WOW ppu": "$0.72 / 100G"
  },
  {
    "Brand_Product_Size": "Tena Lady Pads Ultra Thin Mini 20 pack",
    "WOW Price": 3.65,
    "WOW Size": "20 pack",
    "WOW ppu": "$0.18 / 1EA"
  },
  {
    "Brand_Product_Size": "Fehlbergs Sandwich Stackers 500g",
    "WOW Price": 4,
    "WOW Size": "500g",
    "WOW ppu": "$8.00 / 1KG"
  },
  {
    "Brand_Product_Size": "Only Organic Wild Rice Risotto Spring Lamb Wild Rice Risotto Spring Lamb 120g",
    "WOW Price": 1.5,
    "WOW Size": "120g",
    "WOW ppu": "$1.25 / 100G"
  },
  {
    "Brand_Product_Size": "Little Wishes Spoon And Fork Set each",
    "WOW Price": 1.75,
    "WOW Size": "each",
    "WOW ppu": "$1.75 / 1EA"
  },
  {
    "Brand_Product_Size": "Gm Housebrand Chenille Craft Wallet each",
    "WOW Price": 5,
    "WOW Size": "each",
    "WOW ppu": ""
  },
  {
    "Brand_Product_Size": "Mars Pods Bag 310g",
    "WOW Price": 6,
    "WOW Size": "310g",
    "WOW ppu": "$1.94 / 100G"
  },
  {
    "Brand_Product_Size": "Birch & Waite Asian Sesame Soy & Ginger Dressing 250mL",
    "WOW Price": 5,
    "WOW Size": "250mL",
    "WOW ppu": "$2.00 / 100ML"
  },
  {
    "Brand_Product_Size": "Rufus & Coco Natural Rubber Dog Treat Ball each",
    "WOW Price": 15,
    "WOW Size": "each",
    "WOW ppu": "$15.00 / 1EA"
  },
  {
    "Brand_Product_Size": "Philips Led 806lm Warm Es 2 pack",
    "WOW Price": 6.5,
    "WOW Size": "2 pack",
    "WOW ppu": "$3.25 / 1EA"
  },
  {
    "Brand_Product_Size": "Dishmatic Glide Dish Brush each",
    "WOW Price": 3.75,
    "WOW Size": "each",
    "WOW ppu": "$3.75 / 1EA"
  },
  {
    "Brand_Product_Size": "Woolworths Chips Crinkle Cut Roast Chicken 175g",
    "WOW Price": 1.8,
    "WOW Size": "175g",
    "WOW ppu": "$1.03 / 100G"
  },
  {
    "Brand_Product_Size": "Palmolive Manuka Honey & Lavender Foaming Hand Wash 400mL",
    "WOW Price": 7,
    "WOW Size": "400mL",
    "WOW ppu": "$1.75 / 100ML"
  },
  {
    "Brand_Product_Size": "Garnier Olia Bold Permanent Hair Colour 4.26 Rose Violet each",
    "WOW Price": 17,
    "WOW Size": "each",
    "WOW ppu": ""
  },
  {
    "Brand_Product_Size": "Trident Hot & Spicy 2 Minute Noodles 85g",
    "WOW Price": 0.8,
    "WOW Size": "85g",
    "WOW ppu": "$0.94 / 100G"
  },
  {
    "Brand_Product_Size": "Trident Chilli Sauce Sweet Chilli 285mL",
    "WOW Price": 3,
    "WOW Size": "285mL",
    "WOW ppu": "$1.05 / 100ML"
  },
  {
    "Brand_Product_Size": "Woolworths Sheet Protectors A4 20 pack",
    "WOW Price": 2,
    "WOW Size": "20 pack",
    "WOW ppu": ""
  },
  {
    "Brand_Product_Size": "V Energy Energy Drink 250mL",
    "WOW Price": 2.8,
    "WOW Size": "250mL",
    "WOW ppu": "$11.20 / 1L"
  },
  {
    "Brand_Product_Size": "Queen Fabulous Flamingo Sprinkles 110g",
    "WOW Price": 4,
    "WOW Size": "110g",
    "WOW ppu": "$3.64 / 100G"
  },
  {
    "Brand_Product_Size": "Masterfoods Honey Mustard Chicken Recipe Base 175g",
    "WOW Price": 2.2,
    "WOW Size": "175g",
    "WOW ppu": "$1.26 / 100G"
  },
  {
    "Brand_Product_Size": "Campbell's Bone Broth Chicken 500mL",
    "WOW Price": 7,
    "WOW Size": "500mL",
    "WOW ppu": "$1.40 / 100ML"
  },
  {
    "Brand_Product_Size": "Mint Latte Spoons 4 pack",
    "WOW Price": 6,
    "WOW Size": "4 pack",
    "WOW ppu": ""
  },
  {
    "Brand_Product_Size": "Mccain Oh My Veg Mexican Street Corn 200g",
    "WOW Price": 4,
    "WOW Size": "200g",
    "WOW ppu": "$20.00 / 1KG"
  },
  {
    "Brand_Product_Size": "Aerogard Insect Repellent Odourless Pump Spray 175mL",
    "WOW Price": 8.5,
    "WOW Size": "175mL",
    "WOW ppu": "$4.86 / 100ML"
  },
  {
    "Brand_Product_Size": "Inspire Ceramic Bathroom Set 2 pack",
    "WOW Price": 10,
    "WOW Size": "2 pack",
    "WOW ppu": ""
  },
  {
    "Brand_Product_Size": "Sanitarium Marmite Spread 250g",
    "WOW Price": 4.3,
    "WOW Size": "250g",
    "WOW ppu": "$1.72 / 100G"
  },
  {
    "Brand_Product_Size": "Korbond Instant Repair Double Sided Tape 4.6m each",
    "WOW Price": 5,
    "WOW Size": "each",
    "WOW ppu": ""
  },
  {
    "Brand_Product_Size": "Telfast Hayfever Allergy Relief 60mg Antihistamine Tablets 20 pack",
    "WOW Price": 9.6,
    "WOW Size": "20 pack",
    "WOW ppu": "$0.48 / 1EA"
  },
  {
    "Brand_Product_Size": "Optimum Adult With Chicken & Rice Wet Dog Food 100g",
    "WOW Price": 1,
    "WOW Size": "100g",
    "WOW ppu": "$1.00 / 100G"
  },
  {
    "Brand_Product_Size": "Bonds Zip Wondersuit Disney Mickey Black Size 000 each",
    "WOW Price": 30,
    "WOW Size": "each",
    "WOW ppu": ""
  },
  {
    "Brand_Product_Size": "Fancy Feast Adult Royale Tuna Banquet With Prawns Wet Cat Food 85g",
    "WOW Price": 2,
    "WOW Size": "85g",
    "WOW ppu": "$2.35 / 100G"
  },
  {
    "Brand_Product_Size": "Hercules 50% Plant Based Snack Bags 40 pack",
    "WOW Price": 3.3,
    "WOW Size": "40 pack",
    "WOW ppu": "$0.08 / 1EA"
  },
  {
    "Brand_Product_Size": "Korbond Safety Pin Assorted Colour & Size 100 pack",
    "WOW Price": 5,
    "WOW Size": "100 pack",
    "WOW ppu": ""
  },
  {
    "Brand_Product_Size": "L'oreal Paris Magic Retouch Hair Colour 1 Black each",
    "WOW Price": 12.75,
    "WOW Size": "each",
    "WOW ppu": "$17.00 / 100ML"
  },
  {
    "Brand_Product_Size": "Hart & Soul Sweet Potato & Ginger Soup 400g",
    "WOW Price": 4,
    "WOW Size": "400g",
    "WOW ppu": "$1.00 / 100G"
  },
  {
    "Brand_Product_Size": "Always Fresh Pitted Kalamata Olives 670g",
    "WOW Price": 8.65,
    "WOW Size": "670g",
    "WOW ppu": "$12.91 / 1KG"
  },
  {
    "Brand_Product_Size": "Jalna Sweet & Creamy Yoghurt Strawberry 1kg",
    "WOW Price": 5.5,
    "WOW Size": "1kg",
    "WOW ppu": "$0.55 / 100G"
  },
  {
    "Brand_Product_Size": "Colgate 360 Degrees Advanced Plaque Removal Toothbrush Medium each",
    "WOW Price": 6,
    "WOW Size": "each",
    "WOW ppu": "$6.00 / 1EA"
  },
  {
    "Brand_Product_Size": "Fat Blaster Keto Fit Whey Chocolate 300g",
    "WOW Price": 32,
    "WOW Size": "300g",
    "WOW ppu": "$10.67 / 100G"
  },
  {
    "Brand_Product_Size": "Twinings Asha Turmeric Temple Herbal Infusions 18 pack",
    "WOW Price": 6,
    "WOW Size": "18 pack",
    "WOW ppu": "$0.33 / 1EA"
  },
  {
    "Brand_Product_Size": "Twinings Asha Turmeric Temple Herbal Infusions 18 pack",
    "WOW Price": 6,
    "WOW Size": "18 pack",
    "WOW ppu": "$0.33 / 1EA"
  },
  {
    "Brand_Product_Size": "Toni & Guy Sky High Volume Dry Shampoo 250mL",
    "WOW Price": 16,
    "WOW Size": "250mL",
    "WOW ppu": "$6.40 / 100ML"
  },
  {
    "Brand_Product_Size": "Raid Max Auto Prime Advanced 185g",
    "WOW Price": 35,
    "WOW Size": "185g",
    "WOW ppu": "$18.92 / 100G"
  },
  {
    "Brand_Product_Size": "Spc Baked Beans Tomato Sauce 4x220g",
    "WOW Price": 5,
    "WOW Size": "4x220g",
    "WOW ppu": "$0.57 / 100G"
  },
  {
    "Brand_Product_Size": "King Oscar Sardines Olive Oil Double Layer 105g",
    "WOW Price": 2.8,
    "WOW Size": "105g",
    "WOW ppu": "$26.67 / 1KG"
  },
  {
    "Brand_Product_Size": "Energizer Max Aa Batteries 4 pack",
    "WOW Price": 5.5,
    "WOW Size": "4 pack",
    "WOW ppu": "$1.38 / 1EA"
  },
  {
    "Brand_Product_Size": "Woolworths Honey Quick Oats Sachets 12 pack",
    "WOW Price": 3.3,
    "WOW Size": "12 pack",
    "WOW ppu": "$0.79 / 100G"
  },
  {
    "Brand_Product_Size": "Nurofen For Children 7+ Yrs Chewable Ibuprofen Orange 24 pack",
    "WOW Price": 14.3,
    "WOW Size": "24 pack",
    "WOW ppu": "$59.58 / 100EA"
  },
  {
    "Brand_Product_Size": "Baxter's Liver Treats 100g",
    "WOW Price": 4,
    "WOW Size": "100g",
    "WOW ppu": "$4.00 / 100G"
  },
  {
    "Brand_Product_Size": "Artline Calligraphy Pastel Assorted 4 pack",
    "WOW Price": 20,
    "WOW Size": "4 pack",
    "WOW ppu": ""
  },
  {
    "Brand_Product_Size": "Mc Yee Noodles Gow Gee 300g",
    "WOW Price": 1.9,
    "WOW Size": "300g",
    "WOW ppu": "$6.33 / 1KG"
  },
  {
    "Brand_Product_Size": "Crayola Funny Faces Colour & Sticker each",
    "WOW Price": 4,
    "WOW Size": "each",
    "WOW ppu": ""
  },
  {
    "Brand_Product_Size": "Korbond Instant Hook & Loop Dots Self Stick 40 pack",
    "WOW Price": 7,
    "WOW Size": "40 pack",
    "WOW ppu": ""
  },
  {
    "Brand_Product_Size": "Connoisseur Ice Cream Sicilian Blood Orange Choc 4 pack",
    "WOW Price": 6,
    "WOW Size": "4 pack",
    "WOW ppu": "$1.32 / 100ML"
  },
  {
    "Brand_Product_Size": "Schwarzkopf Live Salon Hair Colour 1.0 Black each",
    "WOW Price": 14,
    "WOW Size": "each",
    "WOW ppu": ""
  },
  {
    "Brand_Product_Size": "Lamb Forequarter Chops 3-4 Pieces 400g - 800g",
    "WOW Price": 13.6,
    "WOW Size": "400g - 800g",
    "WOW ppu": "$17.00 / 1KG"
  },
  {
    "Brand_Product_Size": "Help@hand Ibuprofen Soft Gel Capsules 200mg 20 pack",
    "WOW Price": 2.6,
    "WOW Size": "20 pack",
    "WOW ppu": "$0.13 / 1EA"
  },
  {
    "Brand_Product_Size": "Woolworths Heart Smart Extra Lean Pork Mince 500g",
    "WOW Price": 8,
    "WOW Size": "500g",
    "WOW ppu": "$16.00 / 1KG"
  },
  {
    "Brand_Product_Size": "Woolworths Chives Chopped 2g",
    "WOW Price": 2.2,
    "WOW Size": "2g",
    "WOW ppu": "$11.00 / 10G"
  },
  {
    "Brand_Product_Size": "Pearl River Bridge Soy Sauce Mushroom 500mL",
    "WOW Price": 2.5,
    "WOW Size": "500mL",
    "WOW ppu": "$0.50 / 100ML"
  },
  {
    "Brand_Product_Size": "Heinz Dairy Snack Pouch Chocolate Custard 120g",
    "WOW Price": 1.5,
    "WOW Size": "120g",
    "WOW ppu": "$1.25 / 100G"
  },
  {
    "Brand_Product_Size": "Pauls Strawberry Vanilla & Banana Kids Yoghurt 12 pack",
    "WOW Price": 6.9,
    "WOW Size": "12 pack",
    "WOW ppu": "$0.61 / 100G"
  },
  {
    "Brand_Product_Size": "Dairy Farmers Pure Cream 600mL",
    "WOW Price": 4.5,
    "WOW Size": "600mL",
    "WOW ppu": "$0.75 / 100ML"
  },
  {
    "Brand_Product_Size": "Tradie Mens Bamboo Work Socks Size 7-10 2 pack",
    "WOW Price": 16,
    "WOW Size": "2 pack",
    "WOW ppu": ""
  },
  {
    "Brand_Product_Size": "Mccain Dinner Roast Lamb 320g",
    "WOW Price": 6,
    "WOW Size": "320g",
    "WOW ppu": "$1.88 / 100G"
  },
  {
    "Brand_Product_Size": "Spam Ham Hot & Spicy 340g",
    "WOW Price": 4,
    "WOW Size": "340g",
    "WOW ppu": "$11.76 / 1KG"
  },
  {
    "Brand_Product_Size": "Total Care Heartwormer Allwormer & Flea Control For Cats each",
    "WOW Price": 15.2,
    "WOW Size": "each",
    "WOW ppu": "$15.20 / 1EA"
  },
  {
    "Brand_Product_Size": "Head & Shoulders Supreme Moisture Shampoo 400mL",
    "WOW Price": 10.5,
    "WOW Size": "400mL",
    "WOW ppu": "$2.63 / 100ML"
  },
  {
    "Brand_Product_Size": "Tom & Luke Dark Chocolate & Mint Snackballs 132g",
    "WOW Price": 5,
    "WOW Size": "132g",
    "WOW ppu": "$3.79 / 100G"
  },
  {
    "Brand_Product_Size": "Woolworths Essentials Washing Bag each",
    "WOW Price": 3,
    "WOW Size": "each",
    "WOW ppu": "$3.00 / 1EA"
  },
  {
    "Brand_Product_Size": "Simple Daily Skin Detox Charcoal Purifying Sheet Mask 21mL",
    "WOW Price": 4,
    "WOW Size": "21mL",
    "WOW ppu": "$19.05 / 100ML"
  },
  {
    "Brand_Product_Size": "Bickford's Raspberry Cordial 750mL",
    "WOW Price": 4,
    "WOW Size": "750mL",
    "WOW ppu": "$5.33 / 1L"
  },
  {
    "Brand_Product_Size": "Clairol Nice N Easy 5 Natural Medium Brown each",
    "WOW Price": 9,
    "WOW Size": "each",
    "WOW ppu": ""
  },
  {
    "Brand_Product_Size": "Essentials Strawberry Jam 500g",
    "WOW Price": 1.4,
    "WOW Size": "500g",
    "WOW ppu": "$0.28 / 100G"
  },
  {
    "Brand_Product_Size": "Wrigley's 5 Gum Cool Mint Sugar Free 3 pack",
    "WOW Price": 4,
    "WOW Size": "3 pack",
    "WOW ppu": "$4.17 / 100G"
  },
  {
    "Brand_Product_Size": "Nescafe Gold Creme Brulee 8 pack",
    "WOW Price": 3.15,
    "WOW Size": "8 pack",
    "WOW ppu": "$0.39 / 1EA"
  },
  {
    "Brand_Product_Size": "Nescafe Gold Creme Brulee 8 pack",
    "WOW Price": 3.15,
    "WOW Size": "8 pack",
    "WOW ppu": "$0.39 / 1EA"
  },
  {
    "Brand_Product_Size": "Haagen-dazs Strawberries & Cream Ice Cream 457mL",
    "WOW Price": 11.5,
    "WOW Size": "457mL",
    "WOW ppu": "$2.52 / 100ML"
  },
  {
    "Brand_Product_Size": "Darikay Tomato Soup 550g",
    "WOW Price": 6.5,
    "WOW Size": "550g",
    "WOW ppu": "$1.18 / 100G"
  },
  {
    "Brand_Product_Size": "Impulse Body Spray Burnt Marshmallow & Leather Jacket 75mL",
    "WOW Price": 4,
    "WOW Size": "75mL",
    "WOW ppu": "$5.33 / 100ML"
  },
  {
    "Brand_Product_Size": "Sun Maid Sour Raisin Snacks Strawberry 7 pack",
    "WOW Price": 5,
    "WOW Size": "7 pack",
    "WOW ppu": "$35.71 / 1KG"
  },
  {
    "Brand_Product_Size": "Quorn Mince 300g",
    "WOW Price": 6.2,
    "WOW Size": "300g",
    "WOW ppu": "$2.07 / 100G"
  },
  {
    "Brand_Product_Size": "Dove Go Fresh Body Wash Pear & Aloe Vera 1L",
    "WOW Price": 6.85,
    "WOW Size": "1L",
    "WOW ppu": "$0.69 / 100ML"
  },
  {
    "Brand_Product_Size": "Ob Finest Fig & Pecan Specialty Cracker 150g",
    "WOW Price": 6,
    "WOW Size": "150g",
    "WOW ppu": "$4.00 / 100G"
  },
  {
    "Brand_Product_Size": "Crave Chicken Dry Cat Food 500g",
    "WOW Price": 7.5,
    "WOW Size": "500g",
    "WOW ppu": "$1.50 / 100G"
  },
  {
    "Brand_Product_Size": "Jackson Inbound Travel Adaptor - Suits Usa, Uk & Europe each",
    "WOW Price": 15,
    "WOW Size": "each",
    "WOW ppu": ""
  },
  {
    "Brand_Product_Size": "Rexona Men Antiperspirant Roll On Deodorant Sport 50mL",
    "WOW Price": 4,
    "WOW Size": "50mL",
    "WOW ppu": "$8.00 / 100ML"
  },
  {
    "Brand_Product_Size": "Jackson Protected Powerboard With Master Switch And 90cm Lead each",
    "WOW Price": 17,
    "WOW Size": "each",
    "WOW ppu": "$17.00 / 1EA"
  },
  {
    "Brand_Product_Size": "Yates Blitzem! Insect Control Wasp Nest Destroyer 350g",
    "WOW Price": 15,
    "WOW Size": "350g",
    "WOW ppu": "$4.29 / 100G"
  },
  {
    "Brand_Product_Size": "Umami Edamame Salad 200g",
    "WOW Price": 2.5,
    "WOW Size": "200g",
    "WOW ppu": "$12.50 / 1KG"
  },
  {
    "Brand_Product_Size": "Nescafe Blend 43 Espresso Soluble Instant Coffee 300g",
    "WOW Price": 13,
    "WOW Size": "300g",
    "WOW ppu": "$4.33 / 100G"
  },
  {
    "Brand_Product_Size": "Nescafe Blend 43 Espresso Soluble Instant Coffee 300g",
    "WOW Price": 13,
    "WOW Size": "300g",
    "WOW ppu": "$4.33 / 100G"
  },
  {
    "Brand_Product_Size": "Bondi Sands Tanning Gradual Tan 375mL",
    "WOW Price": 18,
    "WOW Size": "375mL",
    "WOW ppu": "$4.80 / 100ML"
  },
  {
    "Brand_Product_Size": "Fussy Cat Grain Free Lamb & Liver Cat Mince 90g x5 pack",
    "WOW Price": 5.8,
    "WOW Size": "90g x5 pack",
    "WOW ppu": "$1.29 / 100G"
  },
  {
    "Brand_Product_Size": "L'oreal Excellence Creme Hair Colour 4 Dark Brown each",
    "WOW Price": 16,
    "WOW Size": "each",
    "WOW ppu": ""
  },
  {
    "Brand_Product_Size": "Nerf Blaster And Balls Dog Toy Set each",
    "WOW Price": 17.5,
    "WOW Size": "each",
    "WOW ppu": "$17.50 / 1EA"
  },
  {
    "Brand_Product_Size": "Cornwell's White Vinegar White 375mL",
    "WOW Price": 2.15,
    "WOW Size": "375mL",
    "WOW ppu": "$0.57 / 100ML"
  },
  {
    "Brand_Product_Size": "Essentials Serviettes White 1 Ply 100 pack",
    "WOW Price": 0.95,
    "WOW Size": "100 pack",
    "WOW ppu": "$0.01 / 1EA"
  },
  {
    "Brand_Product_Size": "Vaalia Kids Blueberry Yoghurt 140g",
    "WOW Price": 1.7,
    "WOW Size": "140g",
    "WOW ppu": "$1.21 / 100G"
  },
  {
    "Brand_Product_Size": "Always Fresh Cucumbers Polish Ogor 680g",
    "WOW Price": 3.75,
    "WOW Size": "680g",
    "WOW ppu": "$5.51 / 1KG"
  },
  {
    "Brand_Product_Size": "Australia's Own Barista Almond 1L",
    "WOW Price": 4.5,
    "WOW Size": "1L",
    "WOW ppu": "$4.50 / 1L"
  },
  {
    "Brand_Product_Size": "Australia's Own Barista Almond 1L",
    "WOW Price": 4.5,
    "WOW Size": "1L",
    "WOW ppu": "$4.50 / 1L"
  },
  {
    "Brand_Product_Size": "Natvia Sweetener Tablets 100% Natural 200 pack",
    "WOW Price": 7.7,
    "WOW Size": "200 pack",
    "WOW ppu": "$3.85 / 100EA"
  },
  {
    "Brand_Product_Size": "Trident Laksa Flavour Thai Noodle Soup 50g",
    "WOW Price": 1.1,
    "WOW Size": "50g",
    "WOW ppu": "$2.20 / 100G"
  },
  {
    "Brand_Product_Size": "Woolworths Essentials Household Grade Disinfectant Wipes Fresh 120 pack",
    "WOW Price": 3,
    "WOW Size": "120 pack",
    "WOW ppu": "$0.03 / 1EA"
  },
  {
    "Brand_Product_Size": "Yoplait Vanilla Yoghurt 1kg",
    "WOW Price": 4,
    "WOW Size": "1kg",
    "WOW ppu": "$0.40 / 100G"
  },
  {
    "Brand_Product_Size": "Atkins Endulge Bar Chocolate Coconut 40g",
    "WOW Price": 3,
    "WOW Size": "40g",
    "WOW ppu": "$7.50 / 100G"
  },
  {
    "Brand_Product_Size": "Euky Bearub Eucalyptus Chest Rub 50g",
    "WOW Price": 8,
    "WOW Size": "50g",
    "WOW ppu": "$16.00 / 100G"
  },
  {
    "Brand_Product_Size": "Capilano Honey Yellow Box 340g",
    "WOW Price": 6.9,
    "WOW Size": "340g",
    "WOW ppu": "$2.03 / 100G"
  },
  {
    "Brand_Product_Size": "Fussy Cat Grain Free Chicken & Oceanfish Indoor Dry Cat Food 500g",
    "WOW Price": 3.5,
    "WOW Size": "500g",
    "WOW ppu": "$0.70 / 100G"
  },
  {
    "Brand_Product_Size": "Zafarelli Spaghetti No4 500g",
    "WOW Price": 1.2,
    "WOW Size": "500g",
    "WOW ppu": "$0.24 / 100G"
  },
  {
    "Brand_Product_Size": "Natures Goodness Puppy Food Gluten Free 680g",
    "WOW Price": 3.05,
    "WOW Size": "680g",
    "WOW ppu": "$0.45 / 100G"
  },
  {
    "Brand_Product_Size": "Olina's Artisan Cracker Date And Apricot 100g",
    "WOW Price": 3.5,
    "WOW Size": "100g",
    "WOW ppu": "$3.50 / 100G"
  },
  {
    "Brand_Product_Size": "Sup Gut Love Debloat Capsules 30 pack",
    "WOW Price": 20,
    "WOW Size": "30 pack",
    "WOW ppu": "$66.67 / 100EA"
  },
  {
    "Brand_Product_Size": "Steelo Sponges Lemon 10 pack",
    "WOW Price": 4,
    "WOW Size": "10 pack",
    "WOW ppu": "$0.40 / 1EA"
  },
  {
    "Brand_Product_Size": "Sam's Pantry Rocky Road Protein Bar 5 pack",
    "WOW Price": 3.5,
    "WOW Size": "5 pack",
    "WOW ppu": "$1.84 / 100G"
  },
  {
    "Brand_Product_Size": "Bertocchi Authentic Leg Ham Triple Smoked 500g - 950g",
    "WOW Price": 19.95,
    "WOW Size": "500g - 950g",
    "WOW ppu": "$21.00 / 1KG"
  },
  {
    "Brand_Product_Size": "Eveready Gold Type C Batteries 4 pack",
    "WOW Price": 10,
    "WOW Size": "4 pack",
    "WOW ppu": "$2.50 / 1EA"
  },
  {
    "Brand_Product_Size": "Wiltshire Eat Smart Meat Tenderiser each",
    "WOW Price": 5.4,
    "WOW Size": "each",
    "WOW ppu": ""
  },
  {
    "Brand_Product_Size": "Dairy Farmers Shape Skim Milk 1L",
    "WOW Price": 2.95,
    "WOW Size": "1L",
    "WOW ppu": "$2.95 / 1L"
  },
  {
    "Brand_Product_Size": "So Soft Marshmallow Jumbos 300g",
    "WOW Price": 2.75,
    "WOW Size": "300g",
    "WOW ppu": "$0.92 / 100G"
  },
  {
    "Brand_Product_Size": "Neat Feat Spandex Gel Arch Cushion each",
    "WOW Price": 21,
    "WOW Size": "each",
    "WOW ppu": "$21.00 / 1EA"
  },
  {
    "Brand_Product_Size": "Chandler Cat Litter Original 7L",
    "WOW Price": 5,
    "WOW Size": "7L",
    "WOW ppu": "$0.71 / 1L"
  },
  {
    "Brand_Product_Size": "Streets Aussie Classics 6 pack",
    "WOW Price": 10,
    "WOW Size": "6 pack",
    "WOW ppu": "$1.87 / 100ML"
  },
  {
    "Brand_Product_Size": "Fussy Cat Grain Free Liver Bites Cat Treats 100g",
    "WOW Price": 2.99,
    "WOW Size": "100g",
    "WOW ppu": "$2.99 / 100G"
  },
  {
    "Brand_Product_Size": "Riverside Pecan Halves 180g",
    "WOW Price": 5.95,
    "WOW Size": "180g",
    "WOW ppu": "$33.06 / 1KG"
  },
  {
    "Brand_Product_Size": "Sirena Tuna In Onion 95g",
    "WOW Price": 2.7,
    "WOW Size": "95g",
    "WOW ppu": "$28.42 / 1KG"
  },
  {
    "Brand_Product_Size": "Boost Energy Lift 1L",
    "WOW Price": 5.8,
    "WOW Size": "1L",
    "WOW ppu": "$5.80 / 1L"
  },
  {
    "Brand_Product_Size": "Mud Moisturising Lipstick Sunset Nude 1ea",
    "WOW Price": 4.5,
    "WOW Size": "1ea",
    "WOW ppu": "$4.50 / 1EA"
  },
  {
    "Brand_Product_Size": "Macro Baby Organic 6 Months+ Apple & Blueberry 120g",
    "WOW Price": 1.4,
    "WOW Size": "120g",
    "WOW ppu": "$1.17 / 100G"
  },
  {
    "Brand_Product_Size": "Zenzone Air Freshener Odour Neutraliser Cotton Flower 150g",
    "WOW Price": 1.9,
    "WOW Size": "150g",
    "WOW ppu": "$0.13 / 10G"
  },
  {
    "Brand_Product_Size": "Wrigley's P.k Gold Original Chewing Gum Multipack 5x10 Piece 70g",
    "WOW Price": 3.5,
    "WOW Size": "70g",
    "WOW ppu": "$5.00 / 100G"
  },
  {
    "Brand_Product_Size": "Schick Intuition Island Berry Kit each",
    "WOW Price": 12.5,
    "WOW Size": "each",
    "WOW ppu": "$12.50 / 1EA"
  },
  {
    "Brand_Product_Size": "Rexona Men Advanced Protection Workout 220mL",
    "WOW Price": 7.5,
    "WOW Size": "220mL",
    "WOW ppu": "$3.41 / 100ML"
  },
  {
    "Brand_Product_Size": "Stabilo Boss Pastel 4 pack",
    "WOW Price": 4,
    "WOW Size": "4 pack",
    "WOW ppu": ""
  },
  {
    "Brand_Product_Size": "Devondale Shredded Mozzarella Cheese 600g",
    "WOW Price": 7.5,
    "WOW Size": "600g",
    "WOW ppu": "$12.50 / 1KG"
  },
  {
    "Brand_Product_Size": "Berocca Energy Vitamin Original Berry Effervescent Tablets 45 pack",
    "WOW Price": 17,
    "WOW Size": "45 pack",
    "WOW ppu": "$37.78 / 100EA"
  },
  {
    "Brand_Product_Size": "Hello Kitty Body Spray Bubblegum 75g",
    "WOW Price": 2.5,
    "WOW Size": "75g",
    "WOW ppu": "$3.33 / 100G"
  },
  {
    "Brand_Product_Size": "Multicrop Ecofish Organic Plant & Soil Nutrient 600mL",
    "WOW Price": 8,
    "WOW Size": "600mL",
    "WOW ppu": "$1.33 / 100ML"
  },
  {
    "Brand_Product_Size": "Revlon Colorstay Nude Foundation For Combination & Oily Skin 30mL",
    "WOW Price": 17.5,
    "WOW Size": "30mL",
    "WOW ppu": "$5.83 / 10ML"
  },
  {
    "Brand_Product_Size": "Woolworths Rocket 120g",
    "WOW Price": 2.5,
    "WOW Size": "120g",
    "WOW ppu": "$20.83 / 1KG"
  },
  {
    "Brand_Product_Size": "Woolworths Rocket 120g",
    "WOW Price": 2.5,
    "WOW Size": "120g",
    "WOW ppu": "$20.83 / 1KG"
  },
  {
    "Brand_Product_Size": "Nissin Ramen Kyushu Black 5 pack",
    "WOW Price": 6.75,
    "WOW Size": "5 pack",
    "WOW ppu": "$1.27 / 100G"
  },
  {
    "Brand_Product_Size": "Wiltshire Eat Smart Spoon each",
    "WOW Price": 5.4,
    "WOW Size": "each",
    "WOW ppu": ""
  },
  {
    "Brand_Product_Size": "Caffe Aurora Freeze Dried Coffee Italian Style 100g",
    "WOW Price": 5,
    "WOW Size": "100g",
    "WOW ppu": "$5.00 / 100G"
  },
  {
    "Brand_Product_Size": "Caffe Aurora Freeze Dried Coffee Italian Style 100g",
    "WOW Price": 5,
    "WOW Size": "100g",
    "WOW ppu": "$5.00 / 100G"
  },
  {
    "Brand_Product_Size": "Leggos Pasta Bake Creamy Tomato & Mozzarella 500g",
    "WOW Price": 3,
    "WOW Size": "500g",
    "WOW ppu": "$0.60 / 100G"
  },
  {
    "Brand_Product_Size": "Dettol Profresh Shower Gel Body Wash Lemon And Lime 950mL",
    "WOW Price": 8.5,
    "WOW Size": "950mL",
    "WOW ppu": "$0.89 / 100ML"
  },
  {
    "Brand_Product_Size": "No Nasties 50% Less Sugar Fruity Loops Cereal 285g",
    "WOW Price": 5,
    "WOW Size": "285g",
    "WOW ppu": "$1.75 / 100G"
  },
  {
    "Brand_Product_Size": "Oscar Orsen Hair Brush Vent Large each",
    "WOW Price": 5.6,
    "WOW Size": "each",
    "WOW ppu": ""
  },
  {
    "Brand_Product_Size": "Herron Sennesoft Laxatives Overnight Relief 100 pack",
    "WOW Price": 8,
    "WOW Size": "100 pack",
    "WOW ppu": "$0.08 / 1EA"
  },
  {
    "Brand_Product_Size": "Jordans Cluster Bites Honey Nut 500g",
    "WOW Price": 7,
    "WOW Size": "500g",
    "WOW ppu": "$1.40 / 100G"
  },
  {
    "Brand_Product_Size": "Inspire Bamboo Tray Organiser each",
    "WOW Price": 12,
    "WOW Size": "each",
    "WOW ppu": ""
  },
  {
    "Brand_Product_Size": "Ixl Raspberry Jam 50% Less Sugar 220g",
    "WOW Price": 2,
    "WOW Size": "220g",
    "WOW ppu": "$0.91 / 100G"
  },
  {
    "Brand_Product_Size": "Patak's Garlic & Coriander Naan Naan 2 pack",
    "WOW Price": 3.5,
    "WOW Size": "2 pack",
    "WOW ppu": "$1.46 / 100G"
  },
  {
    "Brand_Product_Size": "Purina Totalcare Ruffled Cat Collar Assorted each",
    "WOW Price": 11,
    "WOW Size": "each",
    "WOW ppu": "$11.00 / 1EA"
  },
  {
    "Brand_Product_Size": "Always Fresh Organic Kalamata Pitted Olives 220g",
    "WOW Price": 5.4,
    "WOW Size": "220g",
    "WOW ppu": "$24.55 / 1KG"
  },
  {
    "Brand_Product_Size": "Woolworths Cheese & Crackers Extra Tasty 50g",
    "WOW Price": 1.6,
    "WOW Size": "50g",
    "WOW ppu": "$32.00 / 1KG"
  },
  {
    "Brand_Product_Size": "V.i.p Adult Dog Food Roll Gourmet Chicken 3kg",
    "WOW Price": 7,
    "WOW Size": "3kg",
    "WOW ppu": "$0.23 / 100G"
  },
  {
    "Brand_Product_Size": "Essentials Black Tea Bags 100 pack",
    "WOW Price": 1.9,
    "WOW Size": "100 pack",
    "WOW ppu": "$0.02 / 1EA"
  },
  {
    "Brand_Product_Size": "Essentials Black Tea Bags 100 pack",
    "WOW Price": 1.9,
    "WOW Size": "100 pack",
    "WOW ppu": "$0.02 / 1EA"
  },
  {
    "Brand_Product_Size": "Breeders Choice Paper Cat Litter 24L",
    "WOW Price": 23,
    "WOW Size": "24L",
    "WOW ppu": "$0.96 / 1L"
  },
  {
    "Brand_Product_Size": "Olsent Cfl Spiral Bc 20w 1400lm Ww 20w 2 pack",
    "WOW Price": 10,
    "WOW Size": "2 pack",
    "WOW ppu": "$5.00 / 1EA"
  },
  {
    "Brand_Product_Size": "Sambucol Cold & Flu + Pain Relief Capsules 24 pack",
    "WOW Price": 20,
    "WOW Size": "24 pack",
    "WOW ppu": "$0.83 / 1EA"
  },
  {
    "Brand_Product_Size": "Fussy Cat Grain Free Oceanfish & Chicken With Sweet Potato 85g",
    "WOW Price": 1.19,
    "WOW Size": "85g",
    "WOW ppu": "$1.40 / 100G"
  },
  {
    "Brand_Product_Size": "Bonds Comfy Tops Sheer Tights Black Lge each",
    "WOW Price": 9,
    "WOW Size": "each",
    "WOW ppu": ""
  },
  {
    "Brand_Product_Size": "Primo Bacon Pieces Twin Pack 300g",
    "WOW Price": 5,
    "WOW Size": "300g",
    "WOW ppu": "$16.67 / 1KG"
  },
  {
    "Brand_Product_Size": "Hubbards Cocoa & Coconut Toasted Granola 450g",
    "WOW Price": 7,
    "WOW Size": "450g",
    "WOW ppu": "$1.56 / 100G"
  },
  {
    "Brand_Product_Size": "Aveeno Baby Daily Moisturising Lotion 227mL",
    "WOW Price": 10,
    "WOW Size": "227mL",
    "WOW ppu": "$4.41 / 100G"
  },
  {
    "Brand_Product_Size": "Ardell Lashes 120 Black each",
    "WOW Price": 5.5,
    "WOW Size": "each",
    "WOW ppu": "$5.50 / 1EA"
  },
  {
    "Brand_Product_Size": "Energizer Lithium Ultimate 9v Batteries each",
    "WOW Price": 16,
    "WOW Size": "each",
    "WOW ppu": "$16.00 / 1EA"
  },
  {
    "Brand_Product_Size": "Hercules Resealable Twin Zip Jumbo Sandwich Bags 8 pack",
    "WOW Price": 4,
    "WOW Size": "8 pack",
    "WOW ppu": "$0.50 / 1EA"
  },
  {
    "Brand_Product_Size": "Glow Lab Vanilla Peppermint Hand Wash 300mL",
    "WOW Price": 7,
    "WOW Size": "300mL",
    "WOW ppu": "$2.33 / 100ML"
  },
  {
    "Brand_Product_Size": "Woolworths Spinach & Ricotta Tortellini With Napolitana Sauce 350g",
    "WOW Price": 7.5,
    "WOW Size": "350g",
    "WOW ppu": "$2.14 / 100G"
  },
  {
    "Brand_Product_Size": "Birds Eye Stir Fry Mix Thai 500g",
    "WOW Price": 3.7,
    "WOW Size": "500g",
    "WOW ppu": "$7.40 / 1KG"
  },
  {
    "Brand_Product_Size": "Jamie Oliver Pasta Sauce Tomato & Chilli 400g",
    "WOW Price": 4.3,
    "WOW Size": "400g",
    "WOW ppu": "$1.08 / 100G"
  },
  {
    "Brand_Product_Size": "Ansell Gloves Hyflex Medium each",
    "WOW Price": 7,
    "WOW Size": "each",
    "WOW ppu": "$7.00 / 1EA"
  },
  {
    "Brand_Product_Size": "Maille Mustard Dijonnaise 200mL",
    "WOW Price": 4.2,
    "WOW Size": "200mL",
    "WOW ppu": "$2.10 / 100ML"
  },
  {
    "Brand_Product_Size": "Centrum Advance Multivitamin 120 pack",
    "WOW Price": 15,
    "WOW Size": "120 pack",
    "WOW ppu": "$12.50 / 100EA"
  },
  {
    "Brand_Product_Size": "Birds Eye Stir Fry Mix Chinese 850g",
    "WOW Price": 4,
    "WOW Size": "850g",
    "WOW ppu": "$4.71 / 1KG"
  },
  {
    "Brand_Product_Size": "Korbond Cotton Tape each",
    "WOW Price": 3.5,
    "WOW Size": "each",
    "WOW ppu": ""
  },
  {
    "Brand_Product_Size": "Continental Nutrish Soup Sweet Beets Soup 30g",
    "WOW Price": 2,
    "WOW Size": "30g",
    "WOW ppu": "$6.67 / 100G"
  },
  {
    "Brand_Product_Size": "Drava Chicken Halal 95g",
    "WOW Price": 2.1,
    "WOW Size": "95g",
    "WOW ppu": "$2.21 / 100G"
  },
  {
    "Brand_Product_Size": "Buderim Ginger Glace 125g",
    "WOW Price": 4.3,
    "WOW Size": "125g",
    "WOW ppu": "$34.40 / 1KG"
  },
  {
    "Brand_Product_Size": "Queen Finest Vanilla Bean Pods 4g",
    "WOW Price": 8,
    "WOW Size": "4g",
    "WOW ppu": "$200.00 / 100G"
  },
  {
    "Brand_Product_Size": "Baxter's Classic Tomato Chutney 225g",
    "WOW Price": 4.3,
    "WOW Size": "225g",
    "WOW ppu": "$1.91 / 100G"
  },
  {
    "Brand_Product_Size": "Elmer's Snow Slime Kit each",
    "WOW Price": 20,
    "WOW Size": "each",
    "WOW ppu": ""
  },
  {
    "Brand_Product_Size": "Bic Kids Felt Pens 18 pack",
    "WOW Price": 7.5,
    "WOW Size": "18 pack",
    "WOW ppu": "$7.50 / 1EA"
  },
  {
    "Brand_Product_Size": "White Wings Baked Cheesecake Tart Mix 440g",
    "WOW Price": 4.8,
    "WOW Size": "440g",
    "WOW ppu": "$1.09 / 100G"
  },
  {
    "Brand_Product_Size": "Brut Deodorant Aerosol Anti Perspirant Endurance 150g",
    "WOW Price": 6.3,
    "WOW Size": "150g",
    "WOW ppu": "$2.57 / 100ML"
  },
  {
    "Brand_Product_Size": "Nature's Way Kids Smart Complete 50 pack",
    "WOW Price": 19,
    "WOW Size": "50 pack",
    "WOW ppu": "$38.00 / 100EA"
  },
  {
    "Brand_Product_Size": "Musashi Shred & Burn Protein Shake Chocolate 375mL",
    "WOW Price": 4.55,
    "WOW Size": "375mL",
    "WOW ppu": "$1.21 / 100ML"
  },
  {
    "Brand_Product_Size": "S&b Japanese Style Mil Curry Sauce With Vegetables 210g",
    "WOW Price": 2.8,
    "WOW Size": "210g",
    "WOW ppu": "$1.33 / 100G"
  },
  {
    "Brand_Product_Size": "Veeda Natural Cotton Pads Night With Wings 12 pack",
    "WOW Price": 2.4,
    "WOW Size": "12 pack",
    "WOW ppu": "$0.20 / 1EA"
  },
  {
    "Brand_Product_Size": "Lindt Lindor Milk Chocolate Balls 333g",
    "WOW Price": 20,
    "WOW Size": "333g",
    "WOW ppu": "$6.01 / 100G"
  },
  {
    "Brand_Product_Size": "On The Menu Cottage Pie 260g",
    "WOW Price": 3,
    "WOW Size": "260g",
    "WOW ppu": "$1.15 / 100G"
  },
  {
    "Brand_Product_Size": "Baxter's Dog Food Beef & Vegetables 8kg",
    "WOW Price": 13,
    "WOW Size": "8kg",
    "WOW ppu": "$0.16 / 100G"
  },
  {
    "Brand_Product_Size": "Sanitarium Weet-bix Bites Vanilla Flavour Coconut Crunch 500g",
    "WOW Price": 4,
    "WOW Size": "500g",
    "WOW ppu": "$0.80 / 100G"
  },
  {
    "Brand_Product_Size": "Hercules Everyday Snack Resealable Bags 150 pack",
    "WOW Price": 5.5,
    "WOW Size": "150 pack",
    "WOW ppu": "$0.04 / 1EA"
  },
  {
    "Brand_Product_Size": "Break Out Beasts each",
    "WOW Price": 10,
    "WOW Size": "each",
    "WOW ppu": ""
  },
  {
    "Brand_Product_Size": "Csr Buttercream Icing Mix Butterscotch 250g",
    "WOW Price": 3,
    "WOW Size": "250g",
    "WOW ppu": "$1.20 / 100G"
  },
  {
    "Brand_Product_Size": "Leggos Organic Tomato Paste Concentrate 500g",
    "WOW Price": 4.85,
    "WOW Size": "500g",
    "WOW ppu": "$0.97 / 100G"
  },
  {
    "Brand_Product_Size": "Golden Circle Tropical Smash Puree Apple Pineapple & Banana 120g",
    "WOW Price": 1.5,
    "WOW Size": "120g",
    "WOW ppu": "$12.50 / 1KG"
  },
  {
    "Brand_Product_Size": "Golden Circle Tropical Smash Puree Apple Pineapple & Banana 120g",
    "WOW Price": 1.5,
    "WOW Size": "120g",
    "WOW ppu": "$12.50 / 1KG"
  },
  {
    "Brand_Product_Size": "Vital Strength Lean Whey High Protein Powder Chocolate 720g",
    "WOW Price": 29.75,
    "WOW Size": "720g",
    "WOW ppu": "$4.13 / 100G"
  },
  {
    "Brand_Product_Size": "Darrell Lea Milk Chocolate Liquorice Bullets 380g",
    "WOW Price": 6,
    "WOW Size": "380g",
    "WOW ppu": "$1.58 / 100G"
  },
  {
    "Brand_Product_Size": "Revlon Ultimate All-in-one Mascara Blackest Black 8.5mL",
    "WOW Price": 12,
    "WOW Size": "8.5mL",
    "WOW ppu": "$14.12 / 10ML"
  },
  {
    "Brand_Product_Size": "White Wings Cupcake Mix Chocolate 410g",
    "WOW Price": 3,
    "WOW Size": "410g",
    "WOW ppu": "$0.73 / 100G"
  },
  {
    "Brand_Product_Size": "Heinz Plant Proteinz Lentil & Roasted Sweet Potato Dahl 330g",
    "WOW Price": 3.6,
    "WOW Size": "330g",
    "WOW ppu": "$1.09 / 100G"
  },
  {
    "Brand_Product_Size": "V8 Fruit & Veggie Juice Tropical Fusion 300mL",
    "WOW Price": 2.4,
    "WOW Size": "300mL",
    "WOW ppu": "$8.00 / 1L"
  },
  {
    "Brand_Product_Size": "V8 Fruit & Veggie Juice Tropical Fusion 300mL",
    "WOW Price": 2.4,
    "WOW Size": "300mL",
    "WOW ppu": "$8.00 / 1L"
  },
  {
    "Brand_Product_Size": "Created With Jamie Chilli, Garlic & Rosemary Chicken Fillets 350g",
    "WOW Price": 9,
    "WOW Size": "350g",
    "WOW ppu": "$25.71 / 1KG"
  },
  {
    "Brand_Product_Size": "Woolworths Fruit Free Toasted Muesli 750g",
    "WOW Price": 3.1,
    "WOW Size": "750g",
    "WOW ppu": "$0.41 / 100G"
  },
  {
    "Brand_Product_Size": "Homebrand Gloves Small 2 pack",
    "WOW Price": 1.25,
    "WOW Size": "2 pack",
    "WOW ppu": "$0.63 / 1EA"
  },
  {
    "Brand_Product_Size": "John Frieda Detox & Repair Shampoo 250mL",
    "WOW Price": 18,
    "WOW Size": "250mL",
    "WOW ppu": "$7.20 / 100ML"
  },
  {
    "Brand_Product_Size": "Quorn Garlic & Herb Fillets 2 pack",
    "WOW Price": 6.2,
    "WOW Size": "2 pack",
    "WOW ppu": "$3.10 / 100G"
  },
  {
    "Brand_Product_Size": "Vittoria Ristretto Nespresso Compatible Coffee Capsules pack 10",
    "WOW Price": 6,
    "WOW Size": "pack 10",
    "WOW ppu": "$0.60 / 1EA"
  },
  {
    "Brand_Product_Size": "Vittoria Ristretto Nespresso Compatible Coffee Capsules pack 10",
    "WOW Price": 6,
    "WOW Size": "pack 10",
    "WOW ppu": "$0.60 / 1EA"
  },
  {
    "Brand_Product_Size": "Woolworths Loin Steaks Pork 500g",
    "WOW Price": 9,
    "WOW Size": "500g",
    "WOW ppu": "$18.00 / 1KG"
  },
  {
    "Brand_Product_Size": "Always Fresh Kalamata Olives Wedges 220g",
    "WOW Price": 5.4,
    "WOW Size": "220g",
    "WOW ppu": "$24.55 / 1KG"
  },
  {
    "Brand_Product_Size": "Philips Led 250lm Fancy Round Bc Ww Clear each",
    "WOW Price": 6.5,
    "WOW Size": "each",
    "WOW ppu": "$6.50 / 1EA"
  },
  {
    "Brand_Product_Size": "Nuk Space Silicone Soother 18-36 Months 2 pack",
    "WOW Price": 12,
    "WOW Size": "2 pack",
    "WOW ppu": "$12.00 / 1EA"
  },
  {
    "Brand_Product_Size": "Geelong Brush Broom Premium Outdoor Garden each",
    "WOW Price": 15,
    "WOW Size": "each",
    "WOW ppu": "$15.00 / 1EA"
  },
  {
    "Brand_Product_Size": "Sanitarium Weet-bix Breakfast Cereal 375g",
    "WOW Price": 2.9,
    "WOW Size": "375g",
    "WOW ppu": "$0.77 / 100G"
  },
  {
    "Brand_Product_Size": "Finish Powder Concentrate Classic Lemon 1kg",
    "WOW Price": 12,
    "WOW Size": "1kg",
    "WOW ppu": "$1.20 / 100G"
  },
  {
    "Brand_Product_Size": "Dynamo Professional 7 Actions In 1 Wash Laundry Liquid 900mL",
    "WOW Price": 12,
    "WOW Size": "900mL",
    "WOW ppu": "$13.33 / 1L"
  },
  {
    "Brand_Product_Size": "Flora With Butter Spreadable Soft Butter Blend 400g",
    "WOW Price": 4,
    "WOW Size": "400g",
    "WOW ppu": "$1.00 / 100G"
  },
  {
    "Brand_Product_Size": "Flora With Butter Spreadable Soft Butter Blend 400g",
    "WOW Price": 4,
    "WOW Size": "400g",
    "WOW ppu": "$1.00 / 100G"
  },
  {
    "Brand_Product_Size": "Flora With Butter Spreadable Soft Butter Blend 400g",
    "WOW Price": 4,
    "WOW Size": "400g",
    "WOW ppu": "$1.00 / 100G"
  },
  {
    "Brand_Product_Size": "Marc Daniels Treatment Go Curly Makes Hair Curly 150mL",
    "WOW Price": 7.7,
    "WOW Size": "150mL",
    "WOW ppu": "$5.13 / 100ML"
  },
  {
    "Brand_Product_Size": "Lynx Men Body Wash Africa 400mL",
    "WOW Price": 4,
    "WOW Size": "400mL",
    "WOW ppu": "$1.00 / 100ML"
  },
  {
    "Brand_Product_Size": "Chapstick Lip Care Conditioning Lip Balm Spf15 4.2g",
    "WOW Price": 3.3,
    "WOW Size": "4.2g",
    "WOW ppu": "$78.57 / 100G"
  },
  {
    "Brand_Product_Size": "Philips 4w R50 Led Reflector Globe Warm White each",
    "WOW Price": 10.4,
    "WOW Size": "each",
    "WOW ppu": "$10.40 / 1EA"
  },
  {
    "Brand_Product_Size": "Master Lock Padlock Bike Lock 1.08m X 8mm each",
    "WOW Price": 11.5,
    "WOW Size": "each",
    "WOW ppu": ""
  },
  {
    "Brand_Product_Size": "Three Threes Onions Pickled Old Style 500g",
    "WOW Price": 4.1,
    "WOW Size": "500g",
    "WOW ppu": "$8.20 / 1KG"
  },
  {
    "Brand_Product_Size": "Elmer's Clear Glue 147mL",
    "WOW Price": 4.9,
    "WOW Size": "147mL",
    "WOW ppu": ""
  },
  {
    "Brand_Product_Size": "Mojo Kombucha Ginger 450mL",
    "WOW Price": 3.5,
    "WOW Size": "450mL",
    "WOW ppu": "$7.78 / 1L"
  },
  {
    "Brand_Product_Size": "Tasmanian Heritage Camembert Cheese 250g",
    "WOW Price": 5.9,
    "WOW Size": "250g",
    "WOW ppu": "$23.60 / 1KG"
  },
  {
    "Brand_Product_Size": "Tasmanian Heritage Camembert Cheese 250g",
    "WOW Price": 5.9,
    "WOW Size": "250g",
    "WOW ppu": "$23.60 / 1KG"
  },
  {
    "Brand_Product_Size": "Rosella Chutney Fruit 525g",
    "WOW Price": 4.2,
    "WOW Size": "525g",
    "WOW ppu": "$8.00 / 1KG"
  },
  {
    "Brand_Product_Size": "Dine Perfect Portions Cuts In Gravy Tuna Wet Cat Food Trays 2x37.5g",
    "WOW Price": 1.2,
    "WOW Size": "2x37.5g",
    "WOW ppu": "$1.60 / 100G"
  },
  {
    "Brand_Product_Size": "Yumi's Tuna Mousse Dip 200g",
    "WOW Price": 5,
    "WOW Size": "200g",
    "WOW ppu": "$2.50 / 100G"
  },
  {
    "Brand_Product_Size": "Sundae Juicy Pear Whipped Shower Foam 265mL",
    "WOW Price": 13.4,
    "WOW Size": "265mL",
    "WOW ppu": "$5.06 / 100ML"
  },
  {
    "Brand_Product_Size": "L'oreal Excellence Creme Hair Colour 1 Black each",
    "WOW Price": 16,
    "WOW Size": "each",
    "WOW ppu": ""
  },
  {
    "Brand_Product_Size": "Elastoplast Sport Kinesiology Tape each",
    "WOW Price": 7.5,
    "WOW Size": "each",
    "WOW ppu": "$7.50 / 1EA"
  },
  {
    "Brand_Product_Size": "The Juice Brothers Apple Pear & Blueberry 1.5L",
    "WOW Price": 7,
    "WOW Size": "1.5L",
    "WOW ppu": "$4.67 / 1L"
  },
  {
    "Brand_Product_Size": "Calidad Canon Ink Refill Pack each",
    "WOW Price": 30,
    "WOW Size": "each",
    "WOW ppu": ""
  },
  {
    "Brand_Product_Size": "Scholl Odour Buster Show Base Insoles each",
    "WOW Price": 8,
    "WOW Size": "each",
    "WOW ppu": "$8.00 / 1EA"
  },
  {
    "Brand_Product_Size": "Cadbury Roses Limited Edition 450g",
    "WOW Price": 12,
    "WOW Size": "450g",
    "WOW ppu": "$2.67 / 100G"
  },
  {
    "Brand_Product_Size": "Jarlsberg Lite Cheese Slices Sliced Cheese 150g",
    "WOW Price": 6.85,
    "WOW Size": "150g",
    "WOW ppu": "$45.67 / 1KG"
  },
  {
    "Brand_Product_Size": "Westgold Butter Salted 400g",
    "WOW Price": 5,
    "WOW Size": "400g",
    "WOW ppu": "$1.25 / 100G"
  },
  {
    "Brand_Product_Size": "John Frieda Violet Crush Purple Conditioner 250mL",
    "WOW Price": 18,
    "WOW Size": "250mL",
    "WOW ppu": "$7.20 / 100ML"
  },
  {
    "Brand_Product_Size": "Clio Girl Summer Glow Tight Natural T 90mm(w) X 250mm(h) X 15mm(d) each",
    "WOW Price": 5,
    "WOW Size": "each",
    "WOW ppu": ""
  },
  {
    "Brand_Product_Size": "Vitamilk Soy Thai Tea 300mL",
    "WOW Price": 1.65,
    "WOW Size": "300mL",
    "WOW ppu": "$5.50 / 1L"
  },
  {
    "Brand_Product_Size": "Lucky Dog Adult Meaty Chew Beef Dog Treats 4 pack",
    "WOW Price": 4.5,
    "WOW Size": "4 pack",
    "WOW ppu": "$4.69 / 100G"
  },
  {
    "Brand_Product_Size": "Bow Wow Treat Oinkers 4 pack",
    "WOW Price": 4.99,
    "WOW Size": "4 pack",
    "WOW ppu": "$1.25 / 1EA"
  },
  {
    "Brand_Product_Size": "Cadbury Caramilk Bar 45g",
    "WOW Price": 1.5,
    "WOW Size": "45g",
    "WOW ppu": "$3.33 / 100G"
  },
  {
    "Brand_Product_Size": "Waimete Mgo 100+ Manuka Honey Multifloral 250g",
    "WOW Price": 15.8,
    "WOW Size": "250g",
    "WOW ppu": "$6.32 / 100G"
  },
  {
    "Brand_Product_Size": "Heinz Spaghetti Tomato Sauce 300g",
    "WOW Price": 2,
    "WOW Size": "300g",
    "WOW ppu": "$0.67 / 100G"
  },
  {
    "Brand_Product_Size": "Decor Match-ups Oblong Container 350ml each",
    "WOW Price": 4,
    "WOW Size": "each",
    "WOW ppu": ""
  },
  {
    "Brand_Product_Size": "Cc's Corn Chips Tasty Cheese 175g",
    "WOW Price": 3.5,
    "WOW Size": "175g",
    "WOW ppu": "$2.00 / 100G"
  },
  {
    "Brand_Product_Size": "Maggie Beer Pear & Rosemary Paste 100g",
    "WOW Price": 6,
    "WOW Size": "100g",
    "WOW ppu": ""
  },
  {
    "Brand_Product_Size": "Woolworths Plantitude Satay Tofu With Jasmine Rice 350g",
    "WOW Price": 5,
    "WOW Size": "350g",
    "WOW ppu": "$1.43 / 100G"
  },
  {
    "Brand_Product_Size": "Leggos Providore Pesto Italian Basil 195g",
    "WOW Price": 5,
    "WOW Size": "195g",
    "WOW ppu": "$2.56 / 100G"
  },
  {
    "Brand_Product_Size": "Brunnings Rose Spray Rtu 1L",
    "WOW Price": 9,
    "WOW Size": "1L",
    "WOW ppu": "$0.90 / 100ML"
  },
  {
    "Brand_Product_Size": "L'oreal Paris Eye Liner Perfect Slim Intense Black each",
    "WOW Price": 11.5,
    "WOW Size": "each",
    "WOW ppu": "$16.43 / 10G"
  },
  {
    "Brand_Product_Size": "L'oreal Paris Casting Creme Gloss 600 Light Brown each",
    "WOW Price": 16,
    "WOW Size": "each",
    "WOW ppu": ""
  },
  {
    "Brand_Product_Size": "Bonds Mens Trainers Size 6 To 10 4 pack",
    "WOW Price": 10,
    "WOW Size": "4 pack",
    "WOW ppu": ""
  },
  {
    "Brand_Product_Size": "Always Fresh Crustini Crispbread Sesame And Sea Salt 125g",
    "WOW Price": 3.7,
    "WOW Size": "125g",
    "WOW ppu": "$2.96 / 100G"
  },
  {
    "Brand_Product_Size": "Essentials Packet Soup Mix Chicken Noodle 50g",
    "WOW Price": 0.45,
    "WOW Size": "50g",
    "WOW ppu": "$0.90 / 100G"
  },
  {
    "Brand_Product_Size": "Valvoline Fuel Injector Cleaner 700mL",
    "WOW Price": 16,
    "WOW Size": "700mL",
    "WOW ppu": ""
  },
  {
    "Brand_Product_Size": "Heinz Spaghetti & Sausages & Tomato Sauce 420g",
    "WOW Price": 1.9,
    "WOW Size": "420g",
    "WOW ppu": "$0.45 / 100G"
  },
  {
    "Brand_Product_Size": "Woolworths Freeze Dried Coffee Original 100g",
    "WOW Price": 4,
    "WOW Size": "100g",
    "WOW ppu": "$4.00 / 100G"
  },
  {
    "Brand_Product_Size": "Woolworths Freeze Dried Coffee Original 100g",
    "WOW Price": 4,
    "WOW Size": "100g",
    "WOW ppu": "$4.00 / 100G"
  },
  {
    "Brand_Product_Size": "Energizer Iphone Audio Cable 1.5 Metre each",
    "WOW Price": 35,
    "WOW Size": "each",
    "WOW ppu": ""
  },
  {
    "Brand_Product_Size": "Korbond Craft Glue Pen each",
    "WOW Price": 5,
    "WOW Size": "each",
    "WOW ppu": ""
  },
  {
    "Brand_Product_Size": "Apollo Adult Dog Food Tasty Chicken & Cheese 100g",
    "WOW Price": 0.8,
    "WOW Size": "100g",
    "WOW ppu": "$0.80 / 100G"
  },
  {
    "Brand_Product_Size": "Energizer Batteries 1220 each",
    "WOW Price": 5,
    "WOW Size": "each",
    "WOW ppu": "$5.00 / 1EA"
  },
  {
    "Brand_Product_Size": "Woolworths Dinner Serviettes Red 2 Ply 50 pack",
    "WOW Price": 5,
    "WOW Size": "50 pack",
    "WOW ppu": "$0.10 / 1EA"
  },
  {
    "Brand_Product_Size": "Karicare 1 Baby Infant Formula From Birth To 6 Months 900g",
    "WOW Price": 18,
    "WOW Size": "900g",
    "WOW ppu": "$2.00 / 100G"
  },
  {
    "Brand_Product_Size": "Woolworths Rspca Approved Diced Chicken Leg Fillet 500g",
    "WOW Price": 7,
    "WOW Size": "500g",
    "WOW ppu": "$14.00 / 1KG"
  },
  {
    "Brand_Product_Size": "Bulla Sour Cream Light Lactose Free 200g",
    "WOW Price": 3.2,
    "WOW Size": "200g",
    "WOW ppu": "$1.60 / 100G"
  },
  {
    "Brand_Product_Size": "Mcobeauty Natural Matte Bronzer Pressed Powder 16g",
    "WOW Price": 7.5,
    "WOW Size": "16g",
    "WOW ppu": "$4.69 / 10G"
  },
  {
    "Brand_Product_Size": "Armada Storage Bag Large Slider 15 pack",
    "WOW Price": 2,
    "WOW Size": "15 pack",
    "WOW ppu": "$0.13 / 1EA"
  },
  {
    "Brand_Product_Size": "Nescafe Gold Intense Soluble Instant Coffee 200g",
    "WOW Price": 11.5,
    "WOW Size": "200g",
    "WOW ppu": "$5.75 / 100G"
  },
  {
    "Brand_Product_Size": "Nescafe Gold Intense Soluble Instant Coffee 200g",
    "WOW Price": 11.5,
    "WOW Size": "200g",
    "WOW ppu": "$5.75 / 100G"
  },
  {
    "Brand_Product_Size": "Herbal Essences Smooth Golden Moringa Oil Conditioner 400mL",
    "WOW Price": 6,
    "WOW Size": "400mL",
    "WOW ppu": "$1.50 / 100ML"
  },
  {
    "Brand_Product_Size": "Clearasil Ultra Facial Wipes Deep Pore 65 pack",
    "WOW Price": 11.84,
    "WOW Size": "65 pack",
    "WOW ppu": "$0.18 / 1EA"
  },
  {
    "Brand_Product_Size": "Sprite Lemonade Bottle 2L",
    "WOW Price": 2.35,
    "WOW Size": "2L",
    "WOW ppu": "$1.18 / 1L"
  },
  {
    "Brand_Product_Size": "Trill Bird Honey Stick Variety Budgerigar 105g",
    "WOW Price": 3.99,
    "WOW Size": "105g",
    "WOW ppu": "$3.80 / 100G"
  },
  {
    "Brand_Product_Size": "Ocean Blue Ocean Trout Smoked 100g",
    "WOW Price": 6.2,
    "WOW Size": "100g",
    "WOW ppu": "$62.00 / 1KG"
  },
  {
    "Brand_Product_Size": "Cadbury Creamy Hazelnut Crunch 170g",
    "WOW Price": 3.5,
    "WOW Size": "170g",
    "WOW ppu": "$2.06 / 100G"
  },
  {
    "Brand_Product_Size": "Mayver's Smunchy Protein Plus Peanut Butter 375g",
    "WOW Price": 4.5,
    "WOW Size": "375g",
    "WOW ppu": "$1.20 / 100G"
  },
  {
    "Brand_Product_Size": "Lucky Kitchen Vegie Gyoza 750g",
    "WOW Price": 9.5,
    "WOW Size": "750g",
    "WOW ppu": "$1.27 / 100G"
  },
  {
    "Brand_Product_Size": "Westgold Full Cream Uht Milk 1L",
    "WOW Price": 1.75,
    "WOW Size": "1L",
    "WOW ppu": "$1.75 / 1L"
  },
  {
    "Brand_Product_Size": "Westgold Full Cream Uht Milk 1L",
    "WOW Price": 1.75,
    "WOW Size": "1L",
    "WOW ppu": "$1.75 / 1L"
  },
  {
    "Brand_Product_Size": "Woolworths Nut & Pretzel Crunch Mix 600g",
    "WOW Price": 7,
    "WOW Size": "600g",
    "WOW ppu": "$11.67 / 1KG"
  },
  {
    "Brand_Product_Size": "Mojo Kombucha Raspberry Blueberry 450mL",
    "WOW Price": 3.5,
    "WOW Size": "450mL",
    "WOW ppu": "$7.78 / 1L"
  },
  {
    "Brand_Product_Size": "Inspire Premium Bath Sheet Petrol each",
    "WOW Price": 26,
    "WOW Size": "each",
    "WOW ppu": ""
  },
  {
    "Brand_Product_Size": "Aloe Vera Tissues 3ply 95 pack",
    "WOW Price": 1.5,
    "WOW Size": "95 pack",
    "WOW ppu": "$1.58 / 100SS"
  },
  {
    "Brand_Product_Size": "Aloe Vera Tissues 3ply 95 pack",
    "WOW Price": 1.5,
    "WOW Size": "95 pack",
    "WOW ppu": "$1.58 / 100SS"
  },
  {
    "Brand_Product_Size": "Gillette Shaving Gel Sensitive Skin 200mL",
    "WOW Price": 6.2,
    "WOW Size": "200mL",
    "WOW ppu": "$3.16 / 100G"
  },
  {
    "Brand_Product_Size": "Woolworths Beetroot Sliced 425g",
    "WOW Price": 1.25,
    "WOW Size": "425g",
    "WOW ppu": "$2.94 / 1KG"
  },
  {
    "Brand_Product_Size": "Cadbury Old Gold Dark Chocolate Peppermint 180g",
    "WOW Price": 4.5,
    "WOW Size": "180g",
    "WOW ppu": "$2.50 / 100G"
  },
  {
    "Brand_Product_Size": "Organic Choice Candle Black Orchid & Smoked Sandalwood 220g",
    "WOW Price": 15,
    "WOW Size": "220g",
    "WOW ppu": "$0.75 / 10G"
  },
  {
    "Brand_Product_Size": "Woolworths Essentials Underwear Brief Size L 5 pack",
    "WOW Price": 14,
    "WOW Size": "5 pack",
    "WOW ppu": "$2.80 / 1EA"
  },
  {
    "Brand_Product_Size": "Philadelphia Lactose Free Spreadable 130g",
    "WOW Price": 4,
    "WOW Size": "130g",
    "WOW ppu": "$30.77 / 1KG"
  },
  {
    "Brand_Product_Size": "Yarra Valley Camembert 200g",
    "WOW Price": 7.5,
    "WOW Size": "200g",
    "WOW ppu": "$37.50 / 1KG"
  },
  {
    "Brand_Product_Size": "Yarra Valley Camembert 200g",
    "WOW Price": 7.5,
    "WOW Size": "200g",
    "WOW ppu": "$37.50 / 1KG"
  },
  {
    "Brand_Product_Size": "Essentials Sorbolene Body Cream 500mL",
    "WOW Price": 2.99,
    "WOW Size": "500mL",
    "WOW ppu": "$0.60 / 100ML"
  },
  {
    "Brand_Product_Size": "Baxter's Dog Food Casserole Lamb, Pasta & Veg 700g",
    "WOW Price": 1.3,
    "WOW Size": "700g",
    "WOW ppu": "$0.19 / 100G"
  },
  {
    "Brand_Product_Size": "Durex Pleasure Me Condoms 30 pack",
    "WOW Price": 15,
    "WOW Size": "30 pack",
    "WOW ppu": "$0.50 / 1EA"
  },
  {
    "Brand_Product_Size": "Hoyt's Mixed Spice 25g",
    "WOW Price": 1.45,
    "WOW Size": "25g",
    "WOW ppu": "$0.58 / 10G"
  },
  {
    "Brand_Product_Size": "Deep Cove Pink Salmon 105g",
    "WOW Price": 2.8,
    "WOW Size": "105g",
    "WOW ppu": "$26.67 / 1KG"
  },
  {
    "Brand_Product_Size": "Woolworths Choccy Mints Biscuit 200g",
    "WOW Price": 1.65,
    "WOW Size": "200g",
    "WOW ppu": "$0.83 / 100G"
  },
  {
    "Brand_Product_Size": "Bonds Zip Wondersuit Disney Mickey Pink Size 000 each",
    "WOW Price": 30,
    "WOW Size": "each",
    "WOW ppu": ""
  },
  {
    "Brand_Product_Size": "Massel Stock Powder Beef 168g",
    "WOW Price": 3.45,
    "WOW Size": "168g",
    "WOW ppu": "$0.21 / 10G"
  },
  {
    "Brand_Product_Size": "Huy Fong Sriracha 482g",
    "WOW Price": 5.9,
    "WOW Size": "482g",
    "WOW ppu": "$1.23 / 100G"
  },
  {
    "Brand_Product_Size": "Felix Adult Doubly Delicious Mixed Selection Wet Cat Food 85g x12 pack",
    "WOW Price": 11.5,
    "WOW Size": "85g x12 pack",
    "WOW ppu": "$1.13 / 100G"
  },
  {
    "Brand_Product_Size": "Woolworths Angus Beef Burgers Sea Salt & Pepper 450g",
    "WOW Price": 7.5,
    "WOW Size": "450g",
    "WOW ppu": "$16.67 / 1KG"
  },
  {
    "Brand_Product_Size": "Pantene Pro-v Smooth & Sleek Shampoo 900mL",
    "WOW Price": 8.5,
    "WOW Size": "900mL",
    "WOW ppu": "$0.94 / 100ML"
  },
  {
    "Brand_Product_Size": "Sour Patch Kids Cola Lollies 220g",
    "WOW Price": 4,
    "WOW Size": "220g",
    "WOW ppu": "$1.82 / 100G"
  },
  {
    "Brand_Product_Size": "Maggi Marketplace Sweet Chilli & Lemongrass Recipe Mix 150g",
    "WOW Price": 3,
    "WOW Size": "150g",
    "WOW ppu": "$2.00 / 100G"
  },
  {
    "Brand_Product_Size": "Shelby's Almonds Yogurt & Cinnamon 40g",
    "WOW Price": 3,
    "WOW Size": "40g",
    "WOW ppu": "$7.50 / 100G"
  },
  {
    "Brand_Product_Size": "Colourhide Mickey Mouse Pencil Case Black each",
    "WOW Price": 9,
    "WOW Size": "each",
    "WOW ppu": ""
  },
  {
    "Brand_Product_Size": "Heinz Spaghetti Tomato Sauce 130g",
    "WOW Price": 1.1,
    "WOW Size": "130g",
    "WOW ppu": "$0.85 / 100G"
  },
  {
    "Brand_Product_Size": "Woolworths Thai Style Salad Kit 315g",
    "WOW Price": 5,
    "WOW Size": "315g",
    "WOW ppu": "$1.59 / 100G"
  },
  {
    "Brand_Product_Size": "Woolworths Thai Style Salad Kit 315g",
    "WOW Price": 5,
    "WOW Size": "315g",
    "WOW ppu": "$1.59 / 100G"
  },
  {
    "Brand_Product_Size": "Woolworths Thai Style Salad Kit 315g",
    "WOW Price": 5,
    "WOW Size": "315g",
    "WOW ppu": "$1.59 / 100G"
  },
  {
    "Brand_Product_Size": "Angas Park Protein Boost Super Blend 200g",
    "WOW Price": 5.5,
    "WOW Size": "200g",
    "WOW ppu": "$27.50 / 1KG"
  },
  {
    "Brand_Product_Size": "Rose's English Breakfast Marmalade 500g",
    "WOW Price": 3.85,
    "WOW Size": "500g",
    "WOW ppu": "$0.77 / 100G"
  },
  {
    "Brand_Product_Size": "Libra Ultra Thins Sanitary Pads Thin Regular 14 pack",
    "WOW Price": 2.9,
    "WOW Size": "14 pack",
    "WOW ppu": "$0.21 / 1EA"
  },
  {
    "Brand_Product_Size": "Twisties Cheese Snacks Multipack 6 pack",
    "WOW Price": 3.15,
    "WOW Size": "6 pack",
    "WOW ppu": "$2.76 / 100G"
  },
  {
    "Brand_Product_Size": "Twisties Cheese Snacks Multipack 6 pack",
    "WOW Price": 3.15,
    "WOW Size": "6 pack",
    "WOW ppu": "$2.76 / 100G"
  },
  {
    "Brand_Product_Size": "Natures Goodness Adult Dog Food Roast Meat & Sweet Potato 2.15kg",
    "WOW Price": 5.6,
    "WOW Size": "2.15kg",
    "WOW ppu": "$0.26 / 100G"
  },
  {
    "Brand_Product_Size": "Armada Jumbo Trolley Liner Garbage Bags 4 pack",
    "WOW Price": 0.95,
    "WOW Size": "4 pack",
    "WOW ppu": "$0.24 / 1EA"
  },
  {
    "Brand_Product_Size": "Almond Breeze Flavoured Chocolate Milk 1L",
    "WOW Price": 2,
    "WOW Size": "1L",
    "WOW ppu": "$2.00 / 1L"
  },
  {
    "Brand_Product_Size": "Almond Breeze Flavoured Chocolate Milk 1L",
    "WOW Price": 2,
    "WOW Size": "1L",
    "WOW ppu": "$2.00 / 1L"
  },
  {
    "Brand_Product_Size": "Revlon Colorstay Pressed Powder Medium 8.4g",
    "WOW Price": 17.5,
    "WOW Size": "8.4g",
    "WOW ppu": "$20.83 / 10G"
  },
  {
    "Brand_Product_Size": "Woolworths Smoked Oysters In Springwater 85g",
    "WOW Price": 1.5,
    "WOW Size": "85g",
    "WOW ppu": "$17.65 / 1KG"
  },
  {
    "Brand_Product_Size": "Pepsi Bottle 2L",
    "WOW Price": 2.15,
    "WOW Size": "2L",
    "WOW ppu": "$1.08 / 1L"
  },
  {
    "Brand_Product_Size": "Smith's Crinkle Cut Chips Multipack Variety 20 pack",
    "WOW Price": 5.5,
    "WOW Size": "20 pack",
    "WOW ppu": "$1.45 / 100G"
  },
  {
    "Brand_Product_Size": "Smith's Crinkle Cut Chips Multipack Variety 20 pack",
    "WOW Price": 5.5,
    "WOW Size": "20 pack",
    "WOW ppu": "$1.45 / 100G"
  },
  {
    "Brand_Product_Size": "Air Wick Pure Beach Escapes Tropical Whitsundays Reed Diffuser 25mL",
    "WOW Price": 9.6,
    "WOW Size": "25mL",
    "WOW ppu": "$3.84 / 10ML"
  },
  {
    "Brand_Product_Size": "Parker's Baked Pretzels Chips Multipack Sour Cream & Chives 25g x5 pack",
    "WOW Price": 3.1,
    "WOW Size": "25g x5 pack",
    "WOW ppu": "$2.48 / 100G"
  },
  {
    "Brand_Product_Size": "Oscar Orsen Rubber Bobby Pins Blond 60 pack",
    "WOW Price": 5,
    "WOW Size": "60 pack",
    "WOW ppu": ""
  },
  {
    "Brand_Product_Size": "Ginger Fresh per kg",
    "WOW Price": 55,
    "WOW Size": "per kg",
    "WOW ppu": "$55.00 / 1KG"
  },
  {
    "Brand_Product_Size": "Hart & Soul Chicken Bone Broth Soup 350g",
    "WOW Price": 4,
    "WOW Size": "350g",
    "WOW ppu": "$1.14 / 100G"
  },
  {
    "Brand_Product_Size": "Clairol Nice N Easy 2 Natural Black each",
    "WOW Price": 9,
    "WOW Size": "each",
    "WOW ppu": ""
  },
  {
    "Brand_Product_Size": "Five:am Organic Vanilla Bean Yoghurt 700g",
    "WOW Price": 6,
    "WOW Size": "700g",
    "WOW ppu": "$0.86 / 100G"
  },
  {
    "Brand_Product_Size": "Decor Microsafe 5 Piece Pack each",
    "WOW Price": 8.5,
    "WOW Size": "each",
    "WOW ppu": ""
  },
  {
    "Brand_Product_Size": "Il Molino Pizza Flour 1kg",
    "WOW Price": 3,
    "WOW Size": "1kg",
    "WOW ppu": "$3.00 / 1KG"
  },
  {
    "Brand_Product_Size": "Gillette Venus Comfortglide Handle & 2 Refills each",
    "WOW Price": 22,
    "WOW Size": "each",
    "WOW ppu": "$22.00 / 1EA"
  },
  {
    "Brand_Product_Size": "Essentials Pegs 60 pack",
    "WOW Price": 3.5,
    "WOW Size": "60 pack",
    "WOW ppu": ""
  },
  {
    "Brand_Product_Size": "Woolworths Fresh Large Tiger Prawn per kg",
    "WOW Price": 30,
    "WOW Size": "per kg",
    "WOW ppu": "$30.00 / 1KG"
  },
  {
    "Brand_Product_Size": "Hydralyte Effervescent Electrolyte Tablets Apple Blackcurrant 40 pack",
    "WOW Price": 22,
    "WOW Size": "40 pack",
    "WOW ppu": "$0.55 / 1EA"
  },
  {
    "Brand_Product_Size": "Blackmores Vitamin D3 200 capsuLes",
    "WOW Price": 28,
    "WOW Size": "200 capsuLes",
    "WOW ppu": "$14.00 / 100EA"
  },
  {
    "Brand_Product_Size": "Maggie Beer Ploughman's Chutney 170g",
    "WOW Price": 7,
    "WOW Size": "170g",
    "WOW ppu": "$41.18 / 1KG"
  },
  {
    "Brand_Product_Size": "Maggie Beer Ploughman's Chutney 170g",
    "WOW Price": 7,
    "WOW Size": "170g",
    "WOW ppu": "$41.18 / 1KG"
  },
  {
    "Brand_Product_Size": "Woolworths Sweet & Sour Pork 350g",
    "WOW Price": 7.5,
    "WOW Size": "350g",
    "WOW ppu": "$2.14 / 100G"
  },
  {
    "Brand_Product_Size": "Leggos Fresh Veal Tortellini 630g",
    "WOW Price": 8,
    "WOW Size": "630g",
    "WOW ppu": "$1.27 / 100G"
  },
  {
    "Brand_Product_Size": "Babylove Nappy Pants Toddler 9-14kg 28 pack",
    "WOW Price": 12,
    "WOW Size": "28 pack",
    "WOW ppu": "$0.43 / 1EA"
  },
  {
    "Brand_Product_Size": "Supercoat Puppy Chicken Dry Dog Food Chicken 7.5kg",
    "WOW Price": 29,
    "WOW Size": "7.5kg",
    "WOW ppu": "$0.39 / 100G"
  },
  {
    "Brand_Product_Size": "Woolworths Cook Slow Cooked Beef Ribs In Sweet 'n' Smokey Bbq Sauce 800g - 1.3kg",
    "WOW Price": 28.6,
    "WOW Size": "800g - 1.3kg",
    "WOW ppu": "$22.00 / 1KG"
  },
  {
    "Brand_Product_Size": "Woolworths Zinc Clear 100mL",
    "WOW Price": 9.5,
    "WOW Size": "100mL",
    "WOW ppu": "$9.50 / 100G"
  },
  {
    "Brand_Product_Size": "Girnar Cardamom Chai Instant Tea Premix 140g",
    "WOW Price": 4.5,
    "WOW Size": "140g",
    "WOW ppu": "$3.21 / 100G"
  },
  {
    "Brand_Product_Size": "Berocca Energy Vitamin Orange Effervescent Tablets 30 pack",
    "WOW Price": 17.3,
    "WOW Size": "30 pack",
    "WOW ppu": "$57.67 / 100EA"
  },
  {
    "Brand_Product_Size": "Wai Wai Oriental Instant Noodles 60g",
    "WOW Price": 0.65,
    "WOW Size": "60g",
    "WOW ppu": "$1.08 / 100G"
  },
  {
    "Brand_Product_Size": "Nestle Kitkat Original Milk Chocolate Block 170g",
    "WOW Price": 3,
    "WOW Size": "170g",
    "WOW ppu": "$1.76 / 100G"
  },
  {
    "Brand_Product_Size": "La Molisana Pastificio Extra Di Lusso Wholewheat Spaghetti 500g",
    "WOW Price": 3,
    "WOW Size": "500g",
    "WOW ppu": "$0.60 / 100G"
  },
  {
    "Brand_Product_Size": "Nestle Plaistowe Cooking Chocolate Extra Creamy Premium White 180g",
    "WOW Price": 4,
    "WOW Size": "180g",
    "WOW ppu": "$2.22 / 100G"
  },
  {
    "Brand_Product_Size": "Heinz Seriously Good Aioli Garlic Mayonnaise 295mL",
    "WOW Price": 3.5,
    "WOW Size": "295mL",
    "WOW ppu": "$1.19 / 100ML"
  },
  {
    "Brand_Product_Size": "Crayola Color & Sticker Book Peppa Pig each",
    "WOW Price": 5,
    "WOW Size": "each",
    "WOW ppu": ""
  },
  {
    "Brand_Product_Size": "Le Tan Classic Foaming Mousse Light To Meddium 110mL",
    "WOW Price": 9,
    "WOW Size": "110mL",
    "WOW ppu": "$8.18 / 100ML"
  },
  {
    "Brand_Product_Size": "Praise Deli Style Creamy Roast Garlic 250mL",
    "WOW Price": 2.95,
    "WOW Size": "250mL",
    "WOW ppu": "$1.18 / 100ML"
  },
  {
    "Brand_Product_Size": "Strength Meals Co Chicken Paella 350g",
    "WOW Price": 9,
    "WOW Size": "350g",
    "WOW ppu": "$2.57 / 100G"
  },
  {
    "Brand_Product_Size": "Garnier Fructis Nutri-repair 3 Shampoo 850mL",
    "WOW Price": 7.5,
    "WOW Size": "850mL",
    "WOW ppu": "$0.88 / 100ML"
  },
  {
    "Brand_Product_Size": "Sharpie Marker Neon Fine Assorted 5 pack",
    "WOW Price": 11,
    "WOW Size": "5 pack",
    "WOW ppu": ""
  },
  {
    "Brand_Product_Size": "L'oreal Paris Volume Million Lashes Waterproof Black Mascara 9mL",
    "WOW Price": 12.5,
    "WOW Size": "9mL",
    "WOW ppu": "$13.89 / 10ML"
  },
  {
    "Brand_Product_Size": "Applaws Dog Tins Chicken Selection 5 pack",
    "WOW Price": 12.5,
    "WOW Size": "5 pack",
    "WOW ppu": "$1.60 / 100G"
  },
  {
    "Brand_Product_Size": "Woolworths Folder Paper A4 Reinforced Refills 100 pack",
    "WOW Price": 3,
    "WOW Size": "100 pack",
    "WOW ppu": ""
  },
  {
    "Brand_Product_Size": "Macro Organic Orange Marmalade 250g",
    "WOW Price": 1.7,
    "WOW Size": "250g",
    "WOW ppu": "$0.68 / 100G"
  },
  {
    "Brand_Product_Size": "Woolworths Creamed Corn 400g",
    "WOW Price": 0.9,
    "WOW Size": "400g",
    "WOW ppu": "$2.25 / 1KG"
  },
  {
    "Brand_Product_Size": "Always Fresh Artisan Collection Black Olives Pitted 220g",
    "WOW Price": 3.5,
    "WOW Size": "220g",
    "WOW ppu": "$1.59 / 100G"
  },
  {
    "Brand_Product_Size": "Purina Pixar Dog Collar Small Assorted each",
    "WOW Price": 17,
    "WOW Size": "each",
    "WOW ppu": "$17.00 / 1EA"
  },
  {
    "Brand_Product_Size": "Reese's Peanut Butter Chips 283g",
    "WOW Price": 5,
    "WOW Size": "283g",
    "WOW ppu": "$1.77 / 100G"
  },
  {
    "Brand_Product_Size": "Edco Handy Sponge 5 pack",
    "WOW Price": 2.7,
    "WOW Size": "5 pack",
    "WOW ppu": "$0.54 / 1EA"
  },
  {
    "Brand_Product_Size": "Raid Night&day Refill Control Fly & Mosquito Protection 4.2g",
    "WOW Price": 13,
    "WOW Size": "4.2g",
    "WOW ppu": "$309.52 / 100G"
  },
  {
    "Brand_Product_Size": "The Apple Press Pink Lady Cold Pressed Apple 1.5L",
    "WOW Price": 5.5,
    "WOW Size": "1.5L",
    "WOW ppu": "$3.67 / 1L"
  },
  {
    "Brand_Product_Size": "Iberogast Oral Liquid 50mL",
    "WOW Price": 22.5,
    "WOW Size": "50mL",
    "WOW ppu": "$45.00 / 100ML"
  },
  {
    "Brand_Product_Size": "Dole Premium Crushed Pineapple 432g",
    "WOW Price": 1.8,
    "WOW Size": "432g",
    "WOW ppu": "$4.17 / 1KG"
  },
  {
    "Brand_Product_Size": "Scholl Fresh Step Anti Perspirant Spray 96g",
    "WOW Price": 8.8,
    "WOW Size": "96g",
    "WOW ppu": "$9.17 / 100G"
  },
  {
    "Brand_Product_Size": "Wiltshire Round Pan 20cm each",
    "WOW Price": 8,
    "WOW Size": "each",
    "WOW ppu": ""
  },
  {
    "Brand_Product_Size": "Essentials Dinner Set 12 Piece each",
    "WOW Price": 19,
    "WOW Size": "each",
    "WOW ppu": ""
  },
  {
    "Brand_Product_Size": "Doritos Crackers Southern Fried Chicken 160g",
    "WOW Price": 2,
    "WOW Size": "160g",
    "WOW ppu": "$1.25 / 100G"
  },
  {
    "Brand_Product_Size": "Fantastic Delites Snacks Honey Soy Chicken 100g",
    "WOW Price": 1.5,
    "WOW Size": "100g",
    "WOW ppu": "$1.50 / 100G"
  },
  {
    "Brand_Product_Size": "Arm & Hammer Clump & Seal Multi Cat Litter 6.35kg",
    "WOW Price": 22,
    "WOW Size": "6.35kg",
    "WOW ppu": "$3.46 / 1KG"
  },
  {
    "Brand_Product_Size": "Ansell Gloves Silverlined Large Size 9 1 pair",
    "WOW Price": 3.2,
    "WOW Size": "1 pair",
    "WOW ppu": "$3.20 / 1EA"
  },
  {
    "Brand_Product_Size": "Centrum For Men Multivitamin 60 pack",
    "WOW Price": 20,
    "WOW Size": "60 pack",
    "WOW ppu": "$33.33 / 100EA"
  },
  {
    "Brand_Product_Size": "Philips Led 470lm Sbc Candle Ww Clear each",
    "WOW Price": 6.5,
    "WOW Size": "each",
    "WOW ppu": "$6.50 / 1EA"
  },
  {
    "Brand_Product_Size": "Fancy Feast Adult Medleys Florentine Collection Wet Cat Food 85g x12 pack",
    "WOW Price": 17.5,
    "WOW Size": "85g x12 pack",
    "WOW ppu": "$1.72 / 100G"
  },
  {
    "Brand_Product_Size": "Masterfoods Smokey Texan Barbecue Style Marinade 160g",
    "WOW Price": 2.4,
    "WOW Size": "160g",
    "WOW ppu": "$1.50 / 100G"
  },
  {
    "Brand_Product_Size": "Woolworths Apple & Blackcurrant Juice 6x250mL",
    "WOW Price": 2.9,
    "WOW Size": "6x250mL",
    "WOW ppu": "$1.93 / 1L"
  },
  {
    "Brand_Product_Size": "Woolworths Apple & Blackcurrant Juice 6x250mL",
    "WOW Price": 2.9,
    "WOW Size": "6x250mL",
    "WOW ppu": "$1.93 / 1L"
  },
  {
    "Brand_Product_Size": "Byron Bay Original Honey 500g",
    "WOW Price": 9.35,
    "WOW Size": "500g",
    "WOW ppu": "$1.87 / 100G"
  },
  {
    "Brand_Product_Size": "Flora Margarine Spread Original 500g",
    "WOW Price": 3.3,
    "WOW Size": "500g",
    "WOW ppu": "$0.66 / 100G"
  },
  {
    "Brand_Product_Size": "Flora Margarine Spread Original 500g",
    "WOW Price": 3.3,
    "WOW Size": "500g",
    "WOW ppu": "$0.66 / 100G"
  },
  {
    "Brand_Product_Size": "Flora Margarine Spread Original 500g",
    "WOW Price": 3.3,
    "WOW Size": "500g",
    "WOW ppu": "$0.66 / 100G"
  },
  {
    "Brand_Product_Size": "Sunstone Balsamic Vinegar Caramelised 250mL",
    "WOW Price": 16.9,
    "WOW Size": "250mL",
    "WOW ppu": "$6.76 / 100ML"
  },
  {
    "Brand_Product_Size": "Huggies Ultimate Micellar Water Baby Wipes 64 pack",
    "WOW Price": 6,
    "WOW Size": "64 pack",
    "WOW ppu": "$9.38 / 100EA"
  },
  {
    "Brand_Product_Size": "Evergreen Firm Tofu 900g",
    "WOW Price": 4.5,
    "WOW Size": "900g",
    "WOW ppu": "$5.00 / 1KG"
  },
  {
    "Brand_Product_Size": "Brunswick Original Kipper 100g",
    "WOW Price": 2.1,
    "WOW Size": "100g",
    "WOW ppu": "$21.00 / 1KG"
  },
  {
    "Brand_Product_Size": "Gravox Gravy Liquid Lamb & Rosemary 250g",
    "WOW Price": 2.85,
    "WOW Size": "250g",
    "WOW ppu": "$1.14 / 100G"
  },
  {
    "Brand_Product_Size": "Murray River Organics Mylk Chocolate Diced Apricots 110g",
    "WOW Price": 5,
    "WOW Size": "110g",
    "WOW ppu": "$4.55 / 100G"
  },
  {
    "Brand_Product_Size": "Red Rock Deli Roast Tomato Feta Basil & Cashew Dip 150g",
    "WOW Price": 4.5,
    "WOW Size": "150g",
    "WOW ppu": "$3.00 / 100G"
  },
  {
    "Brand_Product_Size": "Golden Circle Beetroot Diced 450g",
    "WOW Price": 2,
    "WOW Size": "450g",
    "WOW ppu": "$4.44 / 1KG"
  },
  {
    "Brand_Product_Size": "Essano Argan Oil Hair Recovery Serum 50mL",
    "WOW Price": 16,
    "WOW Size": "50mL",
    "WOW ppu": "$32.00 / 100ML"
  },
  {
    "Brand_Product_Size": "Maybelline Matte Ink Longwear Liquid Lipstick - Pathfinder 150 5mL",
    "WOW Price": 11,
    "WOW Size": "5mL",
    "WOW ppu": "$22.00 / 10ML"
  },
  {
    "Brand_Product_Size": "Always Fresh Sicilian Olives Pitted 230g",
    "WOW Price": 3.3,
    "WOW Size": "230g",
    "WOW ppu": "$14.35 / 1KG"
  },
  {
    "Brand_Product_Size": "Tommee Tippee First Cutlery Set each",
    "WOW Price": 10,
    "WOW Size": "each",
    "WOW ppu": ""
  },
  {
    "Brand_Product_Size": "Nature's Way Protein Powder Instant Natural 375g",
    "WOW Price": 21,
    "WOW Size": "375g",
    "WOW ppu": "$5.60 / 100G"
  },
  {
    "Brand_Product_Size": "Bega Dark Roast Smooth Peanut Butter 470g",
    "WOW Price": 4.5,
    "WOW Size": "470g",
    "WOW ppu": "$0.96 / 100G"
  },
  {
    "Brand_Product_Size": "Gravox Gravy Mix Instant Chicken 120g",
    "WOW Price": 3.5,
    "WOW Size": "120g",
    "WOW ppu": "$0.29 / 10G"
  },
  {
    "Brand_Product_Size": "Bellamy's Organic Banana & Apple Porridge 4 Months 120g",
    "WOW Price": 2,
    "WOW Size": "120g",
    "WOW ppu": "$1.67 / 100G"
  },
  {
    "Brand_Product_Size": "L'oreal Paris Revitalift Rich Night Cream 50mL",
    "WOW Price": 19.75,
    "WOW Size": "50mL",
    "WOW ppu": "$39.50 / 100ML"
  },
  {
    "Brand_Product_Size": "Heinz Baked Beans No Added Sugar 220g x3 pack",
    "WOW Price": 4,
    "WOW Size": "220g x3 pack",
    "WOW ppu": "$0.61 / 100G"
  },
  {
    "Brand_Product_Size": "Garnier Olia Permanent Hair Colour 4.0 Dark Brown each",
    "WOW Price": 17,
    "WOW Size": "each",
    "WOW ppu": ""
  },
  {
    "Brand_Product_Size": "Calbee Golden Chipees Lightly Salted 100g",
    "WOW Price": 3,
    "WOW Size": "100g",
    "WOW ppu": "$3.00 / 100G"
  },
  {
    "Brand_Product_Size": "Mersey Valley Pickled Onion Cheddar Cheese 235g",
    "WOW Price": 5.5,
    "WOW Size": "235g",
    "WOW ppu": "$23.40 / 1KG"
  },
  {
    "Brand_Product_Size": "Mersey Valley Pickled Onion Cheddar Cheese 235g",
    "WOW Price": 5.5,
    "WOW Size": "235g",
    "WOW ppu": "$23.40 / 1KG"
  },
  {
    "Brand_Product_Size": "First Force Insect Control System Kit each",
    "WOW Price": 15,
    "WOW Size": "each",
    "WOW ppu": "$15.00 / 1EA"
  },
  {
    "Brand_Product_Size": "Maybelline Fit Me Matte Pore Powder Natural Beige 8.5g",
    "WOW Price": 7.5,
    "WOW Size": "8.5g",
    "WOW ppu": "$8.82 / 10G"
  },
  {
    "Brand_Product_Size": "Jelly Belly 3d Gel Duo Vent Tangerine Air Freshener each",
    "WOW Price": 7,
    "WOW Size": "each",
    "WOW ppu": "$50.00 / 100G"
  },
  {
    "Brand_Product_Size": "Maggie Beer Plum & Shiraz Paste 100g",
    "WOW Price": 6,
    "WOW Size": "100g",
    "WOW ppu": "$6.00 / 100G"
  },
  {
    "Brand_Product_Size": "Golden Wok Diana Chan Szechuan Peppered Pork Dumpling 230g",
    "WOW Price": 5,
    "WOW Size": "230g",
    "WOW ppu": "$2.17 / 100G"
  },
  {
    "Brand_Product_Size": "Just Caught Prawn Meat 500g",
    "WOW Price": 24,
    "WOW Size": "500g",
    "WOW ppu": "$48.00 / 1KG"
  },
  {
    "Brand_Product_Size": "Just Caught Prawn Meat 500g",
    "WOW Price": 24,
    "WOW Size": "500g",
    "WOW ppu": "$48.00 / 1KG"
  },
  {
    "Brand_Product_Size": "Deep Heat Original  Heat Rub 100g",
    "WOW Price": 5.6,
    "WOW Size": "100g",
    "WOW ppu": "$5.60 / 100G"
  },
  {
    "Brand_Product_Size": "Babylove Cosifit Bulk Nappies Toddler 34 pack",
    "WOW Price": 14,
    "WOW Size": "34 pack",
    "WOW ppu": "$0.41 / 1EA"
  },
  {
    "Brand_Product_Size": "Grand Italian Pumpkin Gnocchi 500 g",
    "WOW Price": 5,
    "WOW Size": "500 g",
    "WOW ppu": "$1.00 / 100G"
  },
  {
    "Brand_Product_Size": "Woolworths Salsa Chunky Mild 375g",
    "WOW Price": 3.29,
    "WOW Size": "375g",
    "WOW ppu": "$0.88 / 100G"
  },
  {
    "Brand_Product_Size": "Sprite Can 250mL",
    "WOW Price": 2.25,
    "WOW Size": "250mL",
    "WOW ppu": "$9.00 / 1L"
  },
  {
    "Brand_Product_Size": "Carefree Barely There Panty Liners Ultra Thin Breathable 42 pack",
    "WOW Price": 4.5,
    "WOW Size": "42 pack",
    "WOW ppu": "$0.11 / 1EA"
  },
  {
    "Brand_Product_Size": "Oob Organic Frozen Strawberries 500g",
    "WOW Price": 8.5,
    "WOW Size": "500g",
    "WOW ppu": "$17.00 / 1KG"
  },
  {
    "Brand_Product_Size": "Vitasoy Rice Milk 1L",
    "WOW Price": 3,
    "WOW Size": "1L",
    "WOW ppu": "$3.00 / 1L"
  },
  {
    "Brand_Product_Size": "Vitasoy Rice Milk 1L",
    "WOW Price": 3,
    "WOW Size": "1L",
    "WOW ppu": "$3.00 / 1L"
  },
  {
    "Brand_Product_Size": "U By Kotex Overnight Pads Extra 10 pack",
    "WOW Price": 3.2,
    "WOW Size": "10 pack",
    "WOW ppu": "$0.32 / 1EA"
  },
  {
    "Brand_Product_Size": "Tilda Microwave Coco Chilli & Lemongrass Rice 250g",
    "WOW Price": 3,
    "WOW Size": "250g",
    "WOW ppu": "$1.20 / 100G"
  },
  {
    "Brand_Product_Size": "Supreme Clean White Bleach Eucalyptus 2L",
    "WOW Price": 3.99,
    "WOW Size": "2L",
    "WOW ppu": "$2.00 / 1L"
  },
  {
    "Brand_Product_Size": "Mccain Frozen Peas 500g",
    "WOW Price": 2,
    "WOW Size": "500g",
    "WOW ppu": "$4.00 / 1KG"
  },
  {
    "Brand_Product_Size": "Bega Cream Cheese Spread Spread 250g",
    "WOW Price": 3.8,
    "WOW Size": "250g",
    "WOW ppu": "$15.20 / 1KG"
  },
  {
    "Brand_Product_Size": "Woolworths Jellies Spearmint 225g",
    "WOW Price": 2,
    "WOW Size": "225g",
    "WOW ppu": "$0.89 / 100G"
  },
  {
    "Brand_Product_Size": "Dole Premium Pineapple Slices In Syrup 439g",
    "WOW Price": 1.8,
    "WOW Size": "439g",
    "WOW ppu": "$4.10 / 1KG"
  },
  {
    "Brand_Product_Size": "Hatchimals Colleggtibles each",
    "WOW Price": 6,
    "WOW Size": "each",
    "WOW ppu": ""
  },
  {
    "Brand_Product_Size": "Nissin Noodle Bowl Sesame Oil Flavour 110g",
    "WOW Price": 1.95,
    "WOW Size": "110g",
    "WOW ppu": "$1.77 / 100G"
  },
  {
    "Brand_Product_Size": "Urbane Mess Hair Styling Fibre 85g",
    "WOW Price": 8,
    "WOW Size": "85g",
    "WOW ppu": "$9.41 / 100G"
  },
  {
    "Brand_Product_Size": "Plant Derived Anti Lime Scale Eucalyptus Toilet Cleaner 2 pack",
    "WOW Price": 6,
    "WOW Size": "2 pack",
    "WOW ppu": "$3.00 / 1EA"
  },
  {
    "Brand_Product_Size": "Colgate Plax Alcohol Free Mouthwash Peppermint 500mL",
    "WOW Price": 3,
    "WOW Size": "500mL",
    "WOW ppu": "$0.60 / 100ML"
  },
  {
    "Brand_Product_Size": "Passage To India Simmer Sauce Curry Balti 375g",
    "WOW Price": 4.7,
    "WOW Size": "375g",
    "WOW ppu": "$1.25 / 100G"
  },
  {
    "Brand_Product_Size": "Woolworths Essentials Underwear Women's Full Brief Size 16-18 each",
    "WOW Price": 10,
    "WOW Size": "each",
    "WOW ppu": ""
  },
  {
    "Brand_Product_Size": "Kambrook 1.7l Kettle each",
    "WOW Price": 49,
    "WOW Size": "each",
    "WOW ppu": ""
  },
  {
    "Brand_Product_Size": "White Wings Pancake Mix Original Shaker 350g",
    "WOW Price": 2.5,
    "WOW Size": "350g",
    "WOW ppu": "$0.71 / 100G"
  },
  {
    "Brand_Product_Size": "Aussie Bodies Lo Carb Protein Bar Whip'd Choc Mint 4x30g",
    "WOW Price": 9,
    "WOW Size": "4x30g",
    "WOW ppu": "$7.50 / 100G"
  },
  {
    "Brand_Product_Size": "Gravox Gourmet Gravy Peppercorn With Cream 165g",
    "WOW Price": 1.75,
    "WOW Size": "165g",
    "WOW ppu": "$1.06 / 100G"
  },
  {
    "Brand_Product_Size": "Woolworths A4 Writing Pad 3 pack",
    "WOW Price": 5,
    "WOW Size": "3 pack",
    "WOW ppu": ""
  },
  {
    "Brand_Product_Size": "Biozet Attack Plus Eliminator 2L",
    "WOW Price": 11,
    "WOW Size": "2L",
    "WOW ppu": "$5.50 / 1L"
  },
  {
    "Brand_Product_Size": "Old El Paso Mexican Burrito Tortillas Jumbo 6 pack",
    "WOW Price": 4.2,
    "WOW Size": "6 pack",
    "WOW ppu": "$0.93 / 100G"
  },
  {
    "Brand_Product_Size": "Sharpie S Gel Comfort Grip Pens Medium Black Ink 2 pack",
    "WOW Price": 4.9,
    "WOW Size": "2 pack",
    "WOW ppu": ""
  },
  {
    "Brand_Product_Size": "Sunsol Pro-biotic Almond Cashew & Chia Toasted Muesli 400g",
    "WOW Price": 5,
    "WOW Size": "400g",
    "WOW ppu": "$1.25 / 100G"
  },
  {
    "Brand_Product_Size": "Quorn Vegan Breaded Schnitzel 200g",
    "WOW Price": 6.2,
    "WOW Size": "200g",
    "WOW ppu": "$3.10 / 100G"
  },
  {
    "Brand_Product_Size": "Robern Apricot Indulgence 200g",
    "WOW Price": 2.45,
    "WOW Size": "200g",
    "WOW ppu": "$12.25 / 1KG"
  },
  {
    "Brand_Product_Size": "Sandhurst Cucumbers Sandwich Stacker 500g",
    "WOW Price": 4.2,
    "WOW Size": "500g",
    "WOW ppu": "$8.40 / 1KG"
  },
  {
    "Brand_Product_Size": "Golden Circle Apple & Raspberry Cordial 2L",
    "WOW Price": 3,
    "WOW Size": "2L",
    "WOW ppu": "$1.50 / 1L"
  },
  {
    "Brand_Product_Size": "New Idea Magazine each",
    "WOW Price": 5.2,
    "WOW Size": "each",
    "WOW ppu": ""
  },
  {
    "Brand_Product_Size": "Palmer's Shea Butter Hand Cream 60g",
    "WOW Price": 3.5,
    "WOW Size": "60g",
    "WOW ppu": "$5.83 / 100G"
  },
  {
    "Brand_Product_Size": "Zenzone Air Freshener Odour Neutraliser Lavender Fields 150g",
    "WOW Price": 1.9,
    "WOW Size": "150g",
    "WOW ppu": "$0.13 / 10G"
  },
  {
    "Brand_Product_Size": "Aussie Bodies Shape Lo Carb Chocolate Milkshake 420g",
    "WOW Price": 25,
    "WOW Size": "420g",
    "WOW ppu": "$5.95 / 100G"
  },
  {
    "Brand_Product_Size": "Whittaker's Almond Gold Slab 50g",
    "WOW Price": 2,
    "WOW Size": "50g",
    "WOW ppu": "$4.44 / 100G"
  },
  {
    "Brand_Product_Size": "Keens Mustard Powder 50g",
    "WOW Price": 4.2,
    "WOW Size": "50g",
    "WOW ppu": "$0.84 / 10G"
  },
  {
    "Brand_Product_Size": "Plantitude Dairy Free Coconut Yoghurt Strawberry 500g",
    "WOW Price": 5.4,
    "WOW Size": "500g",
    "WOW ppu": "$1.08 / 100G"
  },
  {
    "Brand_Product_Size": "Wet Ones Moist Wipes Gentle 40 pack",
    "WOW Price": 4.1,
    "WOW Size": "40 pack",
    "WOW ppu": "$0.10 / 1EA"
  },
  {
    "Brand_Product_Size": "Wet Ones Moist Wipes Gentle 40 pack",
    "WOW Price": 4.1,
    "WOW Size": "40 pack",
    "WOW ppu": "$0.10 / 1EA"
  },
  {
    "Brand_Product_Size": "Sandhurst Tomatoes Sundried 125g",
    "WOW Price": 3.7,
    "WOW Size": "125g",
    "WOW ppu": "$29.60 / 1KG"
  },
  {
    "Brand_Product_Size": "Aunt Betty's Creamy Rice Dessert Natural Vanilla 240g",
    "WOW Price": 2,
    "WOW Size": "240g",
    "WOW ppu": "$0.83 / 100G"
  },
  {
    "Brand_Product_Size": "Aunt Betty's Creamy Rice Dessert Natural Vanilla 240g",
    "WOW Price": 2,
    "WOW Size": "240g",
    "WOW ppu": "$0.83 / 100G"
  },
  {
    "Brand_Product_Size": "Rimmel Fix & Perfect Primer 30mL",
    "WOW Price": 7,
    "WOW Size": "30mL",
    "WOW ppu": "$2.33 / 10ML"
  },
  {
    "Brand_Product_Size": "Pepsi Max Mini Cans 6x200mL",
    "WOW Price": 6.2,
    "WOW Size": "6x200mL",
    "WOW ppu": "$5.17 / 1L"
  },
  {
    "Brand_Product_Size": "Ainsley Harriot Cous Cous Roasted Vegetable 100g",
    "WOW Price": 1.9,
    "WOW Size": "100g",
    "WOW ppu": "$1.90 / 100G"
  },
  {
    "Brand_Product_Size": "Betty Crocker Strawberry Frosting 400g",
    "WOW Price": 4,
    "WOW Size": "400g",
    "WOW ppu": "$1.00 / 100G"
  },
  {
    "Brand_Product_Size": "Eveready Dolphin 6v Lantern Batteries each",
    "WOW Price": 11,
    "WOW Size": "each",
    "WOW ppu": ""
  },
  {
    "Brand_Product_Size": "Mission Wraps Light 8 pack 567g",
    "WOW Price": 4,
    "WOW Size": "8 pack 567g",
    "WOW ppu": "$0.71 / 100G"
  },
  {
    "Brand_Product_Size": "Mission Wraps Light 8 pack 567g",
    "WOW Price": 4,
    "WOW Size": "8 pack 567g",
    "WOW ppu": "$0.71 / 100G"
  },
  {
    "Brand_Product_Size": "Cadbury Caramilk Block 180g",
    "WOW Price": 3.5,
    "WOW Size": "180g",
    "WOW ppu": "$1.94 / 100G"
  },
  {
    "Brand_Product_Size": "Kimura Ramune Lemonade 200mL",
    "WOW Price": 2.6,
    "WOW Size": "200mL",
    "WOW ppu": "$1.30 / 100ML"
  },
  {
    "Brand_Product_Size": "Massel Reduced Salt Chicken Stock Powder 140g",
    "WOW Price": 3.45,
    "WOW Size": "140g",
    "WOW ppu": "$0.25 / 10G"
  },
  {
    "Brand_Product_Size": "Praise 99% Fat Free Mayonnaise 410g",
    "WOW Price": 3,
    "WOW Size": "410g",
    "WOW ppu": "$0.73 / 100G"
  },
  {
    "Brand_Product_Size": "L'oreal Paris Macscara Telescopic Black 8mL",
    "WOW Price": 13.5,
    "WOW Size": "8mL",
    "WOW ppu": "$16.88 / 10ML"
  },
  {
    "Brand_Product_Size": "Ben & Jerry's Non Dairy Choc Chip Cookie Dough Ice Cream 458mL",
    "WOW Price": 12,
    "WOW Size": "458mL",
    "WOW ppu": "$2.62 / 100ML"
  },
  {
    "Brand_Product_Size": "Lee Kum Kee Soy Sauce Premium 1.75L",
    "WOW Price": 5.5,
    "WOW Size": "1.75L",
    "WOW ppu": "$0.31 / 100ML"
  },
  {
    "Brand_Product_Size": "Leggos Passata Rustic 700g",
    "WOW Price": 3.2,
    "WOW Size": "700g",
    "WOW ppu": "$0.46 / 100G"
  },
  {
    "Brand_Product_Size": "Maltesers Milk Chocolate Medium Party Share Bag 12 Piece 144g",
    "WOW Price": 3,
    "WOW Size": "144g",
    "WOW ppu": "$2.08 / 100G"
  },
  {
    "Brand_Product_Size": "Oscar Orsen Elite Large Metallic Pad Brush each",
    "WOW Price": 12,
    "WOW Size": "each",
    "WOW ppu": ""
  },
  {
    "Brand_Product_Size": "Macro Organic Olives Whole Greek Kalamata 350g",
    "WOW Price": 4,
    "WOW Size": "350g",
    "WOW ppu": "$11.43 / 1KG"
  },
  {
    "Brand_Product_Size": "David Beckham Homme Deodorant Body Spray 150mL",
    "WOW Price": 8,
    "WOW Size": "150mL",
    "WOW ppu": "$5.33 / 100ML"
  },
  {
    "Brand_Product_Size": "Natures Goodness Adult Dog Food Chicken With Duck & Vegetables 100g",
    "WOW Price": 1.19,
    "WOW Size": "100g",
    "WOW ppu": "$1.19 / 100G"
  },
  {
    "Brand_Product_Size": "Vs Sassoon Hairdryer Style 2200w each",
    "WOW Price": 35,
    "WOW Size": "each",
    "WOW ppu": ""
  },
  {
    "Brand_Product_Size": "Nivea Stop Pimples Daily Wash Scrub 150mL",
    "WOW Price": 7.7,
    "WOW Size": "150mL",
    "WOW ppu": "$5.13 / 100ML"
  },
  {
    "Brand_Product_Size": "Masterfoods Mixed Spice 30g",
    "WOW Price": 2.9,
    "WOW Size": "30g",
    "WOW ppu": "$0.97 / 10G"
  },
  {
    "Brand_Product_Size": "Castello Extra Creamy Mild Blue Cheese 100g",
    "WOW Price": 5.5,
    "WOW Size": "100g",
    "WOW ppu": "$55.00 / 1KG"
  },
  {
    "Brand_Product_Size": "Castello Extra Creamy Mild Blue Cheese 100g",
    "WOW Price": 5.5,
    "WOW Size": "100g",
    "WOW ppu": "$55.00 / 1KG"
  },
  {
    "Brand_Product_Size": "Sara Lee Strawberries & Cream Ice Cream 1L",
    "WOW Price": 6.5,
    "WOW Size": "1L",
    "WOW ppu": "$0.65 / 100ML"
  },
  {
    "Brand_Product_Size": "Masterfoods Pizza Seasoning Sprinkle 18g",
    "WOW Price": 2.95,
    "WOW Size": "18g",
    "WOW ppu": "$1.64 / 10G"
  },
  {
    "Brand_Product_Size": "Maybelline Eye & Lip Makeup Remover 70mL",
    "WOW Price": 3,
    "WOW Size": "70mL",
    "WOW ppu": "$4.29 / 100ML"
  },
  {
    "Brand_Product_Size": "Bonjela Pain Relief Teething Gel 15g",
    "WOW Price": 9.4,
    "WOW Size": "15g",
    "WOW ppu": "$62.67 / 100G"
  },
  {
    "Brand_Product_Size": "Piksters Dental Floss Interdental Brush Large 10 pack",
    "WOW Price": 7,
    "WOW Size": "10 pack",
    "WOW ppu": "$0.70 / 1EA"
  },
  {
    "Brand_Product_Size": "Air Wick Botanica French Lavender & Honey Blossom Room Spray 236mL",
    "WOW Price": 7.5,
    "WOW Size": "236mL",
    "WOW ppu": "$3.18 / 100ML"
  },
  {
    "Brand_Product_Size": "Original Juice Pulp Free Orange Juice 1.5L",
    "WOW Price": 5.65,
    "WOW Size": "1.5L",
    "WOW ppu": "$3.77 / 1L"
  },
  {
    "Brand_Product_Size": "Woolworths Latte Coffee Sachets 10 pack",
    "WOW Price": 3.25,
    "WOW Size": "10 pack",
    "WOW ppu": "$1.81 / 100G"
  },
  {
    "Brand_Product_Size": "Woolworths Latte Coffee Sachets 10 pack",
    "WOW Price": 3.25,
    "WOW Size": "10 pack",
    "WOW ppu": "$1.81 / 100G"
  },
  {
    "Brand_Product_Size": "Sharpie Ultra Fine Permanent Marker 12 pack",
    "WOW Price": 15,
    "WOW Size": "12 pack",
    "WOW ppu": ""
  },
  {
    "Brand_Product_Size": "S-26 Alula Original Toddler Stage 3 900g",
    "WOW Price": 14,
    "WOW Size": "900g",
    "WOW ppu": "$1.56 / 100G"
  },
  {
    "Brand_Product_Size": "Sistema Klipo Cutlery Set To Go each",
    "WOW Price": 7,
    "WOW Size": "each",
    "WOW ppu": ""
  },
  {
    "Brand_Product_Size": "Lee Kum Kee Vegetarian Stir Fry Sauce 510g",
    "WOW Price": 4.4,
    "WOW Size": "510g",
    "WOW ppu": "$0.86 / 100G"
  },
  {
    "Brand_Product_Size": "Balconi Roll Cacao 6 pack",
    "WOW Price": 3.75,
    "WOW Size": "6 pack",
    "WOW ppu": "$0.63 / 1EA"
  },
  {
    "Brand_Product_Size": "Spc Puree & Simple Apple & Mango 90g",
    "WOW Price": 1.1,
    "WOW Size": "90g",
    "WOW ppu": "$12.22 / 1KG"
  },
  {
    "Brand_Product_Size": "7up Sodastream Soda Mix 440mL",
    "WOW Price": 7,
    "WOW Size": "440mL",
    "WOW ppu": "$15.91 / 1L"
  },
  {
    "Brand_Product_Size": "V8 Tropical Fusion Juice 1.25L",
    "WOW Price": 3.5,
    "WOW Size": "1.25L",
    "WOW ppu": "$2.80 / 1L"
  },
  {
    "Brand_Product_Size": "Mainland Tasty Cheese 500g",
    "WOW Price": 9,
    "WOW Size": "500g",
    "WOW ppu": "$18.00 / 1KG"
  },
  {
    "Brand_Product_Size": "Mayver's Dark Roasted Unsalted Smunchy Peanut Butter 375g",
    "WOW Price": 4,
    "WOW Size": "375g",
    "WOW ppu": "$1.07 / 100G"
  },
  {
    "Brand_Product_Size": "Red Rock Deli Potato Chips Lime & Black Pepper 165g",
    "WOW Price": 4.65,
    "WOW Size": "165g",
    "WOW ppu": "$2.82 / 100G"
  },
  {
    "Brand_Product_Size": "Mission Wholemeal Roti 240g",
    "WOW Price": 3.3,
    "WOW Size": "240g",
    "WOW ppu": "$1.38 / 100G"
  },
  {
    "Brand_Product_Size": "Strength Meals Co Satay Chicken 350g",
    "WOW Price": 9,
    "WOW Size": "350g",
    "WOW ppu": "$2.57 / 100G"
  },
  {
    "Brand_Product_Size": "Mcobeauty Precision Brow Light Medium 0.22g",
    "WOW Price": 6,
    "WOW Size": "0.22g",
    "WOW ppu": "$272.73 / 10G"
  },
  {
    "Brand_Product_Size": "Abbott's Village Bakery Gluten Free Farmhouse Wholemeal 500g",
    "WOW Price": 7,
    "WOW Size": "500g",
    "WOW ppu": "$1.40 / 100G"
  },
  {
    "Brand_Product_Size": "Huon Trout To Go Frozen Skin On Portions 700g",
    "WOW Price": 20,
    "WOW Size": "700g",
    "WOW ppu": "$28.57 / 1KG"
  },
  {
    "Brand_Product_Size": "Woolworths Bbq Aluminium Tray Foil Container Multi Purpose 6 pack",
    "WOW Price": 2,
    "WOW Size": "6 pack",
    "WOW ppu": "$0.33 / 1EA"
  },
  {
    "Brand_Product_Size": "Optimum Puppy With Chicken Dry Dog Food 3kg",
    "WOW Price": 13,
    "WOW Size": "3kg",
    "WOW ppu": "$0.43 / 100G"
  },
  {
    "Brand_Product_Size": "Cottee's Squeezy Topping Chocolate 615g",
    "WOW Price": 3.2,
    "WOW Size": "615g",
    "WOW ppu": "$0.52 / 100G"
  },
  {
    "Brand_Product_Size": "Raro Drink Sweet Navel Orange 80g",
    "WOW Price": 1.5,
    "WOW Size": "80g",
    "WOW ppu": "$1.88 / 100G"
  },
  {
    "Brand_Product_Size": "Thumbs Up Drink Can 300mL",
    "WOW Price": 1.7,
    "WOW Size": "300mL",
    "WOW ppu": "$5.67 / 1L"
  },
  {
    "Brand_Product_Size": "Sanitarium Up&go Dairy Free Liquid Breakfast Vanilla Ice 12 pack",
    "WOW Price": 14,
    "WOW Size": "12 pack",
    "WOW ppu": "$4.67 / 1L"
  },
  {
    "Brand_Product_Size": "Don Kabana Traditional 200g",
    "WOW Price": 4.5,
    "WOW Size": "200g",
    "WOW ppu": "$22.50 / 1KG"
  },
  {
    "Brand_Product_Size": "Woolworths Canned Shredded Chicken Peri Peri 85g",
    "WOW Price": 1,
    "WOW Size": "85g",
    "WOW ppu": "$11.76 / 1KG"
  },
  {
    "Brand_Product_Size": "Fab Laundry Powder Sunshine Fresh 2kg",
    "WOW Price": 6,
    "WOW Size": "2kg",
    "WOW ppu": "$3.00 / 1KG"
  },
  {
    "Brand_Product_Size": "Ocean Spray Craisins Value Bag 283g",
    "WOW Price": 6,
    "WOW Size": "283g",
    "WOW ppu": "$21.20 / 1KG"
  },
  {
    "Brand_Product_Size": "Blackmores Total Calcium + Magnesium + D3 Tablets Value Pack 125 pack",
    "WOW Price": 23,
    "WOW Size": "125 pack",
    "WOW ppu": "$18.40 / 100EA"
  },
  {
    "Brand_Product_Size": "Energizer Button Batteries A76 4 pack",
    "WOW Price": 8,
    "WOW Size": "4 pack",
    "WOW ppu": "$2.00 / 1EA"
  },
  {
    "Brand_Product_Size": "Rimmel Lasting Matte Foundation Fair Beige 30mL",
    "WOW Price": 9,
    "WOW Size": "30mL",
    "WOW ppu": "$3.00 / 10ML"
  },
  {
    "Brand_Product_Size": "Woolworths Prep Set Go Frozen Stir Fry Mixed Vegetables 500g",
    "WOW Price": 3,
    "WOW Size": "500g",
    "WOW ppu": "$6.00 / 1KG"
  },
  {
    "Brand_Product_Size": "Tamar Valley Kids Yoghurt Pouch Tropical 110g",
    "WOW Price": 1.8,
    "WOW Size": "110g",
    "WOW ppu": "$1.64 / 100G"
  },
  {
    "Brand_Product_Size": "Tamar Valley Kids Yoghurt Pouch Tropical 110g",
    "WOW Price": 1.8,
    "WOW Size": "110g",
    "WOW ppu": "$1.64 / 100G"
  },
  {
    "Brand_Product_Size": "Blackmores Sleep Support Valerian Forte Tablets 30 pack",
    "WOW Price": 13.2,
    "WOW Size": "30 pack",
    "WOW ppu": "$44.00 / 100EA"
  },
  {
    "Brand_Product_Size": "Woolworths Peach Slices In Juice 820g",
    "WOW Price": 2.8,
    "WOW Size": "820g",
    "WOW ppu": "$3.41 / 1KG"
  },
  {
    "Brand_Product_Size": "Kara Tetra Coconut Cream 1L",
    "WOW Price": 5,
    "WOW Size": "1L",
    "WOW ppu": "$5.00 / 1L"
  },
  {
    "Brand_Product_Size": "San Remo La Pasta Alfredo 160g",
    "WOW Price": 2,
    "WOW Size": "160g",
    "WOW ppu": "$1.25 / 100G"
  },
  {
    "Brand_Product_Size": "Little Wishes Bottle Wide Neck Bpa Free 2 pack",
    "WOW Price": 6,
    "WOW Size": "2 pack",
    "WOW ppu": "$3.00 / 1EA"
  },
  {
    "Brand_Product_Size": "Woolworths Bbq Foil Tray Small 4 pack",
    "WOW Price": 4,
    "WOW Size": "4 pack",
    "WOW ppu": "$1.00 / 1EA"
  },
  {
    "Brand_Product_Size": "Woolworths Mushrooms Cups Sliced 375g punnet",
    "WOW Price": 5.5,
    "WOW Size": "375g punnet",
    "WOW ppu": "$14.67 / 1KG"
  },
  {
    "Brand_Product_Size": "Woolworths Mushrooms Cups Sliced 375g punnet",
    "WOW Price": 5.5,
    "WOW Size": "375g punnet",
    "WOW ppu": "$14.67 / 1KG"
  },
  {
    "Brand_Product_Size": "Dare Espresso Iced Coffee 500mL",
    "WOW Price": 3.5,
    "WOW Size": "500mL",
    "WOW ppu": "$7.00 / 1L"
  },
  {
    "Brand_Product_Size": "Carman's 5 Grain & Seed Granola Almond Vanilla & Cinnamon 450g",
    "WOW Price": 5,
    "WOW Size": "450g",
    "WOW ppu": "$1.11 / 100G"
  },
  {
    "Brand_Product_Size": "Magnum Tub Ice Cream Classic 440mL",
    "WOW Price": 9,
    "WOW Size": "440mL",
    "WOW ppu": "$2.05 / 100ML"
  },
  {
    "Brand_Product_Size": "Ocean Blue Hot Smoked Mackerel 105g",
    "WOW Price": 3.5,
    "WOW Size": "105g",
    "WOW ppu": "$33.33 / 1KG"
  },
  {
    "Brand_Product_Size": "Vicks Chest Rub Vaporub 50g",
    "WOW Price": 6.8,
    "WOW Size": "50g",
    "WOW ppu": "$13.60 / 100G"
  },
  {
    "Brand_Product_Size": "Woolworths Creamy Pasta Salad 800g",
    "WOW Price": 5.9,
    "WOW Size": "800g",
    "WOW ppu": "$0.74 / 100G"
  },
  {
    "Brand_Product_Size": "Woolworths Creamy Pasta Salad 800g",
    "WOW Price": 5.9,
    "WOW Size": "800g",
    "WOW ppu": "$0.74 / 100G"
  },
  {
    "Brand_Product_Size": "John West Sardines In Spring Water 110g",
    "WOW Price": 2.8,
    "WOW Size": "110g",
    "WOW ppu": "$25.45 / 1KG"
  },
  {
    "Brand_Product_Size": "Woolworths Beef Mince 500g",
    "WOW Price": 7,
    "WOW Size": "500g",
    "WOW ppu": "$14.00 / 1KG"
  },
  {
    "Brand_Product_Size": "Hoyt's Oregano 60g",
    "WOW Price": 2.73,
    "WOW Size": "60g",
    "WOW ppu": "$0.46 / 10G"
  },
  {
    "Brand_Product_Size": "Darikay Chicken & Corn Soup 550g",
    "WOW Price": 6.5,
    "WOW Size": "550g",
    "WOW ppu": "$1.18 / 100G"
  },
  {
    "Brand_Product_Size": "Sanitarium Up&go Liquid Breakfast Choc Ice 3 pack",
    "WOW Price": 4.95,
    "WOW Size": "3 pack",
    "WOW ppu": "$6.60 / 1L"
  },
  {
    "Brand_Product_Size": "Sanitarium Up&go Liquid Breakfast Choc Ice 3 pack",
    "WOW Price": 4.95,
    "WOW Size": "3 pack",
    "WOW ppu": "$6.60 / 1L"
  },
  {
    "Brand_Product_Size": "Campos Superior Coffee Beans 250g",
    "WOW Price": 14,
    "WOW Size": "250g",
    "WOW ppu": "$5.60 / 100G"
  },
  {
    "Brand_Product_Size": "Campos Superior Coffee Beans 250g",
    "WOW Price": 14,
    "WOW Size": "250g",
    "WOW ppu": "$5.60 / 100G"
  },
  {
    "Brand_Product_Size": "Pasta Master Beef Lasagne 1.3kg",
    "WOW Price": 12,
    "WOW Size": "1.3kg",
    "WOW ppu": "$9.23 / 1KG"
  },
  {
    "Brand_Product_Size": "Dine Desire Pure Tuna Whitemeat Grain Free Wet Cat Food Can 85g",
    "WOW Price": 1.3,
    "WOW Size": "85g",
    "WOW ppu": "$1.53 / 100G"
  },
  {
    "Brand_Product_Size": "Mr Chen's Pork & Chive Dumplings 300g",
    "WOW Price": 7.5,
    "WOW Size": "300g",
    "WOW ppu": "$2.50 / 100G"
  },
  {
    "Brand_Product_Size": "Yogo Choc Rock Dessert 12x100g",
    "WOW Price": 7,
    "WOW Size": "12x100g",
    "WOW ppu": "$0.58 / 100G"
  },
  {
    "Brand_Product_Size": "Always Discreet Long Plus For Bladder Leaks 20 pack",
    "WOW Price": 3.6,
    "WOW Size": "20 pack",
    "WOW ppu": "$0.18 / 1EA"
  },
  {
    "Brand_Product_Size": "Woolworths Roma Tomato 480g punnet",
    "WOW Price": 5.9,
    "WOW Size": "480g punnet",
    "WOW ppu": "$12.29 / 1KG"
  },
  {
    "Brand_Product_Size": "Birds Eye Golden Crunch Crinkle Cut Chips 1kg",
    "WOW Price": 4.3,
    "WOW Size": "1kg",
    "WOW ppu": "$4.30 / 1KG"
  },
  {
    "Brand_Product_Size": "L'oreal Elvive Colour Protecting Conditioner 300mL",
    "WOW Price": 5.25,
    "WOW Size": "300mL",
    "WOW ppu": "$1.75 / 100ML"
  },
  {
    "Brand_Product_Size": "Nu Pure Still Spring Water 600mL",
    "WOW Price": 1.1,
    "WOW Size": "600mL",
    "WOW ppu": "$1.83 / 1L"
  },
  {
    "Brand_Product_Size": "Frico Gouda Wedge 265g",
    "WOW Price": 8.2,
    "WOW Size": "265g",
    "WOW ppu": "$31.54 / 1KG"
  },
  {
    "Brand_Product_Size": "Frico Gouda Wedge 265g",
    "WOW Price": 8.2,
    "WOW Size": "265g",
    "WOW ppu": "$31.54 / 1KG"
  },
  {
    "Brand_Product_Size": "Herbal Essences Bio Renew Golden Moringa Oil Shampoo 600mL",
    "WOW Price": 9,
    "WOW Size": "600mL",
    "WOW ppu": "$1.50 / 100ML"
  },
  {
    "Brand_Product_Size": "Vaalia Kids Immunity Boost Vanilla Drink 100mL",
    "WOW Price": 1.7,
    "WOW Size": "100mL",
    "WOW ppu": "$1.70 / 100ML"
  },
  {
    "Brand_Product_Size": "Macro Organic Corn Cobettes Pre-pack 425g",
    "WOW Price": 6.9,
    "WOW Size": "425g",
    "WOW ppu": "$16.24 / 1KG"
  },
  {
    "Brand_Product_Size": "Solvol Heavy Duty Liquid Hand Cleaner 250mL",
    "WOW Price": 5,
    "WOW Size": "250mL",
    "WOW ppu": ""
  },
  {
    "Brand_Product_Size": "Peters Drumstick Vegan Affogato Cones 4 pack",
    "WOW Price": 5,
    "WOW Size": "4 pack",
    "WOW ppu": "$1.05 / 100ML"
  },
  {
    "Brand_Product_Size": "Woolworths Cook Boneless Chicken Fillets Drumstick Paprika & Chilli 500g",
    "WOW Price": 7,
    "WOW Size": "500g",
    "WOW ppu": "$14.00 / 1KG"
  },
  {
    "Brand_Product_Size": "Optimum Healthy Weight Chicken In Jelly Wet Cat Food 85g",
    "WOW Price": 1.3,
    "WOW Size": "85g",
    "WOW ppu": "$1.53 / 100G"
  },
  {
    "Brand_Product_Size": "Aussie Bodies Protein Bar Choc Hazelnut Crisp 36g",
    "WOW Price": 3,
    "WOW Size": "36g",
    "WOW ppu": "$8.33 / 100G"
  },
  {
    "Brand_Product_Size": "Felix As Good As It Looks Meat Menus In Jelly Wet Cat Food 85g x12 pack",
    "WOW Price": 11.5,
    "WOW Size": "85g x12 pack",
    "WOW ppu": "$1.13 / 100G"
  },
  {
    "Brand_Product_Size": "Vege Chips Mini Rice Crckers Multipack 12 pack",
    "WOW Price": 7,
    "WOW Size": "12 pack",
    "WOW ppu": "$2.80 / 100G"
  },
  {
    "Brand_Product_Size": "Rimmel Wonderful Mascara Volume Colourist 11mL",
    "WOW Price": 9,
    "WOW Size": "11mL",
    "WOW ppu": "$8.18 / 10ML"
  },
  {
    "Brand_Product_Size": "Simply Wize Pastry Puff Gluten Free 540g",
    "WOW Price": 9,
    "WOW Size": "540g",
    "WOW ppu": "$1.67 / 100G"
  },
  {
    "Brand_Product_Size": "Pauls Kids Yoghurt Pouch Strawberry Red 70g",
    "WOW Price": 1.4,
    "WOW Size": "70g",
    "WOW ppu": "$2.00 / 100G"
  },
  {
    "Brand_Product_Size": "Amy's Kitchen Canned Soup Organic Lentil & Vegetable 411g",
    "WOW Price": 3.9,
    "WOW Size": "411g",
    "WOW ppu": "$0.95 / 100G"
  },
  {
    "Brand_Product_Size": "Cenovis Sugarless C 500mg Tablets Orange Flavour Value Pack 300 pack",
    "WOW Price": 14,
    "WOW Size": "300 pack",
    "WOW ppu": "$4.67 / 100EA"
  },
  {
    "Brand_Product_Size": "Earth Choice Dishwashing Tablets 42 pack",
    "WOW Price": 16.2,
    "WOW Size": "42 pack",
    "WOW ppu": "$0.39 / 1EA"
  },
  {
    "Brand_Product_Size": "Macro Roasted Nuts Mix 500g",
    "WOW Price": 13,
    "WOW Size": "500g",
    "WOW ppu": "$26.00 / 1KG"
  },
  {
    "Brand_Product_Size": "Mission Wraps Mini Wheat 8 pack",
    "WOW Price": 5,
    "WOW Size": "8 pack",
    "WOW ppu": "$1.30 / 100G"
  },
  {
    "Brand_Product_Size": "Latina Fresh Pasta Sauce Creamy Carbonara 700g",
    "WOW Price": 6.5,
    "WOW Size": "700g",
    "WOW ppu": "$0.93 / 100G"
  },
  {
    "Brand_Product_Size": "Underworks Mens All Day Cushion Foot Socks Black Size 7-10 2 pack",
    "WOW Price": 15,
    "WOW Size": "2 pack",
    "WOW ppu": "$7.50 / 1EA"
  },
  {
    "Brand_Product_Size": "Woolworths Basmati Rice 5kg",
    "WOW Price": 14,
    "WOW Size": "5kg",
    "WOW ppu": "$0.28 / 100G"
  },
  {
    "Brand_Product_Size": "Essentials Coconut Cream 400mL",
    "WOW Price": 1,
    "WOW Size": "400mL",
    "WOW ppu": "$0.25 / 100ML"
  },
  {
    "Brand_Product_Size": "Disney Kids Power Toothbrush each",
    "WOW Price": 12,
    "WOW Size": "each",
    "WOW ppu": "$12.00 / 1EA"
  },
  {
    "Brand_Product_Size": "Meredith Dairy Plain Goats Cheese 150g",
    "WOW Price": 7.5,
    "WOW Size": "150g",
    "WOW ppu": "$50.00 / 1KG"
  },
  {
    "Brand_Product_Size": "Meredith Dairy Plain Goats Cheese 150g",
    "WOW Price": 7.5,
    "WOW Size": "150g",
    "WOW ppu": "$50.00 / 1KG"
  },
  {
    "Brand_Product_Size": "Mcobeauty Duo Lipstick & Liner Nude Rush 22g",
    "WOW Price": 6,
    "WOW Size": "22g",
    "WOW ppu": "$2.73 / 10G"
  },
  {
    "Brand_Product_Size": "Vo5 Hairspray Firm Hold 200g",
    "WOW Price": 4,
    "WOW Size": "200g",
    "WOW ppu": "$2.00 / 100G"
  },
  {
    "Brand_Product_Size": "Phillips Avent Animal Soother 0-6 Months 2 pack",
    "WOW Price": 12,
    "WOW Size": "2 pack",
    "WOW ppu": "$6.00 / 1EA"
  },
  {
    "Brand_Product_Size": "Woolworths Pasta Spirals 500g",
    "WOW Price": 1,
    "WOW Size": "500g",
    "WOW ppu": "$0.20 / 100G"
  },
  {
    "Brand_Product_Size": "Multix Drawtight Stand Up Garbage Bags 3 pack",
    "WOW Price": 3.5,
    "WOW Size": "3 pack",
    "WOW ppu": "$1.17 / 1EA"
  },
  {
    "Brand_Product_Size": "La Casa Burrata 150g",
    "WOW Price": 6,
    "WOW Size": "150g",
    "WOW ppu": "$40.00 / 1KG"
  },
  {
    "Brand_Product_Size": "La Casa Burrata 150g",
    "WOW Price": 6,
    "WOW Size": "150g",
    "WOW ppu": "$40.00 / 1KG"
  },
  {
    "Brand_Product_Size": "Rimmel Professional Eyebrow Pencil Dark Brown 1.4g",
    "WOW Price": 4.5,
    "WOW Size": "1.4g",
    "WOW ppu": "$32.14 / 10G"
  },
  {
    "Brand_Product_Size": "Woolworths Double Strength White Vinegar 2L",
    "WOW Price": 2.2,
    "WOW Size": "2L",
    "WOW ppu": "$0.11 / 100ML"
  },
  {
    "Brand_Product_Size": "Woolworths Camomile Tea 40 pack",
    "WOW Price": 1.75,
    "WOW Size": "40 pack",
    "WOW ppu": "$0.04 / 1EA"
  },
  {
    "Brand_Product_Size": "Woolworths Camomile Tea 40 pack",
    "WOW Price": 1.75,
    "WOW Size": "40 pack",
    "WOW ppu": "$0.04 / 1EA"
  },
  {
    "Brand_Product_Size": "Cholula Hot Sauce 150mL",
    "WOW Price": 5,
    "WOW Size": "150mL",
    "WOW ppu": "$3.33 / 100ML"
  },
  {
    "Brand_Product_Size": "Underworks Ladies Sport Socks Low Cut Black Size 5 - 8 5 pack",
    "WOW Price": 10,
    "WOW Size": "5 pack",
    "WOW ppu": ""
  },
  {
    "Brand_Product_Size": "White Wings Donut Bites 250g",
    "WOW Price": 3,
    "WOW Size": "250g",
    "WOW ppu": "$1.20 / 100G"
  },
  {
    "Brand_Product_Size": "Ivans Roast Pumpkin With Feta & Leek Quiche 180g",
    "WOW Price": 5,
    "WOW Size": "180g",
    "WOW ppu": "$27.78 / 1KG"
  },
  {
    "Brand_Product_Size": "Spc Spaghetti Tomato Reduced Salt 420g",
    "WOW Price": 1.4,
    "WOW Size": "420g",
    "WOW ppu": "$0.33 / 100G"
  },
  {
    "Brand_Product_Size": "Vitapet Jerhigh Chicken Tenders For Dogs 100g",
    "WOW Price": 7.4,
    "WOW Size": "100g",
    "WOW ppu": "$7.40 / 100G"
  },
  {
    "Brand_Product_Size": "Bonds Mens Trunk L 2 pack",
    "WOW Price": 20,
    "WOW Size": "2 pack",
    "WOW ppu": ""
  },
  {
    "Brand_Product_Size": "Danone Ultimate French Apple Tart Yoghurt 160g",
    "WOW Price": 2.5,
    "WOW Size": "160g",
    "WOW ppu": "$1.56 / 100G"
  },
  {
    "Brand_Product_Size": "Strepfen Intensive Throat Lozenges Sugar Free Orange 16 pack",
    "WOW Price": 10,
    "WOW Size": "16 pack",
    "WOW ppu": "$0.63 / 1EA"
  },
  {
    "Brand_Product_Size": "Maybelline Superstay Active Wear 30hr Foundation Sun Beige 30mL",
    "WOW Price": 13.5,
    "WOW Size": "30mL",
    "WOW ppu": "$4.50 / 10ML"
  },
  {
    "Brand_Product_Size": "Energizer Phone Case Iphone 6/7/8 Plus each",
    "WOW Price": 20,
    "WOW Size": "each",
    "WOW ppu": ""
  },
  {
    "Brand_Product_Size": "Dollar Sweets Edible Gold Leaf 2 sheets",
    "WOW Price": 5,
    "WOW Size": "2 sheets",
    "WOW ppu": ""
  },
  {
    "Brand_Product_Size": "Vittoria Piccolo Nespresso Compatible Coffee Capsules pack 10",
    "WOW Price": 6,
    "WOW Size": "pack 10",
    "WOW ppu": "$0.60 / 1EA"
  },
  {
    "Brand_Product_Size": "Vittoria Piccolo Nespresso Compatible Coffee Capsules pack 10",
    "WOW Price": 6,
    "WOW Size": "pack 10",
    "WOW ppu": "$0.60 / 1EA"
  },
  {
    "Brand_Product_Size": "St.dalfour Strawberry Rhubarb 284g",
    "WOW Price": 4.5,
    "WOW Size": "284g",
    "WOW ppu": "$1.58 / 100G"
  },
  {
    "Brand_Product_Size": "Mcobeauty Long Lasting Liquid Metallic Eyeshadow Showstopper 8mL",
    "WOW Price": 7.5,
    "WOW Size": "8mL",
    "WOW ppu": "$9.38 / 10ML"
  },
  {
    "Brand_Product_Size": "Cobram Estate Extra Virgin Rich & Robust Olive Oil 750mL",
    "WOW Price": 18,
    "WOW Size": "750mL",
    "WOW ppu": "$2.40 / 100ML"
  },
  {
    "Brand_Product_Size": "Green & Black's Organic Dark Chocolate 70% Cocoa 90g",
    "WOW Price": 4.25,
    "WOW Size": "90g",
    "WOW ppu": "$4.72 / 100G"
  },
  {
    "Brand_Product_Size": "Essentials Cutting Board White 2 pack",
    "WOW Price": 6,
    "WOW Size": "2 pack",
    "WOW ppu": ""
  },
  {
    "Brand_Product_Size": "Banana Boat Ultra Clear Spf 50+ Sunscreen Spray 175g",
    "WOW Price": 18,
    "WOW Size": "175g",
    "WOW ppu": "$10.29 / 100G"
  },
  {
    "Brand_Product_Size": "Korbond Instant Hemming & Mending Tape 2m each",
    "WOW Price": 5,
    "WOW Size": "each",
    "WOW ppu": ""
  },
  {
    "Brand_Product_Size": "Heinz Big Eat Spaghetti Bolognese 410g",
    "WOW Price": 2.5,
    "WOW Size": "410g",
    "WOW ppu": "$6.10 / 1KG"
  },
  {
    "Brand_Product_Size": "Macro Apple Cider Vinegar 500mL",
    "WOW Price": 3.5,
    "WOW Size": "500mL",
    "WOW ppu": "$0.70 / 100ML"
  },
  {
    "Brand_Product_Size": "M&m's Peanut Pouch 380g",
    "WOW Price": 6,
    "WOW Size": "380g",
    "WOW ppu": "$1.58 / 100G"
  },
  {
    "Brand_Product_Size": "Arnott's Butternut Snap Cookie 250g",
    "WOW Price": 3,
    "WOW Size": "250g",
    "WOW ppu": "$1.20 / 100G"
  },
  {
    "Brand_Product_Size": "Don Ready Bacon Streaky 60g",
    "WOW Price": 6,
    "WOW Size": "60g",
    "WOW ppu": "$100.00 / 1KG"
  },
  {
    "Brand_Product_Size": "Vittoria Decaffeinated Nespresso Compatible Coffee Capsules pack 10",
    "WOW Price": 6,
    "WOW Size": "pack 10",
    "WOW ppu": "$0.60 / 1EA"
  },
  {
    "Brand_Product_Size": "Vittoria Decaffeinated Nespresso Compatible Coffee Capsules pack 10",
    "WOW Price": 6,
    "WOW Size": "pack 10",
    "WOW ppu": "$0.60 / 1EA"
  },
  {
    "Brand_Product_Size": "L'oreal Paris Age Perfect Beautifying Colour Care Warm Gold 80mL",
    "WOW Price": 14,
    "WOW Size": "80mL",
    "WOW ppu": ""
  },
  {
    "Brand_Product_Size": "Dine Desire Tuna & Prawn In Sauce Grain Free Wet Cat Food 85g",
    "WOW Price": 1.3,
    "WOW Size": "85g",
    "WOW ppu": "$1.53 / 100G"
  },
  {
    "Brand_Product_Size": "Mcobeauty Eyeshadow Palette Peachy/nudes 8.1g",
    "WOW Price": 7.5,
    "WOW Size": "8.1g",
    "WOW ppu": "$9.26 / 10G"
  },
  {
    "Brand_Product_Size": "Arnott's Shapes Triple Cheese Toastie Crackers 165g",
    "WOW Price": 2.5,
    "WOW Size": "165g",
    "WOW ppu": "$1.52 / 100G"
  },
  {
    "Brand_Product_Size": "Australian Organic Food Co 8 Vegetable Minestrone Soup Pouch 330g",
    "WOW Price": 4.5,
    "WOW Size": "330g",
    "WOW ppu": "$1.36 / 100G"
  },
  {
    "Brand_Product_Size": "Masterfoods Oregano Leaves 5g",
    "WOW Price": 2.3,
    "WOW Size": "5g",
    "WOW ppu": "$4.60 / 10G"
  },
  {
    "Brand_Product_Size": "Woolworths Red Salmon 415g",
    "WOW Price": 9,
    "WOW Size": "415g",
    "WOW ppu": "$21.69 / 1KG"
  },
  {
    "Brand_Product_Size": "Energizer Usb-c To Usb-c Black 1.2 Metre each",
    "WOW Price": 22,
    "WOW Size": "each",
    "WOW ppu": ""
  },
  {
    "Brand_Product_Size": "Kushi Mango Juice 1L",
    "WOW Price": 2,
    "WOW Size": "1L",
    "WOW ppu": "$0.20 / 100ML"
  },
  {
    "Brand_Product_Size": "Gillette Venus Satin Care Shaving Gel Sensitive Skin 195g",
    "WOW Price": 7.2,
    "WOW Size": "195g",
    "WOW ppu": "$3.69 / 100G"
  },
  {
    "Brand_Product_Size": "Mckenzie's Coconut Fine Desiccated 250g",
    "WOW Price": 2.5,
    "WOW Size": "250g",
    "WOW ppu": "$10.00 / 1KG"
  },
  {
    "Brand_Product_Size": "Fairy Dishwashing Liquid Lemon 495mL",
    "WOW Price": 5,
    "WOW Size": "495mL",
    "WOW ppu": "$1.01 / 100ML"
  },
  {
    "Brand_Product_Size": "Capilano Low Gi Pure Honey 250g",
    "WOW Price": 6,
    "WOW Size": "250g",
    "WOW ppu": "$2.40 / 100G"
  },
  {
    "Brand_Product_Size": "Edgell Chickpeas 125g x4 pack",
    "WOW Price": 3,
    "WOW Size": "125g x4 pack",
    "WOW ppu": "$6.00 / 1KG"
  },
  {
    "Brand_Product_Size": "Health Lab Kids Probiotic Chocolate Coconut Bites 5 pack",
    "WOW Price": 4.5,
    "WOW Size": "5 pack",
    "WOW ppu": "$4.50 / 100G"
  },
  {
    "Brand_Product_Size": "Woolworths Dry Roasted Almonds Nuts 400g",
    "WOW Price": 9,
    "WOW Size": "400g",
    "WOW ppu": "$22.50 / 1KG"
  },
  {
    "Brand_Product_Size": "Swisse Daily Face Moisturiser For Men 120mL",
    "WOW Price": 12,
    "WOW Size": "120mL",
    "WOW ppu": "$10.00 / 100ML"
  },
  {
    "Brand_Product_Size": "Ottogi Korean Bbq Kalbi Sauce & Marinade 240g",
    "WOW Price": 3.5,
    "WOW Size": "240g",
    "WOW ppu": "$1.46 / 100G"
  },
  {
    "Brand_Product_Size": "Otafuku Yakisoba Sauce 300mL",
    "WOW Price": 5.5,
    "WOW Size": "300mL",
    "WOW ppu": "$1.83 / 100ML"
  },
  {
    "Brand_Product_Size": "Kraft Mac & Cheese Wholemeal 205g",
    "WOW Price": 2.9,
    "WOW Size": "205g",
    "WOW ppu": "$1.41 / 100G"
  },
  {
    "Brand_Product_Size": "Essano Blonde Purple Shampoo 300mL",
    "WOW Price": 16,
    "WOW Size": "300mL",
    "WOW ppu": "$5.33 / 100ML"
  },
  {
    "Brand_Product_Size": "Fountain Soy Sauce 250mL",
    "WOW Price": 2.2,
    "WOW Size": "250mL",
    "WOW ppu": "$0.88 / 100ML"
  },
  {
    "Brand_Product_Size": "Mcobeauty Ultra Stay Flawless Foundation Medium Beige 35mL",
    "WOW Price": 13,
    "WOW Size": "35mL",
    "WOW ppu": "$3.71 / 10ML"
  },
  {
    "Brand_Product_Size": "Heinz Whole Egg Mayonnaise With Added Olive Oil 295mL",
    "WOW Price": 4.5,
    "WOW Size": "295mL",
    "WOW ppu": "$1.53 / 100ML"
  },
  {
    "Brand_Product_Size": "Olay Regenerist Anti-aging Serum Advanced Youth Pre-essence 40mL",
    "WOW Price": 28,
    "WOW Size": "40mL",
    "WOW ppu": "$70.00 / 100ML"
  },
  {
    "Brand_Product_Size": "Cc's Chilli Peppers & Sour Cream Chips 175g",
    "WOW Price": 3.5,
    "WOW Size": "175g",
    "WOW ppu": "$2.00 / 100G"
  },
  {
    "Brand_Product_Size": "Csr Brown Sugar Coffee Crystals 500g",
    "WOW Price": 3.45,
    "WOW Size": "500g",
    "WOW ppu": "$0.69 / 100G"
  },
  {
    "Brand_Product_Size": "Mccormicks Produce Partner Italian Herb Potatoes 40g",
    "WOW Price": 1.5,
    "WOW Size": "40g",
    "WOW ppu": "$3.75 / 100G"
  },
  {
    "Brand_Product_Size": "Oc Naturals Conditioner Normal Balance 400mL",
    "WOW Price": 3.5,
    "WOW Size": "400mL",
    "WOW ppu": "$0.88 / 100ML"
  },
  {
    "Brand_Product_Size": "Continental Pasta Spinach Parmesan & Bacon 97g",
    "WOW Price": 1.36,
    "WOW Size": "97g",
    "WOW ppu": "$1.49 / 100G"
  },
  {
    "Brand_Product_Size": "Rowntrees Fruit Gums 150g",
    "WOW Price": 5,
    "WOW Size": "150g",
    "WOW ppu": "$3.33 / 100G"
  },
  {
    "Brand_Product_Size": "Naturopathica Horny Goat Weed Tablets For Him 50 pack",
    "WOW Price": 37,
    "WOW Size": "50 pack",
    "WOW ppu": "$74.00 / 100EA"
  },
  {
    "Brand_Product_Size": "Barkers Butterscotch Caramel Sauce 365g",
    "WOW Price": 2.5,
    "WOW Size": "365g",
    "WOW ppu": "$0.68 / 100G"
  },
  {
    "Brand_Product_Size": "Kikkoman Marinade Teriyaki 250mL",
    "WOW Price": 3.4,
    "WOW Size": "250mL",
    "WOW ppu": "$1.36 / 100ML"
  },
  {
    "Brand_Product_Size": "Bonds Womens Comfy Crop Size S each",
    "WOW Price": 16,
    "WOW Size": "each",
    "WOW ppu": ""
  },
  {
    "Brand_Product_Size": "Dodoni Fetta Goats Cheese 200g",
    "WOW Price": 6,
    "WOW Size": "200g",
    "WOW ppu": "$30.00 / 1KG"
  },
  {
    "Brand_Product_Size": "Dodoni Fetta Goats Cheese 200g",
    "WOW Price": 6,
    "WOW Size": "200g",
    "WOW ppu": "$30.00 / 1KG"
  },
  {
    "Brand_Product_Size": "Buono Non-dairy Mochi Black Sesame 156g",
    "WOW Price": 7,
    "WOW Size": "156g",
    "WOW ppu": "$4.49 / 100G"
  },
  {
    "Brand_Product_Size": "Decor Microsafe Container Round 1.5L",
    "WOW Price": 8,
    "WOW Size": "1.5L",
    "WOW ppu": ""
  },
  {
    "Brand_Product_Size": "Paperclick Canvas Laptop Sleeve each",
    "WOW Price": 10,
    "WOW Size": "each",
    "WOW ppu": ""
  },
  {
    "Brand_Product_Size": "Woolworths Australian Beer Batter Steakhouse Chips 750g",
    "WOW Price": 2.7,
    "WOW Size": "750g",
    "WOW ppu": "$3.60 / 1KG"
  },
  {
    "Brand_Product_Size": "Arnott's Malt O' Milk 250g",
    "WOW Price": 3,
    "WOW Size": "250g",
    "WOW ppu": "$1.20 / 100G"
  },
  {
    "Brand_Product_Size": "St.dalfour Orange Marmalade Spread No Added Sugar 284g",
    "WOW Price": 4.5,
    "WOW Size": "284g",
    "WOW ppu": "$1.58 / 100G"
  },
  {
    "Brand_Product_Size": "Pascall Choc Marshmallow Bites Vanilla Lollies 160g",
    "WOW Price": 4,
    "WOW Size": "160g",
    "WOW ppu": "$2.50 / 100G"
  },
  {
    "Brand_Product_Size": "Sugo Tu Authentic Pizza Dough 200g",
    "WOW Price": 2.5,
    "WOW Size": "200g",
    "WOW ppu": "$1.25 / 100G"
  },
  {
    "Brand_Product_Size": "Nfco Biodegradable Cornstarch Toothbrush & Stand Assorted each",
    "WOW Price": 8.95,
    "WOW Size": "each",
    "WOW ppu": "$8.95 / 1EA"
  },
  {
    "Brand_Product_Size": "Original Source Body Wash Vanilla Milk Raspberry 250mL",
    "WOW Price": 3.5,
    "WOW Size": "250mL",
    "WOW ppu": "$1.40 / 100ML"
  },
  {
    "Brand_Product_Size": "Woolworths Barley Sugar 225g",
    "WOW Price": 2,
    "WOW Size": "225g",
    "WOW ppu": "$0.89 / 100G"
  },
  {
    "Brand_Product_Size": "Garnier Pure Active Anti Acne Daily Pore Scrub Wash 150mL",
    "WOW Price": 6.85,
    "WOW Size": "150mL",
    "WOW ppu": "$4.57 / 100ML"
  },
  {
    "Brand_Product_Size": "Sealord Premium Hoki Fillets Parmesan & Rosemary 300g",
    "WOW Price": 7.3,
    "WOW Size": "300g",
    "WOW ppu": "$24.33 / 1KG"
  },
  {
    "Brand_Product_Size": "St.dalfour Blackcherry Spread 284g",
    "WOW Price": 4.5,
    "WOW Size": "284g",
    "WOW ppu": "$1.58 / 100G"
  },
  {
    "Brand_Product_Size": "Schwarzkopf Colour Specialist 5-0 Light Natural Brown each",
    "WOW Price": 9.5,
    "WOW Size": "each",
    "WOW ppu": "$5.69 / 100ML"
  },
  {
    "Brand_Product_Size": "Don Famous Football Hot Dogs Skinless 375g",
    "WOW Price": 4.5,
    "WOW Size": "375g",
    "WOW ppu": "$12.00 / 1KG"
  },
  {
    "Brand_Product_Size": "Yumi's Delights Sweet Potato & Herb 225g",
    "WOW Price": 5.5,
    "WOW Size": "225g",
    "WOW ppu": "$24.44 / 1KG"
  },
  {
    "Brand_Product_Size": "Oates Microfibre Cloth 4 pack",
    "WOW Price": 3.5,
    "WOW Size": "4 pack",
    "WOW ppu": "$0.88 / 1EA"
  },
  {
    "Brand_Product_Size": "Eveready Torch Brilliant Beam 2xaa each",
    "WOW Price": 9.6,
    "WOW Size": "each",
    "WOW ppu": ""
  },
  {
    "Brand_Product_Size": "Heinz Seriously Good Whole Egg Mayonnaise 295mL",
    "WOW Price": 3.5,
    "WOW Size": "295mL",
    "WOW ppu": "$1.19 / 100ML"
  },
  {
    "Brand_Product_Size": "Ben & Jerry's Phish Food Chocolate Ice Cream 458mL",
    "WOW Price": 12,
    "WOW Size": "458mL",
    "WOW ppu": "$2.62 / 100ML"
  },
  {
    "Brand_Product_Size": "Golden Circle Golden Pash 2L",
    "WOW Price": 3,
    "WOW Size": "2L",
    "WOW ppu": "$1.50 / 1L"
  },
  {
    "Brand_Product_Size": "Smitten Cat Food Seafood Basket 400g",
    "WOW Price": 0.85,
    "WOW Size": "400g",
    "WOW ppu": "$0.21 / 100G"
  },
  {
    "Brand_Product_Size": "Thomas Dux Marinated Goats Cheese 300g",
    "WOW Price": 9.7,
    "WOW Size": "300g",
    "WOW ppu": "$32.33 / 1KG"
  },
  {
    "Brand_Product_Size": "Thomas Dux Marinated Goats Cheese 300g",
    "WOW Price": 9.7,
    "WOW Size": "300g",
    "WOW ppu": "$32.33 / 1KG"
  },
  {
    "Brand_Product_Size": "Willow Farm Dip Hommus 200g",
    "WOW Price": 2,
    "WOW Size": "200g",
    "WOW ppu": "$1.00 / 100G"
  },
  {
    "Brand_Product_Size": "Caffe Aurora Italian Nespresso Compatible Coffee Capsules pack 10",
    "WOW Price": 3.5,
    "WOW Size": "pack 10",
    "WOW ppu": "$0.35 / 1EA"
  },
  {
    "Brand_Product_Size": "Caffe Aurora Italian Nespresso Compatible Coffee Capsules pack 10",
    "WOW Price": 3.5,
    "WOW Size": "pack 10",
    "WOW ppu": "$0.35 / 1EA"
  },
  {
    "Brand_Product_Size": "Pot Noodles Chicken & Mushroom 94g",
    "WOW Price": 4,
    "WOW Size": "94g",
    "WOW ppu": "$4.44 / 100G"
  },
  {
    "Brand_Product_Size": "Masterfoods Garlic Pepper 45g",
    "WOW Price": 3.4,
    "WOW Size": "45g",
    "WOW ppu": "$0.68 / 10G"
  },
  {
    "Brand_Product_Size": "Strepsils Plus Anaesthetic Sore Throat Numbing Pain Relief Lozenges 36 pack",
    "WOW Price": 12,
    "WOW Size": "36 pack",
    "WOW ppu": "$0.33 / 1EA"
  },
  {
    "Brand_Product_Size": "Little One's Baby Wipes Scented 80 pack",
    "WOW Price": 2,
    "WOW Size": "80 pack",
    "WOW ppu": "$2.50 / 100EA"
  },
  {
    "Brand_Product_Size": "Woolworths Free From Gluten Chocolate Chip Biscuit 160g",
    "WOW Price": 2.7,
    "WOW Size": "160g",
    "WOW ppu": "$1.69 / 100G"
  },
  {
    "Brand_Product_Size": "Woolworths Free From Gluten Chocolate Chip Biscuit 160g",
    "WOW Price": 2.7,
    "WOW Size": "160g",
    "WOW ppu": "$1.69 / 100G"
  },
  {
    "Brand_Product_Size": "Hillview Cheese Slices Full Fat 500g",
    "WOW Price": 3.9,
    "WOW Size": "500g",
    "WOW ppu": "$7.80 / 1KG"
  },
  {
    "Brand_Product_Size": "Hillview Cheese Slices Full Fat 500g",
    "WOW Price": 3.9,
    "WOW Size": "500g",
    "WOW ppu": "$7.80 / 1KG"
  },
  {
    "Brand_Product_Size": "Streets Unicornetto 3 pack",
    "WOW Price": 6,
    "WOW Size": "3 pack",
    "WOW ppu": "$1.49 / 100ML"
  },
  {
    "Brand_Product_Size": "Woolworths Parsley Flakes 5g",
    "WOW Price": 1.15,
    "WOW Size": "5g",
    "WOW ppu": "$2.30 / 10G"
  },
  {
    "Brand_Product_Size": "Mcobeauty Banana Powder Brighten & Correct 8.5g",
    "WOW Price": 8,
    "WOW Size": "8.5g",
    "WOW ppu": "$9.41 / 10G"
  },
  {
    "Brand_Product_Size": "Byron Bay Cookies Traditional Shortbread Bites 100g",
    "WOW Price": 2.5,
    "WOW Size": "100g",
    "WOW ppu": "$2.50 / 100G"
  },
  {
    "Brand_Product_Size": "Masterfoods Moroccan Chicken Simmer Sauce 510g",
    "WOW Price": 3.7,
    "WOW Size": "510g",
    "WOW ppu": "$0.73 / 100G"
  },
  {
    "Brand_Product_Size": "Colgate Slim Soft Advanced Ultra Soft Toothbrush Value 2 pack",
    "WOW Price": 10,
    "WOW Size": "2 pack",
    "WOW ppu": "$5.00 / 1EA"
  },
  {
    "Brand_Product_Size": "Maggi Side Dish Cheese Bacon Flavoured Potato Bake 21g",
    "WOW Price": 1.75,
    "WOW Size": "21g",
    "WOW ppu": "$8.33 / 100G"
  },
  {
    "Brand_Product_Size": "Ambi Pur Mini Clip Car Mould Fighter Citron Ice each",
    "WOW Price": 5.25,
    "WOW Size": "each",
    "WOW ppu": "$23.86 / 10ML"
  },
  {
    "Brand_Product_Size": "H2juice Mango Mix 1L",
    "WOW Price": 4,
    "WOW Size": "1L",
    "WOW ppu": "$4.00 / 1L"
  },
  {
    "Brand_Product_Size": "Well & Good Crusty Bread Mix 410g",
    "WOW Price": 6,
    "WOW Size": "410g",
    "WOW ppu": "$14.63 / 1KG"
  },
  {
    "Brand_Product_Size": "Essentials Bicarbonate Soda 500g",
    "WOW Price": 1.8,
    "WOW Size": "500g",
    "WOW ppu": "$0.36 / 100G"
  },
  {
    "Brand_Product_Size": "Selleys Power Grip 4mL",
    "WOW Price": 7.5,
    "WOW Size": "4mL",
    "WOW ppu": "$7.50 / 1EA"
  },
  {
    "Brand_Product_Size": "Black Knight Licorice Assorted 250g",
    "WOW Price": 6.6,
    "WOW Size": "250g",
    "WOW ppu": "$2.64 / 100G"
  },
  {
    "Brand_Product_Size": "Woolworths Vinegar Red Wine 500mL",
    "WOW Price": 2.5,
    "WOW Size": "500mL",
    "WOW ppu": "$0.50 / 100ML"
  },
  {
    "Brand_Product_Size": "Shore Mariner Seafood Sticks 1kg",
    "WOW Price": 8,
    "WOW Size": "1kg",
    "WOW ppu": "$8.00 / 1KG"
  },
  {
    "Brand_Product_Size": "Nivea Men Cool Kick Roll On Antiperspirant Deodorant 50mL",
    "WOW Price": 3.5,
    "WOW Size": "50mL",
    "WOW ppu": "$7.00 / 100ML"
  },
  {
    "Brand_Product_Size": "Olive Grove Buttery Spread With Sea Salt 500g",
    "WOW Price": 3.5,
    "WOW Size": "500g",
    "WOW ppu": "$0.70 / 100G"
  },
  {
    "Brand_Product_Size": "Woolworths Hedgehog Slices 4 pack",
    "WOW Price": 4,
    "WOW Size": "4 pack",
    "WOW ppu": "$2.00 / 100G"
  },
  {
    "Brand_Product_Size": "Bulla Creamy Classics Ice Cream Sandwich Neapolitan 4 pack",
    "WOW Price": 4.25,
    "WOW Size": "4 pack",
    "WOW ppu": "$0.76 / 100ML"
  },
  {
    "Brand_Product_Size": "Kleenex Eco 100% Bamboo Fibre Toilet Paper 9 pack",
    "WOW Price": 12,
    "WOW Size": "9 pack",
    "WOW ppu": "$0.74 / 100SS"
  },
  {
    "Brand_Product_Size": "Paperclick Essentials Envelopes C6 100 pack",
    "WOW Price": 5,
    "WOW Size": "100 pack",
    "WOW ppu": ""
  },
  {
    "Brand_Product_Size": "Primo Ham Double Smoked 100g",
    "WOW Price": 3.25,
    "WOW Size": "100g",
    "WOW ppu": "$32.50 / 1KG"
  },
  {
    "Brand_Product_Size": "Primo Ham Double Smoked 100g",
    "WOW Price": 3.25,
    "WOW Size": "100g",
    "WOW ppu": "$32.50 / 1KG"
  },
  {
    "Brand_Product_Size": "Tic Tac Orange 49g",
    "WOW Price": 3,
    "WOW Size": "49g",
    "WOW ppu": "$6.12 / 100G"
  },
  {
    "Brand_Product_Size": "Cenovis Magnesium Muscle Health Tablets 60 pack",
    "WOW Price": 10,
    "WOW Size": "60 pack",
    "WOW ppu": "$16.67 / 100EA"
  },
  {
    "Brand_Product_Size": "Vitarapid Joint Care Daily Dog Treat 210g",
    "WOW Price": 13,
    "WOW Size": "210g",
    "WOW ppu": "$6.19 / 100G"
  },
  {
    "Brand_Product_Size": "Woolworths Mixed Nuts & Fruit 750g pack",
    "WOW Price": 9,
    "WOW Size": "750g pack",
    "WOW ppu": "$12.00 / 1KG"
  },
  {
    "Brand_Product_Size": "Arnott's Snack Right Sultana 250g",
    "WOW Price": 3,
    "WOW Size": "250g",
    "WOW ppu": "$1.20 / 100G"
  },
  {
    "Brand_Product_Size": "Libra Panty Liners Thin & Breathable 28 pack",
    "WOW Price": 1.85,
    "WOW Size": "28 pack",
    "WOW ppu": "$0.07 / 1EA"
  },
  {
    "Brand_Product_Size": "Woolworths The King Of Chunky Chocolate Chip Cookies 310g",
    "WOW Price": 3.5,
    "WOW Size": "310g",
    "WOW ppu": "$1.13 / 100G"
  },
  {
    "Brand_Product_Size": "Method Gel Hand Wash Sea Minerals 354mL",
    "WOW Price": 5,
    "WOW Size": "354mL",
    "WOW ppu": "$1.41 / 100ML"
  },
  {
    "Brand_Product_Size": "Moki Life Metallics Earphones each",
    "WOW Price": 9,
    "WOW Size": "each",
    "WOW ppu": ""
  },
  {
    "Brand_Product_Size": "Clairol Root Touch Up Spray Medium Brown 100mL",
    "WOW Price": 15,
    "WOW Size": "100mL",
    "WOW ppu": ""
  },
  {
    "Brand_Product_Size": "Philadelphia Snack Tub Original 136g",
    "WOW Price": 3.5,
    "WOW Size": "136g",
    "WOW ppu": "$25.74 / 1KG"
  },
  {
    "Brand_Product_Size": "Tradie Men Work Socks Size 11-13 3 pack",
    "WOW Price": 10,
    "WOW Size": "3 pack",
    "WOW ppu": "$10.00 / 1EA"
  },
  {
    "Brand_Product_Size": "Toni & Guy Bobby Pin Combo Black 30pc",
    "WOW Price": 4.9,
    "WOW Size": "30pc",
    "WOW ppu": ""
  },
  {
    "Brand_Product_Size": "Macro Organic Lean Beef Mince 500g",
    "WOW Price": 12.5,
    "WOW Size": "500g",
    "WOW ppu": "$25.00 / 1KG"
  },
  {
    "Brand_Product_Size": "Maybelline Brow Ultra Slim Eyebrow Pencil - Deep Brown 90mg",
    "WOW Price": 8,
    "WOW Size": "90mg",
    "WOW ppu": "$888.89 / 10G"
  },
  {
    "Brand_Product_Size": "Applaws Kitten Food Tins: Tuna In Jelly 70g",
    "WOW Price": 2,
    "WOW Size": "70g",
    "WOW ppu": "$2.86 / 100G"
  },
  {
    "Brand_Product_Size": "Woolworths Pitted Kalamata Olives With Italian Vinegar 110g",
    "WOW Price": 3.5,
    "WOW Size": "110g",
    "WOW ppu": "$3.18 / 100G"
  },
  {
    "Brand_Product_Size": "Macro Brazil Nuts 250g",
    "WOW Price": 7.2,
    "WOW Size": "250g",
    "WOW ppu": "$28.80 / 1KG"
  },
  {
    "Brand_Product_Size": "Gaviscon Double Strength Heartburn & Indigestion Chewable Tablets 24 pack",
    "WOW Price": 9,
    "WOW Size": "24 pack",
    "WOW ppu": "$0.38 / 1EA"
  },
  {
    "Brand_Product_Size": "Woolworths Chargrilled Marinated Artichokes 120g",
    "WOW Price": 3.5,
    "WOW Size": "120g",
    "WOW ppu": "$2.92 / 100G"
  },
  {
    "Brand_Product_Size": "Sanofi Calamine Lotion 200mL",
    "WOW Price": 4.8,
    "WOW Size": "200mL",
    "WOW ppu": "$2.40 / 100ML"
  },
  {
    "Brand_Product_Size": "Bic Ball Point Pen Shine 4 Colour each",
    "WOW Price": 3.45,
    "WOW Size": "each",
    "WOW ppu": ""
  },
  {
    "Brand_Product_Size": "Easy-off Bam Oven Cleaner Heavy Duty 325g",
    "WOW Price": 3.5,
    "WOW Size": "325g",
    "WOW ppu": "$1.08 / 100G"
  },
  {
    "Brand_Product_Size": "Pears Soap Bar Transparent 3x125g",
    "WOW Price": 6,
    "WOW Size": "3x125g",
    "WOW ppu": "$1.60 / 100G"
  },
  {
    "Brand_Product_Size": "Woolworths Orange Juice 6x250mL",
    "WOW Price": 2.9,
    "WOW Size": "6x250mL",
    "WOW ppu": "$1.93 / 1L"
  },
  {
    "Brand_Product_Size": "Woolworths Orange Juice 6x250mL",
    "WOW Price": 2.9,
    "WOW Size": "6x250mL",
    "WOW ppu": "$1.93 / 1L"
  },
  {
    "Brand_Product_Size": "Mint Non-stick Coating Saucepan 16cm each",
    "WOW Price": 14,
    "WOW Size": "each",
    "WOW ppu": ""
  },
  {
    "Brand_Product_Size": "Staminade Wild Berry Rush 585g",
    "WOW Price": 10,
    "WOW Size": "585g",
    "WOW ppu": "$1.71 / 100G"
  },
  {
    "Brand_Product_Size": "Babybel Mini Light Tasty Cheese Portions 100g",
    "WOW Price": 4.8,
    "WOW Size": "100g",
    "WOW ppu": "$48.00 / 1KG"
  },
  {
    "Brand_Product_Size": "Babybel Mini Light Tasty Cheese Portions 100g",
    "WOW Price": 4.8,
    "WOW Size": "100g",
    "WOW ppu": "$48.00 / 1KG"
  },
  {
    "Brand_Product_Size": "Peters Original Vanilla 4L",
    "WOW Price": 9.4,
    "WOW Size": "4L",
    "WOW ppu": "$0.24 / 100ML"
  },
  {
    "Brand_Product_Size": "Wiltshire Roast Pan 37cm X 26.5cm each",
    "WOW Price": 16,
    "WOW Size": "each",
    "WOW ppu": ""
  },
  {
    "Brand_Product_Size": "Jamie Oliver Large Baking Dish each",
    "WOW Price": 20,
    "WOW Size": "each",
    "WOW ppu": ""
  },
  {
    "Brand_Product_Size": "Ecostore Shampoo Dry Hair 350mL",
    "WOW Price": 14,
    "WOW Size": "350mL",
    "WOW ppu": "$4.00 / 100ML"
  },
  {
    "Brand_Product_Size": "Woolworths Peas & Carrots 420g",
    "WOW Price": 1.35,
    "WOW Size": "420g",
    "WOW ppu": "$3.21 / 1KG"
  },
  {
    "Brand_Product_Size": "Oscar Orsen Large Thin Hair Elastics Black 30 pack",
    "WOW Price": 5.6,
    "WOW Size": "30 pack",
    "WOW ppu": ""
  },
  {
    "Brand_Product_Size": "Bega Peanut Butter Smooth 375g",
    "WOW Price": 4.9,
    "WOW Size": "375g",
    "WOW ppu": "$1.31 / 100G"
  },
  {
    "Brand_Product_Size": "Bega Peanut Butter Smooth 375g",
    "WOW Price": 4.9,
    "WOW Size": "375g",
    "WOW ppu": "$1.31 / 100G"
  },
  {
    "Brand_Product_Size": "T2 Melbourne Breakfast Black Tea Bags 25 pack",
    "WOW Price": 14,
    "WOW Size": "25 pack",
    "WOW ppu": "$0.56 / 1EA"
  },
  {
    "Brand_Product_Size": "T2 Melbourne Breakfast Black Tea Bags 25 pack",
    "WOW Price": 14,
    "WOW Size": "25 pack",
    "WOW ppu": "$0.56 / 1EA"
  },
  {
    "Brand_Product_Size": "Woolworths Thin Brown Rice Cakes Original 150g",
    "WOW Price": 1.65,
    "WOW Size": "150g",
    "WOW ppu": "$1.10 / 100G"
  },
  {
    "Brand_Product_Size": "Woolworths Thin Brown Rice Cakes Original 150g",
    "WOW Price": 1.65,
    "WOW Size": "150g",
    "WOW ppu": "$1.10 / 100G"
  },
  {
    "Brand_Product_Size": "Jordans Strawberry Crispy Oat Clusters 500g",
    "WOW Price": 7,
    "WOW Size": "500g",
    "WOW ppu": "$1.40 / 100G"
  },
  {
    "Brand_Product_Size": "Moira Mac's Marinated Bbq Chicken Breast Sliced per kg",
    "WOW Price": 24,
    "WOW Size": "per kg",
    "WOW ppu": "$24.00 / 1KG"
  },
  {
    "Brand_Product_Size": "Garnier Fructis Normal Strength & Shine Conditioner 315mL",
    "WOW Price": 7,
    "WOW Size": "315mL",
    "WOW ppu": "$2.22 / 100ML"
  },
  {
    "Brand_Product_Size": "Schwarzkopf Nordic Blonde M1 Streaking Kit each",
    "WOW Price": 20,
    "WOW Size": "each",
    "WOW ppu": ""
  },
  {
    "Brand_Product_Size": "Rimmel Stay Matte Powder Pressed Silk Beige 14g",
    "WOW Price": 6,
    "WOW Size": "14g",
    "WOW ppu": "$4.29 / 10G"
  },
  {
    "Brand_Product_Size": "Rosella Aristocrat Onions Cocktail White 150g",
    "WOW Price": 2.15,
    "WOW Size": "150g",
    "WOW ppu": "$14.33 / 1KG"
  },
  {
    "Brand_Product_Size": "Arm & Hammer Clump & Seal Slide Multi Cat Litter 6.35kg",
    "WOW Price": 22,
    "WOW Size": "6.35kg",
    "WOW ppu": "$3.46 / 1KG"
  },
  {
    "Brand_Product_Size": "Woolworths Salted Beer Nuts 500g",
    "WOW Price": 3.3,
    "WOW Size": "500g",
    "WOW ppu": "$6.60 / 1KG"
  },
  {
    "Brand_Product_Size": "Ayam Coconut Milk 270mL",
    "WOW Price": 2.6,
    "WOW Size": "270mL",
    "WOW ppu": "$0.96 / 100ML"
  },
  {
    "Brand_Product_Size": "Kez's Gluten Free Princetons Chocolate Cream 125g",
    "WOW Price": 4.2,
    "WOW Size": "125g",
    "WOW ppu": "$3.36 / 100G"
  },
  {
    "Brand_Product_Size": "Nudie Kids Tetra Orange 200mL",
    "WOW Price": 1.2,
    "WOW Size": "200mL",
    "WOW ppu": "$6.00 / 1L"
  },
  {
    "Brand_Product_Size": "Redheads Extra Long Matches Extra Long 45 pack",
    "WOW Price": 2.75,
    "WOW Size": "45 pack",
    "WOW ppu": "$6.11 / 100EA"
  },
  {
    "Brand_Product_Size": "Balnea Premium Hand Cream Verbena & Cedarwood 75mL",
    "WOW Price": 4,
    "WOW Size": "75mL",
    "WOW ppu": "$5.33 / 100ML"
  },
  {
    "Brand_Product_Size": "L'oreal Revitalift Filler Day Cream 50mL",
    "WOW Price": 27,
    "WOW Size": "50mL",
    "WOW ppu": "$54.00 / 100ML"
  },
  {
    "Brand_Product_Size": "Colgate Cavity Protection Great Regular Flavour Toothpaste 175g",
    "WOW Price": 2.99,
    "WOW Size": "175g",
    "WOW ppu": "$1.71 / 100G"
  },
  {
    "Brand_Product_Size": "Sugarless Low Calorie Sweetener Tablets 400 pack",
    "WOW Price": 4,
    "WOW Size": "400 pack",
    "WOW ppu": "$0.01 / 1EA"
  },
  {
    "Brand_Product_Size": "Cadbury Mint Mini Rolls 5 pack",
    "WOW Price": 1.87,
    "WOW Size": "5 pack",
    "WOW ppu": "$0.37 / 1EA"
  },
  {
    "Brand_Product_Size": "Wattie's Spaghetti In Tomato Sauce 420g",
    "WOW Price": 1.55,
    "WOW Size": "420g",
    "WOW ppu": "$0.37 / 100G"
  },
  {
    "Brand_Product_Size": "Nestle Skim Sweetened Condensed Milk 410g",
    "WOW Price": 3.2,
    "WOW Size": "410g",
    "WOW ppu": "$0.78 / 100G"
  },
  {
    "Brand_Product_Size": "Nestle Skim Sweetened Condensed Milk 410g",
    "WOW Price": 3.2,
    "WOW Size": "410g",
    "WOW ppu": "$0.78 / 100G"
  },
  {
    "Brand_Product_Size": "Nestle Skim Sweetened Condensed Milk 410g",
    "WOW Price": 3.2,
    "WOW Size": "410g",
    "WOW ppu": "$0.78 / 100G"
  },
  {
    "Brand_Product_Size": "Mcobeauty Ultra Stay Liquid Matte Cool Honey 4.8mL",
    "WOW Price": 8,
    "WOW Size": "4.8mL",
    "WOW ppu": "$16.67 / 10ML"
  },
  {
    "Brand_Product_Size": "Obela Hommus Garnished With Zesty Jalapenos 220g",
    "WOW Price": 4,
    "WOW Size": "220g",
    "WOW ppu": "$1.82 / 100G"
  },
  {
    "Brand_Product_Size": "Allen's Frogs Alive Lollies Bag 190g",
    "WOW Price": 3,
    "WOW Size": "190g",
    "WOW ppu": "$1.58 / 100G"
  },
  {
    "Brand_Product_Size": "Nuk First Choice Learner Bottle Mickey Edition 6-18m Assorted 150mL",
    "WOW Price": 16,
    "WOW Size": "150mL",
    "WOW ppu": "$16.00 / 1EA"
  },
  {
    "Brand_Product_Size": "Sally Hansen Complete Care 7 In 1 13.3mL",
    "WOW Price": 10,
    "WOW Size": "13.3mL",
    "WOW ppu": "$7.52 / 10ML"
  },
  {
    "Brand_Product_Size": "Woolworths Salted Cashews 200g",
    "WOW Price": 5.5,
    "WOW Size": "200g",
    "WOW ppu": "$27.50 / 1KG"
  },
  {
    "Brand_Product_Size": "Head & Shoulders Cool Menthol Shampoo 660mL",
    "WOW Price": 11.9,
    "WOW Size": "660mL",
    "WOW ppu": "$1.80 / 100ML"
  },
  {
    "Brand_Product_Size": "Mutti Pesto Style Stir Through Sauce Red Tomato 280g",
    "WOW Price": 2.25,
    "WOW Size": "280g",
    "WOW ppu": "$0.80 / 100G"
  },
  {
    "Brand_Product_Size": "Ayam Kecap Manis Sweet Soy Sauce 210mL",
    "WOW Price": 3.2,
    "WOW Size": "210mL",
    "WOW ppu": "$1.52 / 100ML"
  },
  {
    "Brand_Product_Size": "Always Fresh Semi-dried Cherry Tomatoes 220g",
    "WOW Price": 4,
    "WOW Size": "220g",
    "WOW ppu": "$1.82 / 100G"
  },
  {
    "Brand_Product_Size": "Mortein Insect Spray Odourless Aerosol Fly & Mosquito Killer 350g",
    "WOW Price": 6.35,
    "WOW Size": "350g",
    "WOW ppu": "$1.81 / 100G"
  },
  {
    "Brand_Product_Size": "Bonds Kids Socks Lowcut Sport Size 3-8 3 pack",
    "WOW Price": 9.1,
    "WOW Size": "3 pack",
    "WOW ppu": "$3.03 / 1EA"
  },
  {
    "Brand_Product_Size": "Love Luna Lady Leaks Midi Brief Size 12-14 each",
    "WOW Price": 16,
    "WOW Size": "each",
    "WOW ppu": "$16.00 / 1EA"
  },
  {
    "Brand_Product_Size": "Birch & Waite Creamy Caesar Dressing 250mL",
    "WOW Price": 5,
    "WOW Size": "250mL",
    "WOW ppu": "$2.00 / 100ML"
  },
  {
    "Brand_Product_Size": "Mclintocks Vanilla Fresh Fridge Wipe & Deodorizer 500mL",
    "WOW Price": 4.75,
    "WOW Size": "500mL",
    "WOW ppu": "$0.95 / 100ML"
  },
  {
    "Brand_Product_Size": "Herbert Adams Rolls Flaky Cheese & Spinach 440g",
    "WOW Price": 5.4,
    "WOW Size": "440g",
    "WOW ppu": "$1.23 / 100G"
  },
  {
    "Brand_Product_Size": "Time's Up Sonic Pest Repeller each",
    "WOW Price": 18,
    "WOW Size": "each",
    "WOW ppu": ""
  },
  {
    "Brand_Product_Size": "Thankyou. Botanical Mint & Spring Flowers Body Wash 1L",
    "WOW Price": 13,
    "WOW Size": "1L",
    "WOW ppu": "$1.30 / 100ML"
  },
  {
    "Brand_Product_Size": "Kinkawooka Fresh Live Pot Ready Mussels 1kg",
    "WOW Price": 9,
    "WOW Size": "1kg",
    "WOW ppu": "$9.00 / 1KG"
  },
  {
    "Brand_Product_Size": "Diet Rite Lemon Lime Orange 1L",
    "WOW Price": 3,
    "WOW Size": "1L",
    "WOW ppu": "$3.00 / 1L"
  },
  {
    "Brand_Product_Size": "Swisse Ultiboost Magnesium 60 tabLets",
    "WOW Price": 21,
    "WOW Size": "60 tabLets",
    "WOW ppu": "$35.00 / 100EA"
  },
  {
    "Brand_Product_Size": "Jazz Apple each",
    "WOW Price": 0.79,
    "WOW Size": "each",
    "WOW ppu": "$0.79 / 1EA"
  },
  {
    "Brand_Product_Size": "Jazz Apple each",
    "WOW Price": 0.79,
    "WOW Size": "each",
    "WOW ppu": "$0.79 / 1EA"
  },
  {
    "Brand_Product_Size": "Chobani Fit X Strawberry Choc Hit 140g",
    "WOW Price": 2.5,
    "WOW Size": "140g",
    "WOW ppu": "$1.79 / 100G"
  },
  {
    "Brand_Product_Size": "Explorer Socks Mens Navy Size 6-10 each",
    "WOW Price": 15,
    "WOW Size": "each",
    "WOW ppu": "$15.00 / 1EA"
  },
  {
    "Brand_Product_Size": "Lurpak Slightly Salted Danish Butter 250g",
    "WOW Price": 5,
    "WOW Size": "250g",
    "WOW ppu": "$2.00 / 100G"
  },
  {
    "Brand_Product_Size": "Double Pheonix Dongguan Rice Stick 400g",
    "WOW Price": 2,
    "WOW Size": "400g",
    "WOW ppu": "$0.50 / 100G"
  },
  {
    "Brand_Product_Size": "L'oreal Revitalift Day Cream Light Texture 50mL",
    "WOW Price": 19.75,
    "WOW Size": "50mL",
    "WOW ppu": "$39.50 / 100ML"
  },
  {
    "Brand_Product_Size": "Moccona Coconut Cappuccino 8 pack",
    "WOW Price": 3,
    "WOW Size": "8 pack",
    "WOW ppu": "$0.38 / 1EA"
  },
  {
    "Brand_Product_Size": "Moccona Coconut Cappuccino 8 pack",
    "WOW Price": 3,
    "WOW Size": "8 pack",
    "WOW ppu": "$0.38 / 1EA"
  },
  {
    "Brand_Product_Size": "San Remo Spirals Large Pasta 500g",
    "WOW Price": 2.6,
    "WOW Size": "500g",
    "WOW ppu": "$0.52 / 100G"
  },
  {
    "Brand_Product_Size": "Always Fresh Mini Grissini Garlic 6 pack",
    "WOW Price": 4,
    "WOW Size": "6 pack",
    "WOW ppu": "$3.03 / 100G"
  },
  {
    "Brand_Product_Size": "Twinings Pure Peppermint Tea Bags 80 pack",
    "WOW Price": 11.2,
    "WOW Size": "80 pack",
    "WOW ppu": "$0.14 / 1EA"
  },
  {
    "Brand_Product_Size": "Twinings Pure Peppermint Tea Bags 80 pack",
    "WOW Price": 11.2,
    "WOW Size": "80 pack",
    "WOW ppu": "$0.14 / 1EA"
  },
  {
    "Brand_Product_Size": "Woolworths Essentials Nylon Utensils 6 pack",
    "WOW Price": 6,
    "WOW Size": "6 pack",
    "WOW ppu": ""
  },
  {
    "Brand_Product_Size": "Woolworths Rustic White Sourdough Loaf 500g",
    "WOW Price": 5,
    "WOW Size": "500g",
    "WOW ppu": "$1.00 / 100G"
  },
  {
    "Brand_Product_Size": "Bare Bakers Double Choc Muffin Bar 185g",
    "WOW Price": 5.5,
    "WOW Size": "185g",
    "WOW ppu": "$2.97 / 100G"
  },
  {
    "Brand_Product_Size": "Cottee's Pineapple & Passionfruit Cans 375mL x10 pack",
    "WOW Price": 7,
    "WOW Size": "375mL x10 pack",
    "WOW ppu": "$1.87 / 1L"
  },
  {
    "Brand_Product_Size": "Bondi Sands Tanning Mitt Tanning Mitt each",
    "WOW Price": 10,
    "WOW Size": "each",
    "WOW ppu": ""
  },
  {
    "Brand_Product_Size": "Danone Ultimate Yoghurt Strawberry 115g x4 pack",
    "WOW Price": 3.5,
    "WOW Size": "115g x4 pack",
    "WOW ppu": "$0.76 / 100G"
  },
  {
    "Brand_Product_Size": "Herbal Essences Sulfate Free Potent Aloe & Bamboo Shampoo 400mL",
    "WOW Price": 10,
    "WOW Size": "400mL",
    "WOW ppu": "$2.50 / 100ML"
  },
  {
    "Brand_Product_Size": "Jumpy's Variety Multi Pack Chips 10 pack",
    "WOW Price": 5.2,
    "WOW Size": "10 pack",
    "WOW ppu": "$2.89 / 100G"
  },
  {
    "Brand_Product_Size": "Mccormicks Grill Mates Chipotle & Garlic 40g",
    "WOW Price": 1.5,
    "WOW Size": "40g",
    "WOW ppu": "$0.38 / 10G"
  },
  {
    "Brand_Product_Size": "Mon Ami French Brie Cheese 200g",
    "WOW Price": 5,
    "WOW Size": "200g",
    "WOW ppu": "$25.00 / 1KG"
  },
  {
    "Brand_Product_Size": "Mon Ami French Brie Cheese 200g",
    "WOW Price": 5,
    "WOW Size": "200g",
    "WOW ppu": "$25.00 / 1KG"
  },
  {
    "Brand_Product_Size": "Baxter's Dog Food Casserole Lamb, Pasta & Veg 1.2kg",
    "WOW Price": 2.4,
    "WOW Size": "1.2kg",
    "WOW ppu": "$0.20 / 100G"
  },
  {
    "Brand_Product_Size": "Bref Power Active Toilet Cleaner Fresh Flowers 50g",
    "WOW Price": 3.5,
    "WOW Size": "50g",
    "WOW ppu": "$7.00 / 100G"
  },
  {
    "Brand_Product_Size": "Korbond Party Novelty Birthday Ribbon Assorted each",
    "WOW Price": 2.5,
    "WOW Size": "each",
    "WOW ppu": "$2.50 / 1EA"
  },
  {
    "Brand_Product_Size": "Woolworths Spring Water 10L",
    "WOW Price": 4,
    "WOW Size": "10L",
    "WOW ppu": "$0.40 / 1L"
  },
  {
    "Brand_Product_Size": "Rufus & Coco Designer Cat Collar each",
    "WOW Price": 13,
    "WOW Size": "each",
    "WOW ppu": "$13.00 / 1EA"
  },
  {
    "Brand_Product_Size": "Patties Party Pies 24 pack",
    "WOW Price": 14,
    "WOW Size": "24 pack",
    "WOW ppu": "$1.25 / 100G"
  },
  {
    "Brand_Product_Size": "Picasso Pizza Dough Ball 250g",
    "WOW Price": 2,
    "WOW Size": "250g",
    "WOW ppu": "$0.80 / 100G"
  },
  {
    "Brand_Product_Size": "Woolworths Simply Steam Cauliflower Broccoli & Sweet Potato Rice 250g",
    "WOW Price": 3.5,
    "WOW Size": "250g",
    "WOW ppu": "$14.00 / 1KG"
  },
  {
    "Brand_Product_Size": "Woolworths Chilli Haloumi Cheese 180g",
    "WOW Price": 4,
    "WOW Size": "180g",
    "WOW ppu": "$22.22 / 1KG"
  },
  {
    "Brand_Product_Size": "Woolworths Chilli Haloumi Cheese 180g",
    "WOW Price": 4,
    "WOW Size": "180g",
    "WOW ppu": "$22.22 / 1KG"
  },
  {
    "Brand_Product_Size": "The Spice Tailor Southern Pepper Curry 300g",
    "WOW Price": 2.75,
    "WOW Size": "300g",
    "WOW ppu": "$0.92 / 100G"
  },
  {
    "Brand_Product_Size": "Unreal Co. Plant Based Chick'n Chives Sausages 350g",
    "WOW Price": 7,
    "WOW Size": "350g",
    "WOW ppu": "$20.00 / 1KG"
  },
  {
    "Brand_Product_Size": "Allen's Milko Sticks 300g",
    "WOW Price": 5,
    "WOW Size": "300g",
    "WOW ppu": "$1.67 / 100G"
  },
  {
    "Brand_Product_Size": "Kellogg's Lcms Choc Chip Snack Bars 6 pack",
    "WOW Price": 2,
    "WOW Size": "6 pack",
    "WOW ppu": "$1.52 / 100G"
  },
  {
    "Brand_Product_Size": "Kellogg's Lcms Choc Chip Snack Bars 6 pack",
    "WOW Price": 2,
    "WOW Size": "6 pack",
    "WOW ppu": "$1.52 / 100G"
  },
  {
    "Brand_Product_Size": "Menissez Bake At Home White Dinner Rolls 12 pack",
    "WOW Price": 3.5,
    "WOW Size": "12 pack",
    "WOW ppu": "$0.29 / 1EA"
  },
  {
    "Brand_Product_Size": "Campbell's Country Ladle Canned Soup Chicken & Sweet Corn 505g",
    "WOW Price": 1.75,
    "WOW Size": "505g",
    "WOW ppu": "$0.35 / 100G"
  },
  {
    "Brand_Product_Size": "Johnson's Daily Essentials Facial Cleansing Wipes Normal Skin 3 x25 pack",
    "WOW Price": 14.5,
    "WOW Size": "3 x25 pack",
    "WOW ppu": "$0.19 / 1EA"
  },
  {
    "Brand_Product_Size": "Johnson's Baby Pure Cotton Buds 60 pack",
    "WOW Price": 3.2,
    "WOW Size": "60 pack",
    "WOW ppu": "$5.33 / 100EA"
  },
  {
    "Brand_Product_Size": "Maybelline Lifter Gloss Silk 5.4mL",
    "WOW Price": 9.5,
    "WOW Size": "5.4mL",
    "WOW ppu": "$17.59 / 10ML"
  },
  {
    "Brand_Product_Size": "Talley's Chilled Mussels Lime & Coriander 375g",
    "WOW Price": 7.75,
    "WOW Size": "375g",
    "WOW ppu": "$20.67 / 1KG"
  },
  {
    "Brand_Product_Size": "Woolworths Green Olives Pomegranate & Harissa 110g",
    "WOW Price": 3.5,
    "WOW Size": "110g",
    "WOW ppu": "$3.18 / 100G"
  },
  {
    "Brand_Product_Size": "Garlo's Curry Beef Pie 200g",
    "WOW Price": 4,
    "WOW Size": "200g",
    "WOW ppu": "$2.00 / 100G"
  },
  {
    "Brand_Product_Size": "Sanitarium Weet-bix Blends Hi-bran+ Breakfast Cereal 750g",
    "WOW Price": 5.7,
    "WOW Size": "750g",
    "WOW ppu": "$0.76 / 100G"
  },
  {
    "Brand_Product_Size": "Geelong Brush Scrubbing Brush Maxi each",
    "WOW Price": 6.5,
    "WOW Size": "each",
    "WOW ppu": "$6.50 / 1EA"
  },
  {
    "Brand_Product_Size": "Nice & Natural Nut Butter Bars Cashew Butter With Peanuts & Dark Choc 5 pack",
    "WOW Price": 2.5,
    "WOW Size": "5 pack",
    "WOW ppu": "$1.43 / 100G"
  },
  {
    "Brand_Product_Size": "Nice & Natural Nut Butter Bars Cashew Butter With Peanuts & Dark Choc 5 pack",
    "WOW Price": 2.5,
    "WOW Size": "5 pack",
    "WOW ppu": "$1.43 / 100G"
  },
  {
    "Brand_Product_Size": "Living Planet Uht Goats Milk 1L",
    "WOW Price": 4.7,
    "WOW Size": "1L",
    "WOW ppu": "$4.70 / 1L"
  },
  {
    "Brand_Product_Size": "Living Planet Uht Goats Milk 1L",
    "WOW Price": 4.7,
    "WOW Size": "1L",
    "WOW ppu": "$4.70 / 1L"
  },
  {
    "Brand_Product_Size": "Fluffy Freshen Up Clothes Refresher 400mL",
    "WOW Price": 5.25,
    "WOW Size": "400mL",
    "WOW ppu": "$13.13 / 1L"
  },
  {
    "Brand_Product_Size": "Huggies Ultra Dry Nappies Toddler 10-15kg Girl 36 pack buLk",
    "WOW Price": 16,
    "WOW Size": "36 pack buLk",
    "WOW ppu": "$0.44 / 1EA"
  },
  {
    "Brand_Product_Size": "Garnier Micellar Rose Cleansing Water Clean & Glow 400mL",
    "WOW Price": 9,
    "WOW Size": "400mL",
    "WOW ppu": "$2.25 / 100ML"
  },
  {
    "Brand_Product_Size": "Mildura Orange & Passionfruit Fruit Drink 3L",
    "WOW Price": 4.95,
    "WOW Size": "3L",
    "WOW ppu": "$1.65 / 1L"
  },
  {
    "Brand_Product_Size": "Bonds Baby Light Quarter Crew Sock 2 pack",
    "WOW Price": 5.4,
    "WOW Size": "2 pack",
    "WOW ppu": ""
  },
  {
    "Brand_Product_Size": "Purity Sensitive Fabric Softener 2L",
    "WOW Price": 6,
    "WOW Size": "2L",
    "WOW ppu": "$3.00 / 1L"
  },
  {
    "Brand_Product_Size": "Decor Glass Measuring Jug With Lid 650mL",
    "WOW Price": 15,
    "WOW Size": "650mL",
    "WOW ppu": ""
  },
  {
    "Brand_Product_Size": "Woolworths Bbq Salmon Kebabs With Coriander & Lemongrass 250g",
    "WOW Price": 9,
    "WOW Size": "250g",
    "WOW ppu": "$36.00 / 1KG"
  },
  {
    "Brand_Product_Size": "Always Discreet Normal For Bladder Leaks 24 pack",
    "WOW Price": 3.6,
    "WOW Size": "24 pack",
    "WOW ppu": "$0.15 / 1EA"
  },
  {
    "Brand_Product_Size": "Woolworths Light Whipped Cream 250g",
    "WOW Price": 4,
    "WOW Size": "250g",
    "WOW ppu": "$1.60 / 100G"
  },
  {
    "Brand_Product_Size": "Rexona Men Antiperspirant Deodorant Stick Sport 52mL",
    "WOW Price": 4,
    "WOW Size": "52mL",
    "WOW ppu": "$7.69 / 100ML"
  },
  {
    "Brand_Product_Size": "Glade 3 Wick Candle Sheer Vanilla 193g",
    "WOW Price": 10,
    "WOW Size": "193g",
    "WOW ppu": "$10.00 / 1EA"
  },
  {
    "Brand_Product_Size": "Energizer Iphone Audio Adapter Cable each",
    "WOW Price": 30,
    "WOW Size": "each",
    "WOW ppu": ""
  },
  {
    "Brand_Product_Size": "Skittles Fruits Lollies Bottle 100g",
    "WOW Price": 4,
    "WOW Size": "100g",
    "WOW ppu": "$4.00 / 100G"
  },
  {
    "Brand_Product_Size": "Nature's Way Apple Cider Vinegar Diet Tablets 60 pack",
    "WOW Price": 30,
    "WOW Size": "60 pack",
    "WOW ppu": "$50.00 / 100EA"
  },
  {
    "Brand_Product_Size": "Woolworths Fish Fingers Fillets 400g",
    "WOW Price": 3.8,
    "WOW Size": "400g",
    "WOW ppu": "$9.50 / 1KG"
  },
  {
    "Brand_Product_Size": "Essentials Cooking Bacon 1kg",
    "WOW Price": 9,
    "WOW Size": "1kg",
    "WOW ppu": "$9.00 / 1KG"
  },
  {
    "Brand_Product_Size": "Magnum Mini Ice Cream Dulce De Leche 6 pack",
    "WOW Price": 9,
    "WOW Size": "6 pack",
    "WOW ppu": "$2.50 / 100ML"
  },
  {
    "Brand_Product_Size": "Tena Active Panty Liners Long 39 pack",
    "WOW Price": 5,
    "WOW Size": "39 pack",
    "WOW ppu": "$0.13 / 1EA"
  },
  {
    "Brand_Product_Size": "Selleys Power Grip 8mL",
    "WOW Price": 10,
    "WOW Size": "8mL",
    "WOW ppu": "$10.00 / 1EA"
  },
  {
    "Brand_Product_Size": "Health Lab Almond Amaze Nut Butter Filled Ball 40g",
    "WOW Price": 2,
    "WOW Size": "40g",
    "WOW ppu": "$5.00 / 100G"
  },
  {
    "Brand_Product_Size": "Woolworths Nile Perch Thawed Fillets per kg",
    "WOW Price": 14,
    "WOW Size": "per kg",
    "WOW ppu": "$14.00 / 1KG"
  },
  {
    "Brand_Product_Size": "Mamee Chef Tom Yam Cup 72g",
    "WOW Price": 1.15,
    "WOW Size": "72g",
    "WOW ppu": "$1.60 / 100G"
  },
  {
    "Brand_Product_Size": "Woolworths Frozen Blueberries 500g",
    "WOW Price": 4,
    "WOW Size": "500g",
    "WOW ppu": "$8.00 / 1KG"
  },
  {
    "Brand_Product_Size": "Skyn Sensual Touch Massage Gel 200mL",
    "WOW Price": 11,
    "WOW Size": "200mL",
    "WOW ppu": "$5.50 / 100ML"
  },
  {
    "Brand_Product_Size": "Jif Cream Cleanser With Micro Particles Original 500mL",
    "WOW Price": 4,
    "WOW Size": "500mL",
    "WOW ppu": "$0.80 / 100ML"
  },
  {
    "Brand_Product_Size": "Woolworths Walnuts Californian 190g",
    "WOW Price": 4.4,
    "WOW Size": "190g",
    "WOW ppu": "$23.16 / 1KG"
  },
  {
    "Brand_Product_Size": "Nescafe Dolce Gusto Intenso 16 capsuLes",
    "WOW Price": 6,
    "WOW Size": "16 capsuLes",
    "WOW ppu": "$0.38 / 1EA"
  },
  {
    "Brand_Product_Size": "Nescafe Dolce Gusto Intenso 16 capsuLes",
    "WOW Price": 6,
    "WOW Size": "16 capsuLes",
    "WOW ppu": "$0.38 / 1EA"
  },
  {
    "Brand_Product_Size": "Maybelline Total Temptation Volumizing Mascara - Blackest Black 8.25mL",
    "WOW Price": 11,
    "WOW Size": "8.25mL",
    "WOW ppu": "$13.33 / 10ML"
  },
  {
    "Brand_Product_Size": "Inspire Metal Pedal Bin 5l each",
    "WOW Price": 15,
    "WOW Size": "each",
    "WOW ppu": ""
  },
  {
    "Brand_Product_Size": "For Kids Kids Sport Socks Low Cut Size 2-8 4 pack",
    "WOW Price": 8,
    "WOW Size": "4 pack",
    "WOW ppu": "$2.00 / 1EA"
  },
  {
    "Brand_Product_Size": "Armada Metallic Paper Bowl Assorted 10 pack",
    "WOW Price": 2,
    "WOW Size": "10 pack",
    "WOW ppu": "$0.20 / 1EA"
  },
  {
    "Brand_Product_Size": "Blu Gourmet Pearl Couscous 400g",
    "WOW Price": 5,
    "WOW Size": "400g",
    "WOW ppu": "$1.25 / 100G"
  },
  {
    "Brand_Product_Size": "Winners Sports Nutrition Energy Gel Berry Burst 4pk 40g",
    "WOW Price": 8.5,
    "WOW Size": "40g",
    "WOW ppu": "$5.31 / 100G"
  },
  {
    "Brand_Product_Size": "Farex Baby Food 4 Months+ Rice Cereal 125g",
    "WOW Price": 2,
    "WOW Size": "125g",
    "WOW ppu": "$1.60 / 100G"
  },
  {
    "Brand_Product_Size": "Peters Drumstick Ice Cream Boysenberry Swirl 4 pack",
    "WOW Price": 8.4,
    "WOW Size": "4 pack",
    "WOW ppu": "$1.77 / 100ML"
  },
  {
    "Brand_Product_Size": "Soften Concentrated Fabric Softener Oriental Kiss 1L",
    "WOW Price": 3.8,
    "WOW Size": "1L",
    "WOW ppu": "$3.80 / 1L"
  },
  {
    "Brand_Product_Size": "Ajax Spray N'wipe Multipurpose Antibacterial Cleaner Lavender 500mL",
    "WOW Price": 3,
    "WOW Size": "500mL",
    "WOW ppu": "$0.60 / 100ML"
  },
  {
    "Brand_Product_Size": "Schweppes Brown Cream Soda 1.1L",
    "WOW Price": 1.25,
    "WOW Size": "1.1L",
    "WOW ppu": "$1.14 / 1L"
  },
  {
    "Brand_Product_Size": "Munchkin Miracle 360 Trainer Cup Assorted each",
    "WOW Price": 10,
    "WOW Size": "each",
    "WOW ppu": ""
  },
  {
    "Brand_Product_Size": "Dettol Biodegradable Disinfectant Cleaning Wipes Fresh 90 pack",
    "WOW Price": 10,
    "WOW Size": "90 pack",
    "WOW ppu": "$11.11 / 100EA"
  },
  {
    "Brand_Product_Size": "Green Gardener Multi Pattern Spray Trigger Gun each",
    "WOW Price": 9,
    "WOW Size": "each",
    "WOW ppu": ""
  },
  {
    "Brand_Product_Size": "Woolworths Penne Napolitana 375g",
    "WOW Price": 3,
    "WOW Size": "375g",
    "WOW ppu": "$0.80 / 100G"
  },
  {
    "Brand_Product_Size": "Vegie Delights Vegie Mince 400g",
    "WOW Price": 6,
    "WOW Size": "400g",
    "WOW ppu": "$15.00 / 1KG"
  },
  {
    "Brand_Product_Size": "Clif Bar Energy Bar White Chocolate Macadamia 68g",
    "WOW Price": 3,
    "WOW Size": "68g",
    "WOW ppu": "$4.41 / 100G"
  },
  {
    "Brand_Product_Size": "Fab Gold Absolute Laundry Liquid 3.6L",
    "WOW Price": 15,
    "WOW Size": "3.6L",
    "WOW ppu": "$4.17 / 1L"
  },
  {
    "Brand_Product_Size": "Energizer Cap Light each",
    "WOW Price": 10,
    "WOW Size": "each",
    "WOW ppu": ""
  },
  {
    "Brand_Product_Size": "Tradie Ladies Bikini Size 14 3 pack",
    "WOW Price": 15,
    "WOW Size": "3 pack",
    "WOW ppu": ""
  },
  {
    "Brand_Product_Size": "Pcc Whole Kychees In Syrup 565g",
    "WOW Price": 2.75,
    "WOW Size": "565g",
    "WOW ppu": "$4.87 / 1KG"
  },
  {
    "Brand_Product_Size": "Tommee Tippee Advanced Sensitive Soother 0-6 Month 2 pack",
    "WOW Price": 8.4,
    "WOW Size": "2 pack",
    "WOW ppu": "$8.40 / 1EA"
  },
  {
    "Brand_Product_Size": "Manicare Emery Boards 120mm 8 pack",
    "WOW Price": 2.2,
    "WOW Size": "8 pack",
    "WOW ppu": ""
  },
  {
    "Brand_Product_Size": "Brunnings Pressure Sprayer 2l 2L",
    "WOW Price": 4,
    "WOW Size": "2L",
    "WOW ppu": ""
  },
  {
    "Brand_Product_Size": "Maggi Side Dish Cheese & Cauliflower Flavoured Potato Bake 30g",
    "WOW Price": 1.75,
    "WOW Size": "30g",
    "WOW ppu": "$5.83 / 100G"
  },
  {
    "Brand_Product_Size": "Macro Cereal Lsa 250g",
    "WOW Price": 3.3,
    "WOW Size": "250g",
    "WOW ppu": "$1.32 / 100G"
  },
  {
    "Brand_Product_Size": "Lifestyles Luxe Lubricants 100mL",
    "WOW Price": 10,
    "WOW Size": "100mL",
    "WOW ppu": "$10.00 / 100ML"
  },
  {
    "Brand_Product_Size": "Two Good Vanilla Yoghurt 150g",
    "WOW Price": 1.5,
    "WOW Size": "150g",
    "WOW ppu": "$1.00 / 100G"
  },
  {
    "Brand_Product_Size": "Munchables Chocolate Mousse 50g x12 pack",
    "WOW Price": 6.5,
    "WOW Size": "50g x12 pack",
    "WOW ppu": "$1.08 / 100G"
  },
  {
    "Brand_Product_Size": "Uncle Ben's Microwave Brown Red & Wild Rice Medley 250g",
    "WOW Price": 2.4,
    "WOW Size": "250g",
    "WOW ppu": "$0.96 / 100G"
  },
  {
    "Brand_Product_Size": "Berocca Energy Vitamin Orange Effervescent Tablets 45 pack",
    "WOW Price": 17,
    "WOW Size": "45 pack",
    "WOW ppu": "$37.78 / 100EA"
  },
  {
    "Brand_Product_Size": "Golden Circle Grape Juice 2L",
    "WOW Price": 3,
    "WOW Size": "2L",
    "WOW ppu": "$1.50 / 1L"
  },
  {
    "Brand_Product_Size": "V.i.p Adult Dog Food Mega Bite Roll 3kg",
    "WOW Price": 7,
    "WOW Size": "3kg",
    "WOW ppu": "$0.23 / 100G"
  },
  {
    "Brand_Product_Size": "Smitten Cat Litter Crystals 6kg",
    "WOW Price": 22,
    "WOW Size": "6kg",
    "WOW ppu": "$3.67 / 1KG"
  },
  {
    "Brand_Product_Size": "L'oreal Paris Le Khol Eye Liner Midnight Black 0.2g",
    "WOW Price": 9.5,
    "WOW Size": "0.2g",
    "WOW ppu": "$475.00 / 10G"
  },
  {
    "Brand_Product_Size": "Continental Pasta & Sauce Chicken Curry 90g",
    "WOW Price": 1.6,
    "WOW Size": "90g",
    "WOW ppu": "$1.78 / 100G"
  },
  {
    "Brand_Product_Size": "Ansell Gloves Heavy Duty Medium each",
    "WOW Price": 3.8,
    "WOW Size": "each",
    "WOW ppu": "$3.80 / 1EA"
  },
  {
    "Brand_Product_Size": "Sam's Pantry Almond & Vanilla Clusters 750g",
    "WOW Price": 5,
    "WOW Size": "750g",
    "WOW ppu": "$0.67 / 100G"
  },
  {
    "Brand_Product_Size": "Woolworths Frozen Salmon Fillets Skin On 250g",
    "WOW Price": 6.3,
    "WOW Size": "250g",
    "WOW ppu": "$25.20 / 1KG"
  },
  {
    "Brand_Product_Size": "Energizer Advanced 9v Batteries 2 pack",
    "WOW Price": 14,
    "WOW Size": "2 pack",
    "WOW ppu": "$7.00 / 1EA"
  },
  {
    "Brand_Product_Size": "Norfolk Bay Natural Wood Smoked Prawns 120g",
    "WOW Price": 10,
    "WOW Size": "120g",
    "WOW ppu": "$83.33 / 1KG"
  },
  {
    "Brand_Product_Size": "Red Bull Energy Drink Sugar Free 4x250mL",
    "WOW Price": 7.5,
    "WOW Size": "4x250mL",
    "WOW ppu": "$7.50 / 1L"
  },
  {
    "Brand_Product_Size": "Sunbeam Sultanas 375g",
    "WOW Price": 4,
    "WOW Size": "375g",
    "WOW ppu": "$10.67 / 1KG"
  },
  {
    "Brand_Product_Size": "Woolworths Porterhouse Steak With Herb & Butter 400g",
    "WOW Price": 16,
    "WOW Size": "400g",
    "WOW ppu": "$40.00 / 1KG"
  },
  {
    "Brand_Product_Size": "Cadbury Chomp 30g bar",
    "WOW Price": 0.8,
    "WOW Size": "30g bar",
    "WOW ppu": "$2.67 / 100G"
  },
  {
    "Brand_Product_Size": "Calbee Golden Chipees Bacon & Cheddar 100g",
    "WOW Price": 3,
    "WOW Size": "100g",
    "WOW ppu": "$3.00 / 100G"
  },
  {
    "Brand_Product_Size": "Schwarzkopf Live Colour Red Embers 75mL",
    "WOW Price": 14,
    "WOW Size": "75mL",
    "WOW ppu": "$18.67 / 100ML"
  },
  {
    "Brand_Product_Size": "Siggi's 4% Fat Yoghurt Mixed Berry 125g",
    "WOW Price": 2,
    "WOW Size": "125g",
    "WOW ppu": "$1.60 / 100G"
  },
  {
    "Brand_Product_Size": "Glad Kitchen Tidy Wavetop Small 72 pack",
    "WOW Price": 5.3,
    "WOW Size": "72 pack",
    "WOW ppu": "$0.07 / 1EA"
  },
  {
    "Brand_Product_Size": "Orgran Quinoa Crispibread 125g",
    "WOW Price": 3.65,
    "WOW Size": "125g",
    "WOW ppu": "$2.92 / 100G"
  },
  {
    "Brand_Product_Size": "Woolworths Banana Chips Snack 400g",
    "WOW Price": 5,
    "WOW Size": "400g",
    "WOW ppu": "$12.50 / 1KG"
  },
  {
    "Brand_Product_Size": "Schwarzkopf Live Salon Hair Colour 4.45 Rich Chocolate Brown each",
    "WOW Price": 14,
    "WOW Size": "each",
    "WOW ppu": ""
  },
  {
    "Brand_Product_Size": "Primo Champagne Ham Thinly Sliced 100g",
    "WOW Price": 3.25,
    "WOW Size": "100g",
    "WOW ppu": "$32.50 / 1KG"
  },
  {
    "Brand_Product_Size": "Primo Champagne Ham Thinly Sliced 100g",
    "WOW Price": 3.25,
    "WOW Size": "100g",
    "WOW ppu": "$32.50 / 1KG"
  },
  {
    "Brand_Product_Size": "Adesso Steam Iron each",
    "WOW Price": 19,
    "WOW Size": "each",
    "WOW ppu": ""
  },
  {
    "Brand_Product_Size": "Sally Hansen Miracle Gel Shiny Top Coat 14.7mL",
    "WOW Price": 8.5,
    "WOW Size": "14.7mL",
    "WOW ppu": "$5.78 / 10ML"
  },
  {
    "Brand_Product_Size": "Gelativo Sorbet Lemon Lime 1L",
    "WOW Price": 6,
    "WOW Size": "1L",
    "WOW ppu": "$0.60 / 100ML"
  },
  {
    "Brand_Product_Size": "Energizer Max Plus Advanced D 4 pack",
    "WOW Price": 12.5,
    "WOW Size": "4 pack",
    "WOW ppu": "$3.13 / 1EA"
  },
  {
    "Brand_Product_Size": "Australia's Own Unsweetened Coconut Milk 1L",
    "WOW Price": 2.8,
    "WOW Size": "1L",
    "WOW ppu": "$2.80 / 1L"
  },
  {
    "Brand_Product_Size": "Australia's Own Unsweetened Coconut Milk 1L",
    "WOW Price": 2.8,
    "WOW Size": "1L",
    "WOW ppu": "$2.80 / 1L"
  },
  {
    "Brand_Product_Size": "Safcol Salmon Tomato & Onion 95g",
    "WOW Price": 1.75,
    "WOW Size": "95g",
    "WOW ppu": "$18.42 / 1KG"
  },
  {
    "Brand_Product_Size": "Macro Organic Peeled Italian Tomatoes 400g",
    "WOW Price": 1.2,
    "WOW Size": "400g",
    "WOW ppu": "$3.00 / 1KG"
  },
  {
    "Brand_Product_Size": "Woolworths Pear In Raspberry Flavoured Jelly 4x120g",
    "WOW Price": 2.2,
    "WOW Size": "4x120g",
    "WOW ppu": "$4.58 / 1KG"
  },
  {
    "Brand_Product_Size": "Woolworths Pear In Raspberry Flavoured Jelly 4x120g",
    "WOW Price": 2.2,
    "WOW Size": "4x120g",
    "WOW ppu": "$4.58 / 1KG"
  },
  {
    "Brand_Product_Size": "Harpic Fresh Power Toilet Cleaner Itb Summer Breeze each",
    "WOW Price": 2.5,
    "WOW Size": "each",
    "WOW ppu": "$2.50 / 1EA"
  },
  {
    "Brand_Product_Size": "Woolworths Crispbread & Cheese Cheddar Dip 12 pack",
    "WOW Price": 4,
    "WOW Size": "12 pack",
    "WOW ppu": "$1.33 / 100G"
  },
  {
    "Brand_Product_Size": "Woolworths Crispbread & Cheese Cheddar Dip 12 pack",
    "WOW Price": 4,
    "WOW Size": "12 pack",
    "WOW ppu": "$1.33 / 100G"
  },
  {
    "Brand_Product_Size": "Woolworths Crispbread & Cheese Cheddar Dip 12 pack",
    "WOW Price": 4,
    "WOW Size": "12 pack",
    "WOW ppu": "$1.33 / 100G"
  },
  {
    "Brand_Product_Size": "Baby Bellies Organic Softcorn Berry & Apple 8g",
    "WOW Price": 1.7,
    "WOW Size": "8g",
    "WOW ppu": "$21.25 / 100G"
  },
  {
    "Brand_Product_Size": "Celestial Sleepy Time Herbal Tea Bags 40 pack",
    "WOW Price": 8,
    "WOW Size": "40 pack",
    "WOW ppu": "$0.20 / 1EA"
  },
  {
    "Brand_Product_Size": "Celestial Sleepy Time Herbal Tea Bags 40 pack",
    "WOW Price": 8,
    "WOW Size": "40 pack",
    "WOW ppu": "$0.20 / 1EA"
  },
  {
    "Brand_Product_Size": "Vege Chips Chicken Style 100g",
    "WOW Price": 1.9,
    "WOW Size": "100g",
    "WOW ppu": "$1.90 / 100G"
  },
  {
    "Brand_Product_Size": "Bulla Sour Cream Light 400mL",
    "WOW Price": 4.2,
    "WOW Size": "400mL",
    "WOW ppu": "$1.05 / 100ML"
  },
  {
    "Brand_Product_Size": "Woolworths Vanilla Ice Cream Sticks 4 pack",
    "WOW Price": 3.8,
    "WOW Size": "4 pack",
    "WOW ppu": "$0.90 / 100ML"
  },
  {
    "Brand_Product_Size": "Unicorn Classic Chilli Brie 125g",
    "WOW Price": 3.5,
    "WOW Size": "125g",
    "WOW ppu": "$28.00 / 1KG"
  },
  {
    "Brand_Product_Size": "Unicorn Classic Chilli Brie 125g",
    "WOW Price": 3.5,
    "WOW Size": "125g",
    "WOW ppu": "$28.00 / 1KG"
  },
  {
    "Brand_Product_Size": "San Marino Platter Antipasto 240g",
    "WOW Price": 14,
    "WOW Size": "240g",
    "WOW ppu": "$58.33 / 1KG"
  },
  {
    "Brand_Product_Size": "Reese's Peanut Butter Chocolate Ice Cream Tub 473mL",
    "WOW Price": 8.5,
    "WOW Size": "473mL",
    "WOW ppu": "$1.80 / 100ML"
  },
  {
    "Brand_Product_Size": "Sam's Pantry Indulgent Peanut Choc Nut Butter Bar 5 pack",
    "WOW Price": 3.5,
    "WOW Size": "5 pack",
    "WOW ppu": "$2.06 / 100G"
  },
  {
    "Brand_Product_Size": "Sam's Pantry Indulgent Peanut Choc Nut Butter Bar 5 pack",
    "WOW Price": 3.5,
    "WOW Size": "5 pack",
    "WOW ppu": "$2.06 / 100G"
  },
  {
    "Brand_Product_Size": "Mission Corn Chips Cheesy Nachos 230g",
    "WOW Price": 3.1,
    "WOW Size": "230g",
    "WOW ppu": "$1.35 / 100G"
  },
  {
    "Brand_Product_Size": "Lowan Cereal Cocoa Bombs 350g",
    "WOW Price": 3,
    "WOW Size": "350g",
    "WOW ppu": "$0.86 / 100G"
  },
  {
    "Brand_Product_Size": "Maybelline Master Liner Waterproof Pencil Eyeliner - Black each",
    "WOW Price": 6.5,
    "WOW Size": "each",
    "WOW ppu": ""
  },
  {
    "Brand_Product_Size": "Maybelline Dream Satin Bb Cream - Fair 30mL",
    "WOW Price": 8.5,
    "WOW Size": "30mL",
    "WOW ppu": "$2.83 / 10ML"
  },
  {
    "Brand_Product_Size": "The Coach House Dairy Double Espresso Milk 300mL",
    "WOW Price": 3.15,
    "WOW Size": "300mL",
    "WOW ppu": "$10.50 / 1L"
  },
  {
    "Brand_Product_Size": "I Pastai Vegan Basil Pesto Sauce 200g",
    "WOW Price": 7.5,
    "WOW Size": "200g",
    "WOW ppu": "$3.75 / 100G"
  },
  {
    "Brand_Product_Size": "Pureau Pure Water 9x600mL",
    "WOW Price": 6.6,
    "WOW Size": "9x600mL",
    "WOW ppu": "$1.22 / 1L"
  },
  {
    "Brand_Product_Size": "Pureau Pure Water 9x600mL",
    "WOW Price": 6.6,
    "WOW Size": "9x600mL",
    "WOW ppu": "$1.22 / 1L"
  },
  {
    "Brand_Product_Size": "Mccain Straight Sweet Potato Chips 750g",
    "WOW Price": 5.8,
    "WOW Size": "750g",
    "WOW ppu": "$7.73 / 1KG"
  },
  {
    "Brand_Product_Size": "Fever Tree Naturally Light Tonic Water 4x200mL",
    "WOW Price": 6,
    "WOW Size": "4x200mL",
    "WOW ppu": "$7.50 / 1L"
  },
  {
    "Brand_Product_Size": "Coopers Home Brew Draught 1.7kg",
    "WOW Price": 13.85,
    "WOW Size": "1.7kg",
    "WOW ppu": "$8.15 / 1KG"
  },
  {
    "Brand_Product_Size": "Tetley Decaffeinated Green Tea Bags 50 pack",
    "WOW Price": 4.2,
    "WOW Size": "50 pack",
    "WOW ppu": "$0.08 / 1EA"
  },
  {
    "Brand_Product_Size": "Tetley Decaffeinated Green Tea Bags 50 pack",
    "WOW Price": 4.2,
    "WOW Size": "50 pack",
    "WOW ppu": "$0.08 / 1EA"
  },
  {
    "Brand_Product_Size": "Comfort Fabric Softener Conditioner Pure White Sensitive 2L",
    "WOW Price": 10,
    "WOW Size": "2L",
    "WOW ppu": "$5.00 / 1L"
  },
  {
    "Brand_Product_Size": "Woolworths Cauliflower Florets 500g",
    "WOW Price": 2.15,
    "WOW Size": "500g",
    "WOW ppu": "$4.30 / 1KG"
  },
  {
    "Brand_Product_Size": "Vileda Handi Dish Brush Refillable Handle each",
    "WOW Price": 4,
    "WOW Size": "each",
    "WOW ppu": "$4.00 / 1EA"
  },
  {
    "Brand_Product_Size": "Lucky Diced Pistachios 60g",
    "WOW Price": 5.5,
    "WOW Size": "60g",
    "WOW ppu": "$91.67 / 1KG"
  },
  {
    "Brand_Product_Size": "Mint Coloured Bowl Set 6 pack",
    "WOW Price": 15,
    "WOW Size": "6 pack",
    "WOW ppu": ""
  },
  {
    "Brand_Product_Size": "Old El Paso Jumbo Taco Kit 345g",
    "WOW Price": 6.5,
    "WOW Size": "345g",
    "WOW ppu": "$1.88 / 100G"
  },
  {
    "Brand_Product_Size": "Hot Wheels Cars Basic Diecast each",
    "WOW Price": 2.4,
    "WOW Size": "each",
    "WOW ppu": ""
  },
  {
    "Brand_Product_Size": "Reflex 50% Recycled Paper A4 80gsm each",
    "WOW Price": 7,
    "WOW Size": "each",
    "WOW ppu": ""
  },
  {
    "Brand_Product_Size": "Earth Choice Top & Front Loader Liquid 4L",
    "WOW Price": 16,
    "WOW Size": "4L",
    "WOW ppu": "$4.00 / 1L"
  },
  {
    "Brand_Product_Size": "Woolworths Crushed Ginger 230g",
    "WOW Price": 2.8,
    "WOW Size": "230g",
    "WOW ppu": "$0.12 / 10G"
  },
  {
    "Brand_Product_Size": "My Dog Chicken Supreme With Cheese Wet Dog Food 6 pack",
    "WOW Price": 8.5,
    "WOW Size": "6 pack",
    "WOW ppu": "$1.42 / 100G"
  },
  {
    "Brand_Product_Size": "Lipton Ice Tea Light Peach 1.5L",
    "WOW Price": 3.95,
    "WOW Size": "1.5L",
    "WOW ppu": "$2.63 / 1L"
  },
  {
    "Brand_Product_Size": "Purina Totalcare Everyday Dog Lead 120cm Assorted each",
    "WOW Price": 19,
    "WOW Size": "each",
    "WOW ppu": "$19.00 / 1EA"
  },
  {
    "Brand_Product_Size": "Schweppes Lemonade Bottle 600mL",
    "WOW Price": 3,
    "WOW Size": "600mL",
    "WOW ppu": "$5.00 / 1L"
  },
  {
    "Brand_Product_Size": "Mud Gel Nail Polish Ballet Cr?me 13mL",
    "WOW Price": 2,
    "WOW Size": "13mL",
    "WOW ppu": "$1.54 / 10ML"
  },
  {
    "Brand_Product_Size": "Decor Glass Deluxe Clips Leak Proof Oblong 1.5L",
    "WOW Price": 15,
    "WOW Size": "1.5L",
    "WOW ppu": ""
  },
  {
    "Brand_Product_Size": "Summer Snow Sparkling Granny Smith & Mint Apple Juice 330mL",
    "WOW Price": 3.8,
    "WOW Size": "330mL",
    "WOW ppu": "$11.52 / 1L"
  },
  {
    "Brand_Product_Size": "Strepsils Plus Anaesthetic Sore Throat Numbing Pain Relief Lozenges 16 pack",
    "WOW Price": 7.5,
    "WOW Size": "16 pack",
    "WOW ppu": "$0.47 / 1EA"
  },
  {
    "Brand_Product_Size": "Noshu 97% Sugar Free Iced Funtella Cakes 180g",
    "WOW Price": 6.5,
    "WOW Size": "180g",
    "WOW ppu": "$3.61 / 100G"
  },
  {
    "Brand_Product_Size": "Ocean Spray Craisins Dried Cranberries 170g",
    "WOW Price": 2.5,
    "WOW Size": "170g",
    "WOW ppu": "$14.71 / 1KG"
  },
  {
    "Brand_Product_Size": "Extra Raspberry & Lime Gum Flavour 27g",
    "WOW Price": 1.8,
    "WOW Size": "27g",
    "WOW ppu": "$6.67 / 100G"
  },
  {
    "Brand_Product_Size": "Crystal Bay Australian Tiger Prawns 1kg",
    "WOW Price": 27,
    "WOW Size": "1kg",
    "WOW ppu": "$27.00 / 1KG"
  },
  {
    "Brand_Product_Size": "Rexona Women Alcohol Free Anti- Perspirant Hypo-allergenic 250mL",
    "WOW Price": 5,
    "WOW Size": "250mL",
    "WOW ppu": "$2.00 / 100ML"
  },
  {
    "Brand_Product_Size": "Always Fresh Olives Anchovy Stuffed 235g",
    "WOW Price": 3.5,
    "WOW Size": "235g",
    "WOW ppu": "$14.89 / 1KG"
  },
  {
    "Brand_Product_Size": "4 Legs Wellness Kangaroo Dog Meatballs 870g",
    "WOW Price": 6,
    "WOW Size": "870g",
    "WOW ppu": "$0.69 / 100G"
  },
  {
    "Brand_Product_Size": "Hasbro Classic Card Games Assortment each",
    "WOW Price": 10,
    "WOW Size": "each",
    "WOW ppu": ""
  },
  {
    "Brand_Product_Size": "Simply 7 Lentil Chips Sea Salt & Balsamic Vinegar 113g",
    "WOW Price": 5.25,
    "WOW Size": "113g",
    "WOW ppu": "$4.65 / 100G"
  },
  {
    "Brand_Product_Size": "Decor Tellfresh Storer Oblong 500ml 3 pack",
    "WOW Price": 10,
    "WOW Size": "3 pack",
    "WOW ppu": "$3.33 / 1EA"
  },
  {
    "Brand_Product_Size": "Guzzi's Golden Pasta Gnocchi Potato 500g",
    "WOW Price": 4.5,
    "WOW Size": "500g",
    "WOW ppu": "$0.90 / 100G"
  },
  {
    "Brand_Product_Size": "Woolworths Fly Swatter each",
    "WOW Price": 2,
    "WOW Size": "each",
    "WOW ppu": "$2.00 / 1EA"
  },
  {
    "Brand_Product_Size": "Pauls Vanilla Custard 600g",
    "WOW Price": 3.2,
    "WOW Size": "600g",
    "WOW ppu": "$0.53 / 100G"
  },
  {
    "Brand_Product_Size": "Bega Strong & Bitey Vintage Cheese Slices 500g",
    "WOW Price": 9,
    "WOW Size": "500g",
    "WOW ppu": "$18.00 / 1KG"
  },
  {
    "Brand_Product_Size": "Bega Strong & Bitey Vintage Cheese Slices 500g",
    "WOW Price": 9,
    "WOW Size": "500g",
    "WOW ppu": "$18.00 / 1KG"
  },
  {
    "Brand_Product_Size": "Paperclick Hb Pencils 12 pack",
    "WOW Price": 4,
    "WOW Size": "12 pack",
    "WOW ppu": ""
  },
  {
    "Brand_Product_Size": "Darrell Lea Allsorts Liquorice 270g",
    "WOW Price": 3.5,
    "WOW Size": "270g",
    "WOW ppu": "$1.30 / 100G"
  },
  {
    "Brand_Product_Size": "Sistema Ss Dual Wall Bottle 1l each",
    "WOW Price": 30,
    "WOW Size": "each",
    "WOW ppu": ""
  },
  {
    "Brand_Product_Size": "Uncle Ben's Poke Bowl Rice Asian Inspired Soy & Ginger 180g",
    "WOW Price": 2.9,
    "WOW Size": "180g",
    "WOW ppu": "$1.61 / 100G"
  },
  {
    "Brand_Product_Size": "Mud Charcoal Kajal Eyeliner each",
    "WOW Price": 5.5,
    "WOW Size": "each",
    "WOW ppu": "$5.50 / 1EA"
  },
  {
    "Brand_Product_Size": "Armada Premium Napkins 20 pack",
    "WOW Price": 3,
    "WOW Size": "20 pack",
    "WOW ppu": "$0.15 / 1EA"
  },
  {
    "Brand_Product_Size": "Mint Non-stick Coating Square Cake Pan each",
    "WOW Price": 4.8,
    "WOW Size": "each",
    "WOW ppu": ""
  },
  {
    "Brand_Product_Size": "Omo Sensitive Laundry Detergent Liquid Front & Top Loader 2L",
    "WOW Price": 15.4,
    "WOW Size": "2L",
    "WOW ppu": "$7.70 / 1L"
  },
  {
    "Brand_Product_Size": "Fancy Feast Medleys Tuna Florentine Delicate Sauce Wet Cat Food 85g",
    "WOW Price": 1.75,
    "WOW Size": "85g",
    "WOW ppu": "$2.06 / 100G"
  },
  {
    "Brand_Product_Size": "Mount Franklin Lightly Sparkling Lemon 1.25L",
    "WOW Price": 1.95,
    "WOW Size": "1.25L",
    "WOW ppu": "$1.56 / 1L"
  },
  {
    "Brand_Product_Size": "Kan Tong Pineapple Sweet & Sour Stir Fry Sauce 515g",
    "WOW Price": 3,
    "WOW Size": "515g",
    "WOW ppu": "$0.58 / 100G"
  },
  {
    "Brand_Product_Size": "L'oreal Revitalift Eye Cream Laser 15mL",
    "WOW Price": 29.95,
    "WOW Size": "15mL",
    "WOW ppu": "$199.67 / 100ML"
  },
  {
    "Brand_Product_Size": "Woolworths Pine Nuts 80g",
    "WOW Price": 3.95,
    "WOW Size": "80g",
    "WOW ppu": "$49.38 / 1KG"
  },
  {
    "Brand_Product_Size": "Nyal Cough Medicine For Dry Coughs 200mL",
    "WOW Price": 8.5,
    "WOW Size": "200mL",
    "WOW ppu": "$4.25 / 100ML"
  },
  {
    "Brand_Product_Size": "Harmony No Waste Seed Mix 1kg",
    "WOW Price": 5.6,
    "WOW Size": "1kg",
    "WOW ppu": "$0.56 / 100G"
  },
  {
    "Brand_Product_Size": "Revlon Colorstay Overtime Lipcolor Infinite Raspberry Lipstick 2.0mL",
    "WOW Price": 14,
    "WOW Size": "2.0mL",
    "WOW ppu": "$70.00 / 10ML"
  },
  {
    "Brand_Product_Size": "Nature's Way Slim Right One-a-day Easy Meal Vanilla Flavour 400g",
    "WOW Price": 25,
    "WOW Size": "400g",
    "WOW ppu": "$6.25 / 100G"
  },
  {
    "Brand_Product_Size": "Lindt Excellence Dark Chocolate Mint Intense 100g bLock",
    "WOW Price": 2.7,
    "WOW Size": "100g bLock",
    "WOW ppu": "$2.70 / 100G"
  },
  {
    "Brand_Product_Size": "Gippsland Cookies & Cream Yoghurt 140g",
    "WOW Price": 2.5,
    "WOW Size": "140g",
    "WOW ppu": "$1.79 / 100G"
  },
  {
    "Brand_Product_Size": "Vita Tea Drink Honey Lemon 500mL",
    "WOW Price": 2.55,
    "WOW Size": "500mL",
    "WOW ppu": "$0.51 / 100ML"
  },
  {
    "Brand_Product_Size": "Barilla Pasta Sauce Napoletana 400g",
    "WOW Price": 3.75,
    "WOW Size": "400g",
    "WOW ppu": "$0.94 / 100G"
  },
  {
    "Brand_Product_Size": "Dole Premium Tropical Pineapple Chunks In Juice 227g",
    "WOW Price": 1.6,
    "WOW Size": "227g",
    "WOW ppu": "$7.05 / 1KG"
  },
  {
    "Brand_Product_Size": "Fresh Up Big Fizz Drink Feijoa Burst 500mL",
    "WOW Price": 3.1,
    "WOW Size": "500mL",
    "WOW ppu": "$6.20 / 1L"
  },
  {
    "Brand_Product_Size": "Comfort Fabric Conditioner Rainforest Fresh 750mL",
    "WOW Price": 7,
    "WOW Size": "750mL",
    "WOW ppu": "$9.33 / 1L"
  },
  {
    "Brand_Product_Size": "Olsent Led Gls Es 9w 810lm Ww 2 pack",
    "WOW Price": 10,
    "WOW Size": "2 pack",
    "WOW ppu": "$5.00 / 1EA"
  },
  {
    "Brand_Product_Size": "Woolworths Passionfruit Pulp Canned 170g",
    "WOW Price": 1.5,
    "WOW Size": "170g",
    "WOW ppu": "$8.82 / 1KG"
  },
  {
    "Brand_Product_Size": "Bushman Plus 20% Deet Insect Repellent Pump Spray 100mL",
    "WOW Price": 10,
    "WOW Size": "100mL",
    "WOW ppu": "$10.00 / 100ML"
  },
  {
    "Brand_Product_Size": "John West Rainbow Trout Smoked Fillets 115g",
    "WOW Price": 5.3,
    "WOW Size": "115g",
    "WOW ppu": "$46.09 / 1KG"
  },
  {
    "Brand_Product_Size": "Norsca 0% Aluminium Antiperspirant Rosewater & Lotus Deodorant 245mL",
    "WOW Price": 8,
    "WOW Size": "245mL",
    "WOW ppu": "$5.33 / 100G"
  },
  {
    "Brand_Product_Size": "Rufus & Coco Soft Mesh Dog Harness Assorted Sizes each",
    "WOW Price": 25.59,
    "WOW Size": "each",
    "WOW ppu": ""
  },
  {
    "Brand_Product_Size": "Fantastic Rice Crackers Cheese 100g",
    "WOW Price": 1.5,
    "WOW Size": "100g",
    "WOW ppu": "$1.50 / 100G"
  },
  {
    "Brand_Product_Size": "Maggi 2 Minute Instant Wholegrain Noodles Value 12 pack",
    "WOW Price": 8,
    "WOW Size": "12 pack",
    "WOW ppu": "$0.97 / 100G"
  },
  {
    "Brand_Product_Size": "Pioneer Poultry Chicken Drumsticks Smoked 390g - 560g",
    "WOW Price": 6.44,
    "WOW Size": "390g - 560g",
    "WOW ppu": "$11.50 / 1KG"
  },
  {
    "Brand_Product_Size": "Edgell Sliced Mushrooms In Butter Sauce 220g",
    "WOW Price": 1.6,
    "WOW Size": "220g",
    "WOW ppu": "$7.27 / 1KG"
  },
  {
    "Brand_Product_Size": "The Natural Chip Co. Original Sea Salt 220g",
    "WOW Price": 2.5,
    "WOW Size": "220g",
    "WOW ppu": "$1.14 / 100G"
  },
  {
    "Brand_Product_Size": "Foster Clark's Egg Custard Mix 75g",
    "WOW Price": 2.45,
    "WOW Size": "75g",
    "WOW ppu": "$3.27 / 100G"
  },
  {
    "Brand_Product_Size": "Frey Dark Chocolate Block 85% 100g",
    "WOW Price": 4,
    "WOW Size": "100g",
    "WOW ppu": "$4.00 / 100G"
  },
  {
    "Brand_Product_Size": "Nature's Earth Corn Chips Salted 500g",
    "WOW Price": 5.5,
    "WOW Size": "500g",
    "WOW ppu": "$1.10 / 100G"
  },
  {
    "Brand_Product_Size": "Macro Organic Chickpeas 425g",
    "WOW Price": 1.3,
    "WOW Size": "425g",
    "WOW ppu": "$0.31 / 100G"
  },
  {
    "Brand_Product_Size": "Extra Spearmint Chewing Gum Sugar Free Bottle 64g",
    "WOW Price": 4,
    "WOW Size": "64g",
    "WOW ppu": "$6.25 / 100G"
  },
  {
    "Brand_Product_Size": "Bekaa Chilli Labneh Marinated In Oil 700g",
    "WOW Price": 8.8,
    "WOW Size": "700g",
    "WOW ppu": "$1.26 / 100G"
  },
  {
    "Brand_Product_Size": "Essentials Household Sponge 5 pack",
    "WOW Price": 1.6,
    "WOW Size": "5 pack",
    "WOW ppu": "$0.32 / 1EA"
  },
  {
    "Brand_Product_Size": "Palmer's Cocoa Butter Formula Skin Therapy Oil 60mL",
    "WOW Price": 13,
    "WOW Size": "60mL",
    "WOW ppu": "$21.67 / 100ML"
  },
  {
    "Brand_Product_Size": "Revlon Colorstay Concealer Light Medium 6.2mL",
    "WOW Price": 13.5,
    "WOW Size": "6.2mL",
    "WOW ppu": "$21.77 / 10ML"
  },
  {
    "Brand_Product_Size": "Cadbury Cookie Soft Double Choc 156g",
    "WOW Price": 3.5,
    "WOW Size": "156g",
    "WOW ppu": "$2.24 / 100G"
  },
  {
    "Brand_Product_Size": "Post-it Sticky Notes Rio De Janeiro Collection each",
    "WOW Price": 10,
    "WOW Size": "each",
    "WOW ppu": ""
  },
  {
    "Brand_Product_Size": "Essentials Crispbread & Cheese French Onion Dip 12 pack",
    "WOW Price": 4,
    "WOW Size": "12 pack",
    "WOW ppu": "$1.33 / 100G"
  },
  {
    "Brand_Product_Size": "Essentials Crispbread & Cheese French Onion Dip 12 pack",
    "WOW Price": 4,
    "WOW Size": "12 pack",
    "WOW ppu": "$1.33 / 100G"
  },
  {
    "Brand_Product_Size": "Essentials Crispbread & Cheese French Onion Dip 12 pack",
    "WOW Price": 4,
    "WOW Size": "12 pack",
    "WOW ppu": "$1.33 / 100G"
  },
  {
    "Brand_Product_Size": "Montecatini Chorizo Spanish 250g",
    "WOW Price": 6.98,
    "WOW Size": "250g",
    "WOW ppu": "$27.92 / 1KG"
  },
  {
    "Brand_Product_Size": "Csr Icing Sugar Pure 500g",
    "WOW Price": 1.85,
    "WOW Size": "500g",
    "WOW ppu": "$0.37 / 100G"
  },
  {
    "Brand_Product_Size": "Bonds Girls Shortie Size 6-10 Assorted 3 pack",
    "WOW Price": 10.5,
    "WOW Size": "3 pack",
    "WOW ppu": ""
  },
  {
    "Brand_Product_Size": "Armor All Car Care All Wheel Cleaner 500mL",
    "WOW Price": 12,
    "WOW Size": "500mL",
    "WOW ppu": "$2.40 / 100ML"
  },
  {
    "Brand_Product_Size": "San Remo Spirals Spelt Pasta 250g",
    "WOW Price": 4.2,
    "WOW Size": "250g",
    "WOW ppu": "$1.68 / 100G"
  },
  {
    "Brand_Product_Size": "Lucky Natural Sliced Almonds 110g",
    "WOW Price": 5,
    "WOW Size": "110g",
    "WOW ppu": "$45.45 / 1KG"
  },
  {
    "Brand_Product_Size": "L'oreal Paris Casting Creme Gloss 700 Dark Blonde each",
    "WOW Price": 16,
    "WOW Size": "each",
    "WOW ppu": ""
  },
  {
    "Brand_Product_Size": "Nurofen Zavance Fast Pain Relief Tablets 256mg Ibuprofen 24 pack",
    "WOW Price": 7,
    "WOW Size": "24 pack",
    "WOW ppu": "$0.29 / 1EA"
  },
  {
    "Brand_Product_Size": "Mtr Ready To Eat Chana Masala 300g",
    "WOW Price": 2.75,
    "WOW Size": "300g",
    "WOW ppu": "$0.92 / 100G"
  },
  {
    "Brand_Product_Size": "Masterfoods Squeezy Mild American Mustard 250g",
    "WOW Price": 3.5,
    "WOW Size": "250g",
    "WOW ppu": "$1.40 / 100G"
  },
  {
    "Brand_Product_Size": "Hart & Soul Panang Curry 250g",
    "WOW Price": 5,
    "WOW Size": "250g",
    "WOW ppu": "$2.00 / 100G"
  },
  {
    "Brand_Product_Size": "Chef's Choice Himalayan Pink Fine Salt 300g",
    "WOW Price": 5,
    "WOW Size": "300g",
    "WOW ppu": "$1.67 / 100G"
  },
  {
    "Brand_Product_Size": "Messy Monkeys Berry Rice Puff Bars 6 pack",
    "WOW Price": 5.5,
    "WOW Size": "6 pack",
    "WOW ppu": "$5.73 / 100G"
  },
  {
    "Brand_Product_Size": "Ayam Dark Soy 210mL",
    "WOW Price": 3.2,
    "WOW Size": "210mL",
    "WOW ppu": "$1.52 / 100ML"
  },
  {
    "Brand_Product_Size": "Nurofen For Children 7+ Yrs Chewable Ibuprofen Orange 12 pack",
    "WOW Price": 10,
    "WOW Size": "12 pack",
    "WOW ppu": "$83.33 / 100EA"
  },
  {
    "Brand_Product_Size": "Nexba Limoncello Orange Sugar-free Iced Tea 1L",
    "WOW Price": 3.15,
    "WOW Size": "1L",
    "WOW ppu": "$3.15 / 1L"
  },
  {
    "Brand_Product_Size": "Munchkin Miracle 360 Degrees Cup Assorted each",
    "WOW Price": 10,
    "WOW Size": "each",
    "WOW ppu": ""
  },
  {
    "Brand_Product_Size": "Chevron Lithium Cr2025 Batteries 6 pack",
    "WOW Price": 8,
    "WOW Size": "6 pack",
    "WOW ppu": "$1.33 / 1EA"
  },
  {
    "Brand_Product_Size": "The Alternative Meat Co The Alternative Burger Plant Based Beef 4 pack",
    "WOW Price": 8,
    "WOW Size": "4 pack",
    "WOW ppu": "$2.50 / 100G"
  },
  {
    "Brand_Product_Size": "Arnott's Tim Tam Chocolate Original 200g",
    "WOW Price": 4,
    "WOW Size": "200g",
    "WOW ppu": "$2.00 / 100G"
  },
  {
    "Brand_Product_Size": "Air Wick Botanica Island Rose & African Geranium Scented Candle each",
    "WOW Price": 16.5,
    "WOW Size": "each",
    "WOW ppu": "$16.50 / 1EA"
  },
  {
    "Brand_Product_Size": "Nature's Way Adult Vita Gummies Hair Skin & Nails 60 pack",
    "WOW Price": 10,
    "WOW Size": "60 pack",
    "WOW ppu": "$16.67 / 100EA"
  },
  {
    "Brand_Product_Size": "Twinings Asha Vanilla Retreat Herbal Infusions 18 pack",
    "WOW Price": 6,
    "WOW Size": "18 pack",
    "WOW ppu": "$0.33 / 1EA"
  },
  {
    "Brand_Product_Size": "Twinings Asha Vanilla Retreat Herbal Infusions 18 pack",
    "WOW Price": 6,
    "WOW Size": "18 pack",
    "WOW ppu": "$0.33 / 1EA"
  },
  {
    "Brand_Product_Size": "Clio Eco Bci Opaque Tights Black S/m each",
    "WOW Price": 15,
    "WOW Size": "each",
    "WOW ppu": ""
  },
  {
    "Brand_Product_Size": "Aerogard Home Crawling Insect Killer 300mL",
    "WOW Price": 13,
    "WOW Size": "300mL",
    "WOW ppu": "$4.33 / 100ML"
  },
  {
    "Brand_Product_Size": "Baby U Bamboo Spoon & Fork Set each",
    "WOW Price": 4.9,
    "WOW Size": "each",
    "WOW ppu": "$4.90 / 1EA"
  },
  {
    "Brand_Product_Size": "Woolworths Essentials Underwear Girl's Basic Briefs Size 2-3 each",
    "WOW Price": 8,
    "WOW Size": "each",
    "WOW ppu": ""
  },
  {
    "Brand_Product_Size": "Poppin Microwave Popcorn Cheese Flavour 90g",
    "WOW Price": 1.75,
    "WOW Size": "90g",
    "WOW ppu": "$1.94 / 100G"
  },
  {
    "Brand_Product_Size": "Schweppes Indian Tonic Water Zero Sugar 1.1L",
    "WOW Price": 1.25,
    "WOW Size": "1.1L",
    "WOW ppu": "$1.14 / 1L"
  },
  {
    "Brand_Product_Size": "Wrigley's 5 Gum Orange Fusion 32g",
    "WOW Price": 2,
    "WOW Size": "32g",
    "WOW ppu": "$6.25 / 100G"
  },
  {
    "Brand_Product_Size": "Keith's Foods Mini Dagwood Dogs 270g",
    "WOW Price": 5,
    "WOW Size": "270g",
    "WOW ppu": "$1.85 / 100G"
  },
  {
    "Brand_Product_Size": "Jack The Barber Strong Pomade 95g",
    "WOW Price": 7.5,
    "WOW Size": "95g",
    "WOW ppu": "$7.89 / 100G"
  },
  {
    "Brand_Product_Size": "Amoy Sauce Light Soy 500mL",
    "WOW Price": 3.85,
    "WOW Size": "500mL",
    "WOW ppu": "$0.77 / 100ML"
  },
  {
    "Brand_Product_Size": "Patties Mini Party Quiche Caramelised Onion & Cheese 12 pack",
    "WOW Price": 8,
    "WOW Size": "12 pack",
    "WOW ppu": "$1.90 / 100G"
  },
  {
    "Brand_Product_Size": "Maggi Gravy Mix Roast Chicken 24g",
    "WOW Price": 0.8,
    "WOW Size": "24g",
    "WOW ppu": "$0.33 / 10G"
  },
  {
    "Brand_Product_Size": "White Glo Charcoal Toothpaste Deep Stain Remover 150g",
    "WOW Price": 3.59,
    "WOW Size": "150g",
    "WOW ppu": "$2.39 / 100G"
  },
  {
    "Brand_Product_Size": "Sharpie Permanent Markers Mixed Pastel 18 pack",
    "WOW Price": 14,
    "WOW Size": "18 pack",
    "WOW ppu": ""
  },
  {
    "Brand_Product_Size": "San Remo Vermicelli Egg Noodle Pasta 250g",
    "WOW Price": 1.55,
    "WOW Size": "250g",
    "WOW ppu": "$0.62 / 100G"
  },
  {
    "Brand_Product_Size": "Kinder Surprise Chocolate Egg 20g",
    "WOW Price": 2.2,
    "WOW Size": "20g",
    "WOW ppu": "$11.00 / 100G"
  },
  {
    "Brand_Product_Size": "Grenade Carb Killa Biscuit Salted Caramel 50g",
    "WOW Price": 4.5,
    "WOW Size": "50g",
    "WOW ppu": "$9.00 / 100G"
  },
  {
    "Brand_Product_Size": "Essano Rosehip Moisture Restorative Night Creme 50g",
    "WOW Price": 20,
    "WOW Size": "50g",
    "WOW ppu": "$40.00 / 100G"
  },
  {
    "Brand_Product_Size": "Macro Organic Coconut Water 1L",
    "WOW Price": 6,
    "WOW Size": "1L",
    "WOW ppu": "$6.00 / 1L"
  },
  {
    "Brand_Product_Size": "Stayfree Ultra Thin Pads Super With Wings 12 pack",
    "WOW Price": 4.5,
    "WOW Size": "12 pack",
    "WOW ppu": "$0.38 / 1EA"
  },
  {
    "Brand_Product_Size": "Guzzi's Fettuccine 375g",
    "WOW Price": 4.7,
    "WOW Size": "375g",
    "WOW ppu": "$1.25 / 100G"
  },
  {
    "Brand_Product_Size": "Masterfoods Garlic Salt 70g",
    "WOW Price": 1.88,
    "WOW Size": "70g",
    "WOW ppu": "$0.27 / 10G"
  },
  {
    "Brand_Product_Size": "Red Rock Deli Dip Chilli & Lemongrass 150g",
    "WOW Price": 4.5,
    "WOW Size": "150g",
    "WOW ppu": "$3.00 / 100G"
  },
  {
    "Brand_Product_Size": "Don Salami Danish 200g",
    "WOW Price": 7.5,
    "WOW Size": "200g",
    "WOW ppu": "$37.50 / 1KG"
  },
  {
    "Brand_Product_Size": "Ogx Coconut Miracle Oil Penetrating Oil 100mL",
    "WOW Price": 21,
    "WOW Size": "100mL",
    "WOW ppu": "$21.00 / 100ML"
  },
  {
    "Brand_Product_Size": "Brioche Gourmet Swirls With Vanilla Crme 6 pack",
    "WOW Price": 5,
    "WOW Size": "6 pack",
    "WOW ppu": "$1.67 / 100G"
  },
  {
    "Brand_Product_Size": "Veet Spawax Refill Lily & Sugar 15g",
    "WOW Price": 15,
    "WOW Size": "15g",
    "WOW ppu": "$10.00 / 100G"
  },
  {
    "Brand_Product_Size": "Birds Eye Fish Fingers 1kg",
    "WOW Price": 10,
    "WOW Size": "1kg",
    "WOW ppu": "$10.00 / 1KG"
  },
  {
    "Brand_Product_Size": "Annabel Karmel Cottage Pie 200g",
    "WOW Price": 4,
    "WOW Size": "200g",
    "WOW ppu": "$2.00 / 100G"
  },
  {
    "Brand_Product_Size": "Lectric Inwash & Soaker Washing Soda 1kg",
    "WOW Price": 3.85,
    "WOW Size": "1kg",
    "WOW ppu": "$3.85 / 1KG"
  },
  {
    "Brand_Product_Size": "Allen's Fantales Family Bag Lollies 340g",
    "WOW Price": 5,
    "WOW Size": "340g",
    "WOW ppu": "$1.47 / 100G"
  },
  {
    "Brand_Product_Size": "Peters Drumstick Mini Chocolate Caramel 6 pack",
    "WOW Price": 8.4,
    "WOW Size": "6 pack",
    "WOW ppu": "$1.71 / 100ML"
  },
  {
    "Brand_Product_Size": "Cenovis Mega C 1000mg Chewable Tablets Orange Flavour 60 pack",
    "WOW Price": 7,
    "WOW Size": "60 pack",
    "WOW ppu": "$11.67 / 100EA"
  },
  {
    "Brand_Product_Size": "Ansell Garden Gloves Green Thumb Medium 1 pack",
    "WOW Price": 6,
    "WOW Size": "1 pack",
    "WOW ppu": ""
  },
  {
    "Brand_Product_Size": "Created With Jamie Crumbed Chicken Crispy Parmesan & Tomato 350g",
    "WOW Price": 9,
    "WOW Size": "350g",
    "WOW ppu": "$25.71 / 1KG"
  },
  {
    "Brand_Product_Size": "Bondi Sands Liquid Glod Self Tanning Foam 200mL",
    "WOW Price": 23,
    "WOW Size": "200mL",
    "WOW ppu": "$11.50 / 100ML"
  },
  {
    "Brand_Product_Size": "Cadbury Dairy Milk Chocolate Hazelnut 55g bar",
    "WOW Price": 1.5,
    "WOW Size": "55g bar",
    "WOW ppu": "$2.73 / 100G"
  },
  {
    "Brand_Product_Size": "Daily Juice Orange Juice No Added Sugar 3L",
    "WOW Price": 7.5,
    "WOW Size": "3L",
    "WOW ppu": "$2.50 / 1L"
  },
  {
    "Brand_Product_Size": "Woolworths Chilli Ground 30g",
    "WOW Price": 2.2,
    "WOW Size": "30g",
    "WOW ppu": "$0.73 / 10G"
  },
  {
    "Brand_Product_Size": "Scitec Nutrition 100% Whey Protein Vanilla 30g",
    "WOW Price": 2,
    "WOW Size": "30g",
    "WOW ppu": "$6.67 / 100G"
  },
  {
    "Brand_Product_Size": "Bulldog Original Face Scrub 125mL",
    "WOW Price": 10,
    "WOW Size": "125mL",
    "WOW ppu": "$8.00 / 100ML"
  },
  {
    "Brand_Product_Size": "Carman's Gourmet Protein Bars Dark Choc & Cranberry 200g",
    "WOW Price": 6.3,
    "WOW Size": "200g",
    "WOW ppu": "$3.15 / 100G"
  },
  {
    "Brand_Product_Size": "Carman's Gourmet Protein Bars Dark Choc & Cranberry 200g",
    "WOW Price": 6.3,
    "WOW Size": "200g",
    "WOW ppu": "$3.15 / 100G"
  },
  {
    "Brand_Product_Size": "Coco & Lucas' Vegan Butter Chickenless & Basmati Rice 350g",
    "WOW Price": 6.5,
    "WOW Size": "350g",
    "WOW ppu": "$1.86 / 100G"
  },
  {
    "Brand_Product_Size": "Yeo's Satay Sauce Satay Bbq 250mL",
    "WOW Price": 4,
    "WOW Size": "250mL",
    "WOW ppu": "$1.60 / 100ML"
  },
  {
    "Brand_Product_Size": "Arnott's Milk Coffee 250g",
    "WOW Price": 2.3,
    "WOW Size": "250g",
    "WOW ppu": "$0.92 / 100G"
  },
  {
    "Brand_Product_Size": "Twinings Pure Camomile Tea Bags 80 pack",
    "WOW Price": 11.2,
    "WOW Size": "80 pack",
    "WOW ppu": "$0.14 / 1EA"
  },
  {
    "Brand_Product_Size": "Twinings Pure Camomile Tea Bags 80 pack",
    "WOW Price": 11.2,
    "WOW Size": "80 pack",
    "WOW ppu": "$0.14 / 1EA"
  },
  {
    "Brand_Product_Size": "T.n. Dickinson's Toners Witch Hazel 240mL",
    "WOW Price": 7,
    "WOW Size": "240mL",
    "WOW ppu": "$2.92 / 100ML"
  },
  {
    "Brand_Product_Size": "Jamie Oliver Double Oven Glove each",
    "WOW Price": 8,
    "WOW Size": "each",
    "WOW ppu": ""
  },
  {
    "Brand_Product_Size": "Woolworths Diced Tomatoes 400g",
    "WOW Price": 1,
    "WOW Size": "400g",
    "WOW ppu": "$2.50 / 1KG"
  },
  {
    "Brand_Product_Size": "Slendier Basil & Tomato Pasta Sauce 340g",
    "WOW Price": 5.8,
    "WOW Size": "340g",
    "WOW ppu": "$1.71 / 100G"
  },
  {
    "Brand_Product_Size": "Essentials Ibuprofen 200mg Tablets 24 pack",
    "WOW Price": 1.55,
    "WOW Size": "24 pack",
    "WOW ppu": "$0.06 / 1EA"
  },
  {
    "Brand_Product_Size": "Woolworths Carrot Sticks 300g",
    "WOW Price": 3,
    "WOW Size": "300g",
    "WOW ppu": "$10.00 / 1KG"
  },
  {
    "Brand_Product_Size": "Powerade Isotonic Black Currant 1.5L",
    "WOW Price": 3.9,
    "WOW Size": "1.5L",
    "WOW ppu": "$2.60 / 1L"
  },
  {
    "Brand_Product_Size": "Smitten Cat Litter Crystals 2kg",
    "WOW Price": 8,
    "WOW Size": "2kg",
    "WOW ppu": "$4.00 / 1KG"
  },
  {
    "Brand_Product_Size": "Oreo Double Stuff Cookie 147g",
    "WOW Price": 1.5,
    "WOW Size": "147g",
    "WOW ppu": "$1.02 / 100G"
  },
  {
    "Brand_Product_Size": "Bonne Maman Conserve Blackberry 370g",
    "WOW Price": 5.2,
    "WOW Size": "370g",
    "WOW ppu": "$1.41 / 100G"
  },
  {
    "Brand_Product_Size": "Cold Power Triple Caps 450g",
    "WOW Price": 20,
    "WOW Size": "450g",
    "WOW ppu": "$0.67 / 1EA"
  },
  {
    "Brand_Product_Size": "Atkins Endulge Bar Milk Chocolate Mint Crisp 30g",
    "WOW Price": 3,
    "WOW Size": "30g",
    "WOW ppu": "$10.00 / 100G"
  },
  {
    "Brand_Product_Size": "Buontempo Gluten & Wheat Free Pasta Spirals Pasta 500g",
    "WOW Price": 3.4,
    "WOW Size": "500g",
    "WOW ppu": "$0.68 / 100G"
  },
  {
    "Brand_Product_Size": "Chris' Dips Tzatziki & Roasted Garlic 200g",
    "WOW Price": 3.5,
    "WOW Size": "200g",
    "WOW ppu": "$1.75 / 100G"
  },
  {
    "Brand_Product_Size": "Uncle Ben's Microwave Basmati Coconut Chilli Lemongrass Rice Pouch 250g",
    "WOW Price": 3.25,
    "WOW Size": "250g",
    "WOW ppu": "$1.30 / 100G"
  },
  {
    "Brand_Product_Size": "Green's Brownie Mix Triple Chocolate Fudge 500g",
    "WOW Price": 4,
    "WOW Size": "500g",
    "WOW ppu": "$0.80 / 100G"
  },
  {
    "Brand_Product_Size": "Baxter's Dog Food Casserole Beef, Pasta & Veg 700g",
    "WOW Price": 1.3,
    "WOW Size": "700g",
    "WOW ppu": "$0.19 / 100G"
  },
  {
    "Brand_Product_Size": "Soften Fabric Softner Sensitive 2L",
    "WOW Price": 7,
    "WOW Size": "2L",
    "WOW ppu": "$3.50 / 1L"
  },
  {
    "Brand_Product_Size": "Perfect Italiano Grated Mozzarella Cheese 450g",
    "WOW Price": 7.65,
    "WOW Size": "450g",
    "WOW ppu": "$17.00 / 1KG"
  },
  {
    "Brand_Product_Size": "Arnott's Chocolate Monte 200g",
    "WOW Price": 4,
    "WOW Size": "200g",
    "WOW ppu": "$2.00 / 100G"
  },
  {
    "Brand_Product_Size": "Baracuda Algae Killer 1L",
    "WOW Price": 22,
    "WOW Size": "1L",
    "WOW ppu": "$2.20 / 100ML"
  },
  {
    "Brand_Product_Size": "Masterfoods Honey Garlic & Soy Marinade 375g",
    "WOW Price": 2.5,
    "WOW Size": "375g",
    "WOW ppu": "$0.67 / 100G"
  },
  {
    "Brand_Product_Size": "Macro Organic Fairtrade Ground Coffee Medium 200g",
    "WOW Price": 6,
    "WOW Size": "200g",
    "WOW ppu": "$3.00 / 100G"
  },
  {
    "Brand_Product_Size": "Macro Organic Fairtrade Ground Coffee Medium 200g",
    "WOW Price": 6,
    "WOW Size": "200g",
    "WOW ppu": "$3.00 / 100G"
  },
  {
    "Brand_Product_Size": "Nerada Organic Lemon & Ginger Tea Bags 40 pack",
    "WOW Price": 5,
    "WOW Size": "40 pack",
    "WOW ppu": "$0.13 / 1EA"
  },
  {
    "Brand_Product_Size": "Nerada Organic Lemon & Ginger Tea Bags 40 pack",
    "WOW Price": 5,
    "WOW Size": "40 pack",
    "WOW ppu": "$0.13 / 1EA"
  },
  {
    "Brand_Product_Size": "Woolworths Jumbo Cooked Prawn 500g",
    "WOW Price": 22,
    "WOW Size": "500g",
    "WOW ppu": "$44.00 / 1KG"
  },
  {
    "Brand_Product_Size": "Woolworths Jumbo Cooked Prawn 500g",
    "WOW Price": 22,
    "WOW Size": "500g",
    "WOW ppu": "$44.00 / 1KG"
  },
  {
    "Brand_Product_Size": "Woobamboo Adult Bamboo Toothbrush Soft each",
    "WOW Price": 5,
    "WOW Size": "each",
    "WOW ppu": "$5.00 / 1EA"
  },
  {
    "Brand_Product_Size": "Philips Light Globe Led Filament 806lm E27 each",
    "WOW Price": 12,
    "WOW Size": "each",
    "WOW ppu": "$12.00 / 1EA"
  },
  {
    "Brand_Product_Size": "Three Threes Fruit Sauce Apple 250g",
    "WOW Price": 2.2,
    "WOW Size": "250g",
    "WOW ppu": "$0.88 / 100G"
  },
  {
    "Brand_Product_Size": "Scholl Gelactiv Insoles Men's Work 1 pair",
    "WOW Price": 19.6,
    "WOW Size": "1 pair",
    "WOW ppu": ""
  },
  {
    "Brand_Product_Size": "Chiko Original Rolls 4 pack",
    "WOW Price": 6,
    "WOW Size": "4 pack",
    "WOW ppu": "$0.92 / 100G"
  },
  {
    "Brand_Product_Size": "Always Discreet Underwear Large Pants For Bladder Leaks 8 pack",
    "WOW Price": 12,
    "WOW Size": "8 pack",
    "WOW ppu": "$1.50 / 1EA"
  },
  {
    "Brand_Product_Size": "Inspire Bobble Bath Mat 48x78cm each",
    "WOW Price": 16,
    "WOW Size": "each",
    "WOW ppu": ""
  },
  {
    "Brand_Product_Size": "Mission Corn Chips Chilli & Lime 230g",
    "WOW Price": 3.1,
    "WOW Size": "230g",
    "WOW ppu": "$1.35 / 100G"
  },
  {
    "Brand_Product_Size": "Chevron Type C Batteries 4 pack",
    "WOW Price": 5,
    "WOW Size": "4 pack",
    "WOW ppu": "$1.25 / 1EA"
  },
  {
    "Brand_Product_Size": "Angas Park Peaches Dried 200g",
    "WOW Price": 6,
    "WOW Size": "200g",
    "WOW ppu": "$30.00 / 1KG"
  },
  {
    "Brand_Product_Size": "Pro Live Original Probiotc Drink 315mL",
    "WOW Price": 3,
    "WOW Size": "315mL",
    "WOW ppu": "$0.95 / 100ML"
  },
  {
    "Brand_Product_Size": "Sunraysia Apple & Orange Juice 200mL",
    "WOW Price": 1.4,
    "WOW Size": "200mL",
    "WOW ppu": "$7.00 / 1L"
  },
  {
    "Brand_Product_Size": "Bellamy's Organic Banana Custard With Flaxseed 6 Months 120g",
    "WOW Price": 2.3,
    "WOW Size": "120g",
    "WOW ppu": "$1.92 / 100G"
  },
  {
    "Brand_Product_Size": "The Happy Snack Company Roasted Chickpeas Dark Choc & Raspberry 150g",
    "WOW Price": 6.5,
    "WOW Size": "150g",
    "WOW ppu": "$4.33 / 100G"
  },
  {
    "Brand_Product_Size": "Mortein Power Gard Multi Insect Killer 300g",
    "WOW Price": 10,
    "WOW Size": "300g",
    "WOW ppu": "$3.33 / 100G"
  },
  {
    "Brand_Product_Size": "Sanitarium So Good Long Life Vanilla Bliss Soy Milk 1L",
    "WOW Price": 3,
    "WOW Size": "1L",
    "WOW ppu": "$3.00 / 1L"
  },
  {
    "Brand_Product_Size": "Sanitarium So Good Long Life Vanilla Bliss Soy Milk 1L",
    "WOW Price": 3,
    "WOW Size": "1L",
    "WOW ppu": "$3.00 / 1L"
  },
  {
    "Brand_Product_Size": "Vileda Cleaning Cloth All Purpose Cloth 6 pack",
    "WOW Price": 5,
    "WOW Size": "6 pack",
    "WOW ppu": "$0.83 / 1EA"
  },
  {
    "Brand_Product_Size": "Schweppes Infused Natural Mineral Water With Raspberry 1.1L",
    "WOW Price": 1.25,
    "WOW Size": "1.1L",
    "WOW ppu": "$1.14 / 1L"
  },
  {
    "Brand_Product_Size": "Oral-b Essential Floss Dental Floss 50m 2 pack",
    "WOW Price": 4.06,
    "WOW Size": "2 pack",
    "WOW ppu": "$0.04 / 1M"
  },
  {
    "Brand_Product_Size": "La Zuppa Carrot & Cauliflower Soup Bowl 400 g",
    "WOW Price": 4,
    "WOW Size": "400 g",
    "WOW ppu": "$1.00 / 100G"
  },
  {
    "Brand_Product_Size": "Vege Chips Rice Crackers Sweet Chilli & Sour Cream 75g",
    "WOW Price": 1.9,
    "WOW Size": "75g",
    "WOW ppu": "$2.53 / 100G"
  },
  {
    "Brand_Product_Size": "Quitnits Head Lice Treatment Complet Kit each",
    "WOW Price": 23.5,
    "WOW Size": "each",
    "WOW ppu": "$23.50 / 1EA"
  },
  {
    "Brand_Product_Size": "Bow Wow Pigs Ears 5 pack",
    "WOW Price": 12.5,
    "WOW Size": "5 pack",
    "WOW ppu": "$2.50 / 1EA"
  },
  {
    "Brand_Product_Size": "Super Nature Wellness Bowl Satay Chicken & Quinoa, Chickpea & Wild Rice 350g",
    "WOW Price": 6.3,
    "WOW Size": "350g",
    "WOW ppu": "$1.80 / 100G"
  },
  {
    "Brand_Product_Size": "Elmer's Glow In The Dark Glue Blue 147mL",
    "WOW Price": 7,
    "WOW Size": "147mL",
    "WOW ppu": ""
  },
  {
    "Brand_Product_Size": "Valvoline Rci Coolant 5L",
    "WOW Price": 8,
    "WOW Size": "5L",
    "WOW ppu": "$0.16 / 100ML"
  },
  {
    "Brand_Product_Size": "Strepsils Extra Blackcurrant Fast Numbing Pain Relief Lozenges 36 pack",
    "WOW Price": 12,
    "WOW Size": "36 pack",
    "WOW ppu": "$12.00 / 1EA"
  },
  {
    "Brand_Product_Size": "Korbond Large Spiral Glitter Candles 12 pack",
    "WOW Price": 2,
    "WOW Size": "12 pack",
    "WOW ppu": "$0.17 / 1EA"
  },
  {
    "Brand_Product_Size": "Yankee Candle Home Inspiration Pink Island Sunset Candle Jar 340g",
    "WOW Price": 20,
    "WOW Size": "340g",
    "WOW ppu": ""
  },
  {
    "Brand_Product_Size": "Kraft Mac & Cheese Three Cheese 205g",
    "WOW Price": 2.9,
    "WOW Size": "205g",
    "WOW ppu": "$1.41 / 100G"
  },
  {
    "Brand_Product_Size": "Farmers Own Reduced Fat Milk 3L",
    "WOW Price": 4.5,
    "WOW Size": "3L",
    "WOW ppu": "$1.50 / 1L"
  },
  {
    "Brand_Product_Size": "La Molisana Pastificio Extra Di Lusso Potato Gnocchi 500g",
    "WOW Price": 3,
    "WOW Size": "500g",
    "WOW ppu": "$0.60 / 100G"
  },
  {
    "Brand_Product_Size": "Vanish Preen Gold Power Gel 200mL",
    "WOW Price": 5,
    "WOW Size": "200mL",
    "WOW ppu": "$25.00 / 1L"
  },
  {
    "Brand_Product_Size": "Homebrand Razor Disposable Womens Twin Blade 10 pack",
    "WOW Price": 2,
    "WOW Size": "10 pack",
    "WOW ppu": "$0.20 / 1EA"
  },
  {
    "Brand_Product_Size": "Bref Purple Active Lavender 50g",
    "WOW Price": 6,
    "WOW Size": "50g",
    "WOW ppu": "$12.00 / 100G"
  },
  {
    "Brand_Product_Size": "Republica Organic Coffee Beans Signature Blend 1kg",
    "WOW Price": 26,
    "WOW Size": "1kg",
    "WOW ppu": "$2.60 / 100G"
  },
  {
    "Brand_Product_Size": "Republica Organic Coffee Beans Signature Blend 1kg",
    "WOW Price": 26,
    "WOW Size": "1kg",
    "WOW ppu": "$2.60 / 100G"
  },
  {
    "Brand_Product_Size": "Woolworths Classic Cumberland Pork Sausages 500g",
    "WOW Price": 8.5,
    "WOW Size": "500g",
    "WOW ppu": "$17.00 / 1KG"
  },
  {
    "Brand_Product_Size": "Continental Naturally Tasty Cottage Pie Recipe Base 43g",
    "WOW Price": 2.4,
    "WOW Size": "43g",
    "WOW ppu": "$5.58 / 100G"
  },
  {
    "Brand_Product_Size": "Off! Tropical Insect Repellent Pump 175mL",
    "WOW Price": 7.6,
    "WOW Size": "175mL",
    "WOW ppu": "$4.34 / 100ML"
  },
  {
    "Brand_Product_Size": "Purina Totalcare Everyday Dog Collar Large Assorted each",
    "WOW Price": 18,
    "WOW Size": "each",
    "WOW ppu": "$18.00 / 1EA"
  },
  {
    "Brand_Product_Size": "John Frieda Frizz Ease Dream Curls Spray Styler 198mL",
    "WOW Price": 17,
    "WOW Size": "198mL",
    "WOW ppu": "$8.59 / 100ML"
  },
  {
    "Brand_Product_Size": "Birds Eye Deli Salt & Pepper Prawn Cutlets 225g",
    "WOW Price": 7.2,
    "WOW Size": "225g",
    "WOW ppu": "$32.00 / 1KG"
  },
  {
    "Brand_Product_Size": "Garnier Nutrisse Hair Colour 6.60 Fiery Red each",
    "WOW Price": 7.46,
    "WOW Size": "each",
    "WOW ppu": ""
  },
  {
    "Brand_Product_Size": "Organic Choice Air Freshener Lemongrass & Cedarwood 200mL",
    "WOW Price": 4,
    "WOW Size": "200mL",
    "WOW ppu": "$2.00 / 100ML"
  },
  {
    "Brand_Product_Size": "Listerine Total Care Mouthwash 250mL",
    "WOW Price": 4,
    "WOW Size": "250mL",
    "WOW ppu": "$1.60 / 100ML"
  },
  {
    "Brand_Product_Size": "Laughing Cow Original Spread 150g",
    "WOW Price": 3.75,
    "WOW Size": "150g",
    "WOW ppu": "$25.00 / 1KG"
  },
  {
    "Brand_Product_Size": "Masterfoods Freshly Chopped Chilli 160g",
    "WOW Price": 2.7,
    "WOW Size": "160g",
    "WOW ppu": "$0.17 / 10G"
  },
  {
    "Brand_Product_Size": "Vege Chips Rice Crackers Cheese 75g",
    "WOW Price": 1.9,
    "WOW Size": "75g",
    "WOW ppu": "$2.53 / 100G"
  },
  {
    "Brand_Product_Size": "3m Command Mixed?hooks Value 8 pack",
    "WOW Price": 17,
    "WOW Size": "8 pack",
    "WOW ppu": "$17.00 / 1EA"
  },
  {
    "Brand_Product_Size": "Bodiez Vitalise Lemon Lime 15g Protein Water 500mL",
    "WOW Price": 3.6,
    "WOW Size": "500mL",
    "WOW ppu": "$7.20 / 1L"
  },
  {
    "Brand_Product_Size": "Woolworths Buttermilk Pancake Shaker 350g",
    "WOW Price": 1.5,
    "WOW Size": "350g",
    "WOW ppu": "$0.43 / 100G"
  },
  {
    "Brand_Product_Size": "Ingham's Chicken Cheesy Nuggets 400g",
    "WOW Price": 6,
    "WOW Size": "400g",
    "WOW ppu": "$15.00 / 1KG"
  },
  {
    "Brand_Product_Size": "Baxter's Dog Food Chicken & Rice 3kg",
    "WOW Price": 6,
    "WOW Size": "3kg",
    "WOW ppu": "$0.20 / 100G"
  },
  {
    "Brand_Product_Size": "King Island Cape Wickham Double Brie Cheese 200g",
    "WOW Price": 12.6,
    "WOW Size": "200g",
    "WOW ppu": "$63.00 / 1KG"
  },
  {
    "Brand_Product_Size": "King Island Cape Wickham Double Brie Cheese 200g",
    "WOW Price": 12.6,
    "WOW Size": "200g",
    "WOW ppu": "$63.00 / 1KG"
  },
  {
    "Brand_Product_Size": "Thankyou. Body Wash Botanical Cedarwood 1L",
    "WOW Price": 13,
    "WOW Size": "1L",
    "WOW ppu": "$1.30 / 100ML"
  },
  {
    "Brand_Product_Size": "Passionfruit Fresh each",
    "WOW Price": 1,
    "WOW Size": "each",
    "WOW ppu": "$1.00 / 1EA"
  },
  {
    "Brand_Product_Size": "Invisible Zinc Tinted Moisturiser Light Spf50 50g",
    "WOW Price": 25,
    "WOW Size": "50g",
    "WOW ppu": "$50.00 / 100G"
  },
  {
    "Brand_Product_Size": "Dettol Washing Machine Cleaner Citrus Burst 250mL",
    "WOW Price": 6,
    "WOW Size": "250mL",
    "WOW ppu": "$24.00 / 1L"
  },
  {
    "Brand_Product_Size": "Inside Out Calcium Enriched Almond Milk 1L",
    "WOW Price": 4,
    "WOW Size": "1L",
    "WOW ppu": "$4.00 / 1L"
  },
  {
    "Brand_Product_Size": "Platinum Flawless Precision Duo Sponge each",
    "WOW Price": 7.5,
    "WOW Size": "each",
    "WOW ppu": "$7.50 / 1EA"
  },
  {
    "Brand_Product_Size": "Boston Bay Mussels Cooked 500g",
    "WOW Price": 6.5,
    "WOW Size": "500g",
    "WOW ppu": "$13.00 / 1KG"
  },
  {
    "Brand_Product_Size": "L'oreal Paris Elvive Colour Protect Conditioner 700mL",
    "WOW Price": 10,
    "WOW Size": "700mL",
    "WOW ppu": "$1.43 / 100ML"
  },
  {
    "Brand_Product_Size": "Betty Crocker Devil's Food Cake Mix 540g",
    "WOW Price": 5.2,
    "WOW Size": "540g",
    "WOW ppu": "$0.96 / 100G"
  },
  {
    "Brand_Product_Size": "Castello Soft Mild Blue Cheese 300g",
    "WOW Price": 11.5,
    "WOW Size": "300g",
    "WOW ppu": "$38.33 / 1KG"
  },
  {
    "Brand_Product_Size": "Castello Soft Mild Blue Cheese 300g",
    "WOW Price": 11.5,
    "WOW Size": "300g",
    "WOW ppu": "$38.33 / 1KG"
  },
  {
    "Brand_Product_Size": "Sharwood's Paste Tikka Masala Medium 275g",
    "WOW Price": 4.5,
    "WOW Size": "275g",
    "WOW ppu": "$1.64 / 100G"
  },
  {
    "Brand_Product_Size": "Angas Park Prunes Pitted Resealable 500g",
    "WOW Price": 7.9,
    "WOW Size": "500g",
    "WOW ppu": "$15.80 / 1KG"
  },
  {
    "Brand_Product_Size": "La Molisana Pastificio Extra Di Lusso Wholewheat Penne Rigate 500g",
    "WOW Price": 3,
    "WOW Size": "500g",
    "WOW ppu": "$0.60 / 100G"
  },
  {
    "Brand_Product_Size": "Aveeno Blackberry Quinoa Protein Blend Shampoo 354mL",
    "WOW Price": 16,
    "WOW Size": "354mL",
    "WOW ppu": "$4.52 / 100ML"
  },
  {
    "Brand_Product_Size": "Woolworths Crunchy Peanut Butter 500g",
    "WOW Price": 2.4,
    "WOW Size": "500g",
    "WOW ppu": "$0.48 / 100G"
  },
  {
    "Brand_Product_Size": "Connoisseur Ice Cream Classic Vanilla 1L tub",
    "WOW Price": 11,
    "WOW Size": "1L tub",
    "WOW ppu": "$1.10 / 100ML"
  },
  {
    "Brand_Product_Size": "Masterfoods Onion Flakes 100g",
    "WOW Price": 4.15,
    "WOW Size": "100g",
    "WOW ppu": "$0.42 / 10G"
  },
  {
    "Brand_Product_Size": "Mars Chocolate Bar Iced Confectionery Multipack 51mL x6 pack",
    "WOW Price": 8.5,
    "WOW Size": "51mL x6 pack",
    "WOW ppu": "$2.78 / 100ML"
  },
  {
    "Brand_Product_Size": "Macro Organic Light Coconut Cream 400mL",
    "WOW Price": 2.1,
    "WOW Size": "400mL",
    "WOW ppu": "$0.53 / 100ML"
  },
  {
    "Brand_Product_Size": "M&m's Ice Cream Cake 1.4L",
    "WOW Price": 15,
    "WOW Size": "1.4L",
    "WOW ppu": "$1.07 / 100ML"
  },
  {
    "Brand_Product_Size": "Essentials Collapsible Compact Airer each",
    "WOW Price": 5,
    "WOW Size": "each",
    "WOW ppu": ""
  },
  {
    "Brand_Product_Size": "Birds Eye Deli Hoki Fillets Lightly Battered 250g",
    "WOW Price": 7.5,
    "WOW Size": "250g",
    "WOW ppu": "$30.00 / 1KG"
  },
  {
    "Brand_Product_Size": "Woolworths Cous Cous 500g",
    "WOW Price": 1.75,
    "WOW Size": "500g",
    "WOW ppu": "$0.35 / 100G"
  },
  {
    "Brand_Product_Size": "Mckenzie's Natural Salt Sea 400g",
    "WOW Price": 5.95,
    "WOW Size": "400g",
    "WOW ppu": "$0.15 / 10G"
  },
  {
    "Brand_Product_Size": "Masterfoods Dijonnaise Mustard 250g",
    "WOW Price": 3.5,
    "WOW Size": "250g",
    "WOW ppu": "$1.40 / 100G"
  },
  {
    "Brand_Product_Size": "Optus X Wave each",
    "WOW Price": 69,
    "WOW Size": "each",
    "WOW ppu": ""
  },
  {
    "Brand_Product_Size": "Nature's Way Magnesium Flakes 750g",
    "WOW Price": 15,
    "WOW Size": "750g",
    "WOW ppu": "$2.00 / 100G"
  },
  {
    "Brand_Product_Size": "Baxter's Basted Rawhide Chews Real Kangaroo 100g",
    "WOW Price": 3.8,
    "WOW Size": "100g",
    "WOW ppu": "$3.80 / 100G"
  },
  {
    "Brand_Product_Size": "White Wings Pancake Mix Buttermilk 325g",
    "WOW Price": 2.5,
    "WOW Size": "325g",
    "WOW ppu": "$0.77 / 100G"
  },
  {
    "Brand_Product_Size": "S-26 Alula Gold Progress 6- 12 Months 900g",
    "WOW Price": 23,
    "WOW Size": "900g",
    "WOW ppu": "$2.56 / 100G"
  },
  {
    "Brand_Product_Size": "Leggos Fresh Bolognese Sauce 250g",
    "WOW Price": 3.5,
    "WOW Size": "250g",
    "WOW ppu": "$1.40 / 100G"
  },
  {
    "Brand_Product_Size": "My Dog Chicken Supreme Meaty Loaf Wet Dog Food 24 pack",
    "WOW Price": 24,
    "WOW Size": "24 pack",
    "WOW ppu": "$1.00 / 100G"
  },
  {
    "Brand_Product_Size": "Chobani No Fat Plain Yoghurt 170g",
    "WOW Price": 1.8,
    "WOW Size": "170g",
    "WOW ppu": "$1.06 / 100G"
  },
  {
    "Brand_Product_Size": "Chobani No Fat Plain Yoghurt 170g",
    "WOW Price": 1.8,
    "WOW Size": "170g",
    "WOW ppu": "$1.06 / 100G"
  },
  {
    "Brand_Product_Size": "Ryvita Thins Three Cheese Flatbreads 125g",
    "WOW Price": 2,
    "WOW Size": "125g",
    "WOW ppu": "$1.60 / 100G"
  },
  {
    "Brand_Product_Size": "Mccain Man Size Chicken Kiev 480g",
    "WOW Price": 8,
    "WOW Size": "480g",
    "WOW ppu": "$1.67 / 100G"
  },
  {
    "Brand_Product_Size": "Woolworths Highlighters Assorted Colours 6 pack",
    "WOW Price": 4,
    "WOW Size": "6 pack",
    "WOW ppu": ""
  },
  {
    "Brand_Product_Size": "Maybelline Instant Age Rewind Dark Circle Concealer - Ivory 6mL",
    "WOW Price": 10,
    "WOW Size": "6mL",
    "WOW ppu": "$16.67 / 10ML"
  },
  {
    "Brand_Product_Size": "Garnier Fructis Miraculous Oil Leave- In Hair Treatment 150mL",
    "WOW Price": 11.95,
    "WOW Size": "150mL",
    "WOW ppu": "$7.97 / 100ML"
  },
  {
    "Brand_Product_Size": "Jalna Biodynamic Whole Milk Yoghurt 1kg",
    "WOW Price": 5.5,
    "WOW Size": "1kg",
    "WOW ppu": "$0.55 / 100G"
  },
  {
    "Brand_Product_Size": "Dymo Letratag Tape Refill Paper 2 pack",
    "WOW Price": 16,
    "WOW Size": "2 pack",
    "WOW ppu": ""
  },
  {
    "Brand_Product_Size": "Montague Sparkling Apple Juice 300mL x4 pack",
    "WOW Price": 7,
    "WOW Size": "300mL x4 pack",
    "WOW ppu": "$5.83 / 1L"
  },
  {
    "Brand_Product_Size": "Montague Sparkling Apple Juice 300mL x4 pack",
    "WOW Price": 7,
    "WOW Size": "300mL x4 pack",
    "WOW ppu": "$5.83 / 1L"
  },
  {
    "Brand_Product_Size": "Head & Shoulders 2in1 Clean & Balanced Shampoo & Conditioner 350mL",
    "WOW Price": 9.1,
    "WOW Size": "350mL",
    "WOW ppu": "$2.60 / 100ML"
  },
  {
    "Brand_Product_Size": "D'orsogna Ham Honey Leg Shaved 400g",
    "WOW Price": 5.5,
    "WOW Size": "400g",
    "WOW ppu": "$13.75 / 1KG"
  },
  {
    "Brand_Product_Size": "D'orsogna Ham Honey Leg Shaved 400g",
    "WOW Price": 5.5,
    "WOW Size": "400g",
    "WOW ppu": "$13.75 / 1KG"
  },
  {
    "Brand_Product_Size": "Fancy Feast Adult Classic Chicken Feast Chunky Wet Cat Food 85g",
    "WOW Price": 1.45,
    "WOW Size": "85g",
    "WOW ppu": "$1.71 / 100G"
  },
  {
    "Brand_Product_Size": "D'orsogna Maple Glazed Streaky Bacon 200g",
    "WOW Price": 5.5,
    "WOW Size": "200g",
    "WOW ppu": "$27.50 / 1KG"
  },
  {
    "Brand_Product_Size": "Don Donskis Mild 40g",
    "WOW Price": 3,
    "WOW Size": "40g",
    "WOW ppu": "$75.00 / 1KG"
  },
  {
    "Brand_Product_Size": "Hoyt's Cinnamon Sticks 15g",
    "WOW Price": 3,
    "WOW Size": "15g",
    "WOW ppu": "$2.00 / 10G"
  },
  {
    "Brand_Product_Size": "Mersey Valley Peppercorn Medley Cheddar Cheese 235g",
    "WOW Price": 5.5,
    "WOW Size": "235g",
    "WOW ppu": "$23.40 / 1KG"
  },
  {
    "Brand_Product_Size": "Mersey Valley Peppercorn Medley Cheddar Cheese 235g",
    "WOW Price": 5.5,
    "WOW Size": "235g",
    "WOW ppu": "$23.40 / 1KG"
  },
  {
    "Brand_Product_Size": "Woolworths Cheeseburger Flavoured Spring Rolls 6 pack",
    "WOW Price": 5,
    "WOW Size": "6 pack",
    "WOW ppu": "$2.08 / 100G"
  },
  {
    "Brand_Product_Size": "Pop Tops Apple Drink 250mL x6 pack",
    "WOW Price": 4.5,
    "WOW Size": "250mL x6 pack",
    "WOW ppu": "$3.00 / 1L"
  },
  {
    "Brand_Product_Size": "Pop Tops Apple Drink 250mL x6 pack",
    "WOW Price": 4.5,
    "WOW Size": "250mL x6 pack",
    "WOW ppu": "$3.00 / 1L"
  },
  {
    "Brand_Product_Size": "Kellogg's Sultana Bran High Fibre Breakfast Cereal 730g",
    "WOW Price": 3.75,
    "WOW Size": "730g",
    "WOW ppu": "$0.51 / 100G"
  },
  {
    "Brand_Product_Size": "Rexona Clinical Protection Sport 45mL",
    "WOW Price": 13,
    "WOW Size": "45mL",
    "WOW ppu": "$28.89 / 100ML"
  },
  {
    "Brand_Product_Size": "Golden Circle Apple Blackcurrant Juice 3L",
    "WOW Price": 4,
    "WOW Size": "3L",
    "WOW ppu": "$1.33 / 1L"
  },
  {
    "Brand_Product_Size": "Gatorade Orange Ice Sports Drink 600mL",
    "WOW Price": 2.15,
    "WOW Size": "600mL",
    "WOW ppu": "$3.58 / 1L"
  },
  {
    "Brand_Product_Size": "Rafferty's Garden Snacks Banana Milk Rusks 100g",
    "WOW Price": 4,
    "WOW Size": "100g",
    "WOW ppu": "$4.00 / 100G"
  },
  {
    "Brand_Product_Size": "Ogx Renewing & Argan Oil Of Morocco Shampoo 750mL",
    "WOW Price": 32,
    "WOW Size": "750mL",
    "WOW ppu": "$4.27 / 100ML"
  },
  {
    "Brand_Product_Size": "Scott Cornwall Colour Restore Iced Platinum each",
    "WOW Price": 16.95,
    "WOW Size": "each",
    "WOW ppu": ""
  },
  {
    "Brand_Product_Size": "Ogx Nourishing & Coconut Milk Shampoo 750mL",
    "WOW Price": 32,
    "WOW Size": "750mL",
    "WOW ppu": "$4.27 / 100ML"
  },
  {
    "Brand_Product_Size": "Adesso Slow Cooker 5.5l each",
    "WOW Price": 39,
    "WOW Size": "each",
    "WOW ppu": ""
  },
  {
    "Brand_Product_Size": "Revlon Photoready Makeup Primer Shadow + Sparkle Impressionist 2.8g",
    "WOW Price": 13,
    "WOW Size": "2.8g",
    "WOW ppu": "$46.43 / 10G"
  },
  {
    "Brand_Product_Size": "Woolworths Champignon Whole 400g",
    "WOW Price": 1.4,
    "WOW Size": "400g",
    "WOW ppu": "$3.50 / 1KG"
  },
  {
    "Brand_Product_Size": "Kirks Lemonade Bottle 1.25L",
    "WOW Price": 1.85,
    "WOW Size": "1.25L",
    "WOW ppu": "$1.48 / 1L"
  },
  {
    "Brand_Product_Size": "Woolworths Butter Chicken With Jasmine Rice 350g",
    "WOW Price": 4,
    "WOW Size": "350g",
    "WOW ppu": "$1.14 / 100G"
  },
  {
    "Brand_Product_Size": "Fab Laundry Liquid Essential Oils Indian Nights 3.6L",
    "WOW Price": 15,
    "WOW Size": "3.6L",
    "WOW ppu": "$4.17 / 1L"
  },
  {
    "Brand_Product_Size": "Ozguard Hand Sanitiser 350mL",
    "WOW Price": 10,
    "WOW Size": "350mL",
    "WOW ppu": "$2.86 / 100ML"
  },
  {
    "Brand_Product_Size": "Earth Choice Dishwashing Liquid Green Tea & Lime 500mL",
    "WOW Price": 3,
    "WOW Size": "500mL",
    "WOW ppu": "$0.60 / 100ML"
  },
  {
    "Brand_Product_Size": "Wet Stuff Lubricants Lubricant Gold 270g",
    "WOW Price": 6.4,
    "WOW Size": "270g",
    "WOW ppu": "$2.37 / 100G"
  },
  {
    "Brand_Product_Size": "Uncle Tobys Oats Breakfast Bakes Apple & Cinnamon 260g",
    "WOW Price": 6,
    "WOW Size": "260g",
    "WOW ppu": "$2.31 / 100G"
  },
  {
    "Brand_Product_Size": "Jelly Belly 3d Gel Tutti Frutti Air Freshener each",
    "WOW Price": 5,
    "WOW Size": "each",
    "WOW ppu": "$27.78 / 100G"
  },
  {
    "Brand_Product_Size": "Trill Bird Millet Sprays 150g",
    "WOW Price": 6,
    "WOW Size": "150g",
    "WOW ppu": "$4.00 / 100G"
  },
  {
    "Brand_Product_Size": "French Fries Multipack Assortment 12 pack",
    "WOW Price": 5.2,
    "WOW Size": "12 pack",
    "WOW ppu": "$2.34 / 100G"
  },
  {
    "Brand_Product_Size": "Primo Kids Sliced Honey Ham 100g",
    "WOW Price": 3.25,
    "WOW Size": "100g",
    "WOW ppu": "$32.50 / 1KG"
  },
  {
    "Brand_Product_Size": "Garnier Nutrisse Hair Colour 5n Nude Medium Brown each",
    "WOW Price": 7.46,
    "WOW Size": "each",
    "WOW ppu": ""
  },
  {
    "Brand_Product_Size": "The Sauce By Manu Peppercorn 150g",
    "WOW Price": 5,
    "WOW Size": "150g",
    "WOW ppu": "$3.33 / 100G"
  },
  {
    "Brand_Product_Size": "Woolworths Extra Tasty Cheese Slices 500g",
    "WOW Price": 6.5,
    "WOW Size": "500g",
    "WOW ppu": "$13.00 / 1KG"
  },
  {
    "Brand_Product_Size": "Woolworths Extra Tasty Cheese Slices 500g",
    "WOW Price": 6.5,
    "WOW Size": "500g",
    "WOW ppu": "$13.00 / 1KG"
  },
  {
    "Brand_Product_Size": "Mccain Beef & Bacon Pasta Bake 400g",
    "WOW Price": 3.5,
    "WOW Size": "400g",
    "WOW ppu": "$0.88 / 100G"
  },
  {
    "Brand_Product_Size": "Panadol Rapid Soluble Tablets For Pain Relief Paracetamol 500mg 20 pack",
    "WOW Price": 5.5,
    "WOW Size": "20 pack",
    "WOW ppu": "$0.28 / 1EA"
  },
  {
    "Brand_Product_Size": "Paldo Dosirac Hot Spicy Noodles King Cup 110g",
    "WOW Price": 2.5,
    "WOW Size": "110g",
    "WOW ppu": "$2.27 / 100G"
  },
  {
    "Brand_Product_Size": "Mcobeauty Hydrating Face Primer 30mL",
    "WOW Price": 7.5,
    "WOW Size": "30mL",
    "WOW ppu": "$2.50 / 10ML"
  },
  {
    "Brand_Product_Size": "Birds Eye Steam Fresh Potato Mash With Butter 400g",
    "WOW Price": 4.2,
    "WOW Size": "400g",
    "WOW ppu": "$10.50 / 1KG"
  },
  {
    "Brand_Product_Size": "Greek Family Farm Organic Greek Feta 200g",
    "WOW Price": 6.5,
    "WOW Size": "200g",
    "WOW ppu": "$32.50 / 1KG"
  },
  {
    "Brand_Product_Size": "Greek Family Farm Organic Greek Feta 200g",
    "WOW Price": 6.5,
    "WOW Size": "200g",
    "WOW ppu": "$32.50 / 1KG"
  },
  {
    "Brand_Product_Size": "Radox Body Wash Feel Oxygenated 1L",
    "WOW Price": 7,
    "WOW Size": "1L",
    "WOW ppu": "$0.70 / 100ML"
  },
  {
    "Brand_Product_Size": "Woolworths Ginger Beer Bottle 1.25L",
    "WOW Price": 1,
    "WOW Size": "1.25L",
    "WOW ppu": "$0.80 / 1L"
  },
  {
    "Brand_Product_Size": "Peckish Thins Rice Crackers Salt & Vinegar 100g",
    "WOW Price": 2.2,
    "WOW Size": "100g",
    "WOW ppu": "$2.20 / 100G"
  },
  {
    "Brand_Product_Size": "Head & Shoulders Ultra Men Shampoo Sports Fresh 550mL",
    "WOW Price": 13.3,
    "WOW Size": "550mL",
    "WOW ppu": "$2.42 / 100ML"
  },
  {
    "Brand_Product_Size": "Body Crystal Roll On Deodorant Botanica 80mL",
    "WOW Price": 5.5,
    "WOW Size": "80mL",
    "WOW ppu": "$6.88 / 100ML"
  },
  {
    "Brand_Product_Size": "Rana Four Cheese Tortellini 565g",
    "WOW Price": 10,
    "WOW Size": "565g",
    "WOW ppu": "$1.77 / 100G"
  },
  {
    "Brand_Product_Size": "Brylcreem Hair Original 150mL",
    "WOW Price": 6.25,
    "WOW Size": "150mL",
    "WOW ppu": "$4.17 / 100ML"
  },
  {
    "Brand_Product_Size": "Wicked Sister Vanilla Bean Rice Pudding 2x170g",
    "WOW Price": 2.1,
    "WOW Size": "2x170g",
    "WOW ppu": "$0.62 / 100G"
  },
  {
    "Brand_Product_Size": "Campbell's Real Beef Liquid Stock 500mL",
    "WOW Price": 2.29,
    "WOW Size": "500mL",
    "WOW ppu": "$0.46 / 100ML"
  },
  {
    "Brand_Product_Size": "Dine Saucy Morsels Wet Cat Food Ocean Fish Tray 7 pack",
    "WOW Price": 5.2,
    "WOW Size": "7 pack",
    "WOW ppu": "$0.87 / 100G"
  },
  {
    "Brand_Product_Size": "La Molisana Extra Di Lusso Egg Pappardelle 250g",
    "WOW Price": 3,
    "WOW Size": "250g",
    "WOW ppu": "$1.20 / 100G"
  },
  {
    "Brand_Product_Size": "Sensodyne Gum Dual Action Extra Fresh Toothpaste 100g",
    "WOW Price": 6.6,
    "WOW Size": "100g",
    "WOW ppu": "$6.60 / 100G"
  },
  {
    "Brand_Product_Size": "Nuttelex Olive Table Spread 500g",
    "WOW Price": 3.7,
    "WOW Size": "500g",
    "WOW ppu": "$0.74 / 100G"
  },
  {
    "Brand_Product_Size": "Nuttelex Olive Table Spread 500g",
    "WOW Price": 3.7,
    "WOW Size": "500g",
    "WOW ppu": "$0.74 / 100G"
  },
  {
    "Brand_Product_Size": "Piksters Interdental Brushes Size 0 10 pack",
    "WOW Price": 7,
    "WOW Size": "10 pack",
    "WOW ppu": "$0.70 / 1EA"
  },
  {
    "Brand_Product_Size": "Extra Watermelon Chewing Gum Sugar Free Multipack 3x14 Piece 81g",
    "WOW Price": 4,
    "WOW Size": "81g",
    "WOW ppu": "$4.94 / 100G"
  },
  {
    "Brand_Product_Size": "Bonds Singlet Mens Chesty Coloured Size 20 1 pack",
    "WOW Price": 15,
    "WOW Size": "1 pack",
    "WOW ppu": ""
  },
  {
    "Brand_Product_Size": "Carman's Goodness & Grains Sultana & Cinnamon Flakes 375g",
    "WOW Price": 5.6,
    "WOW Size": "375g",
    "WOW ppu": "$1.49 / 100G"
  },
  {
    "Brand_Product_Size": "Staedtler Natural Graphite Pencils Hb 5 pack",
    "WOW Price": 2.8,
    "WOW Size": "5 pack",
    "WOW ppu": ""
  },
  {
    "Brand_Product_Size": "Impressed Cold Pressed Juice Summer Greens 325mL",
    "WOW Price": 3.6,
    "WOW Size": "325mL",
    "WOW ppu": "$11.08 / 1L"
  },
  {
    "Brand_Product_Size": "Tresemme Violet Blonde Shine Shampoo 675mL",
    "WOW Price": 6.5,
    "WOW Size": "675mL",
    "WOW ppu": "$0.96 / 100ML"
  },
  {
    "Brand_Product_Size": "Exelpet Intestional Allwormer Treatment For Cats 2 pack",
    "WOW Price": 13,
    "WOW Size": "2 pack",
    "WOW ppu": "$6.50 / 1EA"
  },
  {
    "Brand_Product_Size": "Nexba Mixed Berry Sugar-free Kombucha 330mL x 4 pack",
    "WOW Price": 8.55,
    "WOW Size": "330mL x 4 pack",
    "WOW ppu": "$6.48 / 1L"
  },
  {
    "Brand_Product_Size": "Ingham's Crumbed Chicken Nuggets Family Pack 700g",
    "WOW Price": 7,
    "WOW Size": "700g",
    "WOW ppu": "$10.00 / 1KG"
  },
  {
    "Brand_Product_Size": "Mission Wraps Original 8 pack",
    "WOW Price": 4,
    "WOW Size": "8 pack",
    "WOW ppu": "$0.71 / 100G"
  },
  {
    "Brand_Product_Size": "Mission Wraps Original 8 pack",
    "WOW Price": 4,
    "WOW Size": "8 pack",
    "WOW ppu": "$0.71 / 100G"
  },
  {
    "Brand_Product_Size": "Macro Organic Pear 500g",
    "WOW Price": 7.9,
    "WOW Size": "500g",
    "WOW ppu": "$15.80 / 1KG"
  },
  {
    "Brand_Product_Size": "Sunrice Jasmine 2kg",
    "WOW Price": 6.5,
    "WOW Size": "2kg",
    "WOW ppu": "$0.33 / 100G"
  },
  {
    "Brand_Product_Size": "Bulldog Original Bamboo Razor Handle each",
    "WOW Price": 9,
    "WOW Size": "each",
    "WOW ppu": "$9.00 / 1EA"
  },
  {
    "Brand_Product_Size": "Murine Eye Drops Tears For Eyes 15mL",
    "WOW Price": 8.5,
    "WOW Size": "15mL",
    "WOW ppu": "$56.67 / 100ML"
  },
  {
    "Brand_Product_Size": "Matchbox Super Convoy Assorted each",
    "WOW Price": 14.4,
    "WOW Size": "each",
    "WOW ppu": ""
  },
  {
    "Brand_Product_Size": "Revlon Colorstay Concealer Light 6.2mL",
    "WOW Price": 13.5,
    "WOW Size": "6.2mL",
    "WOW ppu": "$21.77 / 10ML"
  },
  {
    "Brand_Product_Size": "Bonds Mens Socks 1/4 Crew Sports Size 6-10 3 pack",
    "WOW Price": 15,
    "WOW Size": "3 pack",
    "WOW ppu": "$5.00 / 1EA"
  },
  {
    "Brand_Product_Size": "Pana Organic Salted Caramel Dairy Free Ice Cream 475mL",
    "WOW Price": 11,
    "WOW Size": "475mL",
    "WOW ppu": "$2.32 / 100ML"
  },
  {
    "Brand_Product_Size": "Health Lab Peanut Butter Envy Nut Butter Filled Ball 40g",
    "WOW Price": 2,
    "WOW Size": "40g",
    "WOW ppu": ""
  },
  {
    "Brand_Product_Size": "Arnott's Venetians Fancy 200g",
    "WOW Price": 3,
    "WOW Size": "200g",
    "WOW ppu": "$1.50 / 100G"
  },
  {
    "Brand_Product_Size": "All Natural Bakery Bars Macadamia & Apricot Oat Slice 100g",
    "WOW Price": 2.7,
    "WOW Size": "100g",
    "WOW ppu": "$2.70 / 100G"
  },
  {
    "Brand_Product_Size": "Nivea Q10 Power Mature Day Cream Anti-wrinkle & Replenishing 50mL",
    "WOW Price": 22,
    "WOW Size": "50mL",
    "WOW ppu": ""
  },
  {
    "Brand_Product_Size": "Atkins Plus Protein Dark Chocolate 400mL",
    "WOW Price": 4.3,
    "WOW Size": "400mL",
    "WOW ppu": "$1.08 / 100ML"
  },
  {
    "Brand_Product_Size": "Woolworths Cola Bottle 1.25L",
    "WOW Price": 1,
    "WOW Size": "1.25L",
    "WOW ppu": "$0.80 / 1L"
  },
  {
    "Brand_Product_Size": "Mint Soft Grip Apple Corer each",
    "WOW Price": 4,
    "WOW Size": "each",
    "WOW ppu": ""
  },
  {
    "Brand_Product_Size": "Bnei Darom Ingredients Green Olives Pitted 560g",
    "WOW Price": 5,
    "WOW Size": "560g",
    "WOW ppu": "$0.89 / 100G"
  },
  {
    "Brand_Product_Size": "Mama's Homestyle Ajvar Mild 290g",
    "WOW Price": 7.5,
    "WOW Size": "290g",
    "WOW ppu": "$2.59 / 100G"
  },
  {
    "Brand_Product_Size": "Natural Instinct Body Wash 1L",
    "WOW Price": 12,
    "WOW Size": "1L",
    "WOW ppu": "$1.20 / 100ML"
  },
  {
    "Brand_Product_Size": "Katoomba Ingredients Yellow Split Peas 1kg",
    "WOW Price": 2.5,
    "WOW Size": "1kg",
    "WOW ppu": "$0.25 / 100G"
  },
  {
    "Brand_Product_Size": "Twisties Chicken Snacks Party Size Bag 270g",
    "WOW Price": 3,
    "WOW Size": "270g",
    "WOW ppu": "$1.11 / 100G"
  },
  {
    "Brand_Product_Size": "Elastoplast Rigid Strapping Tape Roll 38mm X 15m each",
    "WOW Price": 10,
    "WOW Size": "each",
    "WOW ppu": "$10.00 / 1EA"
  },
  {
    "Brand_Product_Size": "Glow Printed Hair Turban each",
    "WOW Price": 9,
    "WOW Size": "each",
    "WOW ppu": ""
  },
  {
    "Brand_Product_Size": "Golden Circle Multivitamin Juice 2L",
    "WOW Price": 2.7,
    "WOW Size": "2L",
    "WOW ppu": "$1.35 / 1L"
  },
  {
    "Brand_Product_Size": "Harris Coffee Ground Organic 200g",
    "WOW Price": 8.5,
    "WOW Size": "200g",
    "WOW ppu": "$4.25 / 100G"
  },
  {
    "Brand_Product_Size": "Harris Coffee Ground Organic 200g",
    "WOW Price": 8.5,
    "WOW Size": "200g",
    "WOW ppu": "$4.25 / 100G"
  },
  {
    "Brand_Product_Size": "Nudie Nothing But Oranges With Pulp 2L",
    "WOW Price": 6.5,
    "WOW Size": "2L",
    "WOW ppu": "$3.25 / 1L"
  },
  {
    "Brand_Product_Size": "Baby Bellies Goodie Bowl Apple, Apricot & Millet 110g",
    "WOW Price": 2.25,
    "WOW Size": "110g",
    "WOW ppu": "$2.05 / 100G"
  },
  {
    "Brand_Product_Size": "Elastoplast Kids Sensitive Plasters 20 pack",
    "WOW Price": 3.5,
    "WOW Size": "20 pack",
    "WOW ppu": ""
  },
  {
    "Brand_Product_Size": "U By Kotex Ultrathin Pads Super With Wings 12 pack",
    "WOW Price": 3.2,
    "WOW Size": "12 pack",
    "WOW ppu": "$0.27 / 1EA"
  },
  {
    "Brand_Product_Size": "Kiddylicious Veggie Straws 12g",
    "WOW Price": 1.8,
    "WOW Size": "12g",
    "WOW ppu": "$15.00 / 100G"
  },
  {
    "Brand_Product_Size": "Illooms Led Light Up Balloons Happy Birthday 5 pack",
    "WOW Price": 6,
    "WOW Size": "5 pack",
    "WOW ppu": "$1.20 / 1EA"
  },
  {
    "Brand_Product_Size": "White Magic Stay Fresh Fridge Mat each",
    "WOW Price": 5.5,
    "WOW Size": "each",
    "WOW ppu": ""
  },
  {
    "Brand_Product_Size": "Well Naturally Bar Sugar Free Dark 90g",
    "WOW Price": 3.5,
    "WOW Size": "90g",
    "WOW ppu": "$3.89 / 100G"
  },
  {
    "Brand_Product_Size": "Massel Ultracubes Beef 105g",
    "WOW Price": 3.4,
    "WOW Size": "105g",
    "WOW ppu": "$0.32 / 10G"
  },
  {
    "Brand_Product_Size": "Ecostore Conditioner Dry Hair 350mL",
    "WOW Price": 14,
    "WOW Size": "350mL",
    "WOW ppu": "$4.00 / 100ML"
  },
  {
    "Brand_Product_Size": "Thawed Australian Prawn Meat per kg",
    "WOW Price": 39,
    "WOW Size": "per kg",
    "WOW ppu": "$39.00 / 1KG"
  },
  {
    "Brand_Product_Size": "Bounce Keto Low Carb Choc Berry 35g",
    "WOW Price": 3,
    "WOW Size": "35g",
    "WOW ppu": "$8.57 / 100G"
  },
  {
    "Brand_Product_Size": "Head & Shoulders Dry Scalp Care Conditioner 400mL",
    "WOW Price": 9.1,
    "WOW Size": "400mL",
    "WOW ppu": "$2.28 / 100ML"
  },
  {
    "Brand_Product_Size": "Little One's Size 5 Ultra Dry Nappies Walker 13-18kg Boys & Girls 44 pack",
    "WOW Price": 10,
    "WOW Size": "44 pack",
    "WOW ppu": "$0.23 / 1EA"
  },
  {
    "Brand_Product_Size": "Saxa Pink Himalayan Cooking Salt 750g",
    "WOW Price": 2.99,
    "WOW Size": "750g",
    "WOW ppu": "$0.04 / 10G"
  },
  {
    "Brand_Product_Size": "Pine O Cleen Disinfectant Spray Lemon Lime 750mL",
    "WOW Price": 4,
    "WOW Size": "750mL",
    "WOW ppu": "$0.53 / 100ML"
  },
  {
    "Brand_Product_Size": "Pana Organic Cashew Caramel Spread 200g",
    "WOW Price": 7,
    "WOW Size": "200g",
    "WOW ppu": "$3.50 / 100G"
  },
  {
    "Brand_Product_Size": "The Collective Probiotic Kefir Pourable Yoghurt Natural 700g",
    "WOW Price": 5,
    "WOW Size": "700g",
    "WOW ppu": "$0.71 / 100G"
  },
  {
    "Brand_Product_Size": "Musashi Protein Wafer Berry Flavour 40g",
    "WOW Price": 2.8,
    "WOW Size": "40g",
    "WOW ppu": "$7.00 / 100G"
  },
  {
    "Brand_Product_Size": "Lean Cuisine Protein Plus Slow Cooked Beef With Veg & Grains 350g",
    "WOW Price": 8.5,
    "WOW Size": "350g",
    "WOW ppu": "$2.43 / 100G"
  },
  {
    "Brand_Product_Size": "Fibre One Lemon Drizzle Squares 5 pack",
    "WOW Price": 5.5,
    "WOW Size": "5 pack",
    "WOW ppu": "$4.58 / 100G"
  },
  {
    "Brand_Product_Size": "The Bar Counter Protein Balls Salted Caramel Chocolate 30g",
    "WOW Price": 2.5,
    "WOW Size": "30g",
    "WOW ppu": "$8.33 / 100G"
  },
  {
    "Brand_Product_Size": "Rimmel Lash Accelerator Serum 11mL",
    "WOW Price": 11.5,
    "WOW Size": "11mL",
    "WOW ppu": "$10.45 / 10ML"
  },
  {
    "Brand_Product_Size": "Little Wishes Soother 0-6 Months 3 pack",
    "WOW Price": 3,
    "WOW Size": "3 pack",
    "WOW ppu": "$1.00 / 1EA"
  },
  {
    "Brand_Product_Size": "Carman's Super Berry Muesli Bars 6 pack",
    "WOW Price": 6,
    "WOW Size": "6 pack",
    "WOW ppu": "$2.22 / 100G"
  },
  {
    "Brand_Product_Size": "Carman's Super Berry Muesli Bars 6 pack",
    "WOW Price": 6,
    "WOW Size": "6 pack",
    "WOW ppu": "$2.22 / 100G"
  },
  {
    "Brand_Product_Size": "Tresemme Conditioner Volume 900mL",
    "WOW Price": 7,
    "WOW Size": "900mL",
    "WOW ppu": "$0.78 / 100ML"
  },
  {
    "Brand_Product_Size": "Deeko Sugarcane Plates Large 8 pack",
    "WOW Price": 4.5,
    "WOW Size": "8 pack",
    "WOW ppu": "$4.50 / 1EA"
  },
  {
    "Brand_Product_Size": "Bulldog Original Beard Shampoo 200mL",
    "WOW Price": 12,
    "WOW Size": "200mL",
    "WOW ppu": "$6.00 / 100ML"
  },
  {
    "Brand_Product_Size": "Nad's Hair Removal Cream For Men 200mL",
    "WOW Price": 7.7,
    "WOW Size": "200mL",
    "WOW ppu": "$3.85 / 100ML"
  },
  {
    "Brand_Product_Size": "Onion White each",
    "WOW Price": 1,
    "WOW Size": "each",
    "WOW ppu": "$1.00 / 1EA"
  },
  {
    "Brand_Product_Size": "Peckish Rice Crackers Cheese 6 pack 120g",
    "WOW Price": 2.4,
    "WOW Size": "6 pack 120g",
    "WOW ppu": "$2.00 / 100G"
  },
  {
    "Brand_Product_Size": "Peckish Rice Crackers Cheese 6 pack 120g",
    "WOW Price": 2.4,
    "WOW Size": "6 pack 120g",
    "WOW ppu": "$2.00 / 100G"
  },
  {
    "Brand_Product_Size": "Barilla Pasta Sauce Arrabbiata Chilli 400g",
    "WOW Price": 3.75,
    "WOW Size": "400g",
    "WOW ppu": "$0.94 / 100G"
  },
  {
    "Brand_Product_Size": "Obento Japanese Cooking Sake 250mL",
    "WOW Price": 3.3,
    "WOW Size": "250mL",
    "WOW ppu": "$1.32 / 100ML"
  },
  {
    "Brand_Product_Size": "Vagisil Daily Intimate Wash Ultra Fresh 354mL",
    "WOW Price": 8,
    "WOW Size": "354mL",
    "WOW ppu": "$2.26 / 100ML"
  },
  {
    "Brand_Product_Size": "Ural Effervescentpowder Sachets Cranberry 20 pack",
    "WOW Price": 10,
    "WOW Size": "20 pack",
    "WOW ppu": "$0.50 / 1EA"
  },
  {
    "Brand_Product_Size": "Darrell Lea Bullets White Chocolate Raspberry 200g",
    "WOW Price": 3.5,
    "WOW Size": "200g",
    "WOW ppu": "$1.75 / 100G"
  },
  {
    "Brand_Product_Size": "Jack Hammer Removable Strips Small 8 pack",
    "WOW Price": 9,
    "WOW Size": "8 pack",
    "WOW ppu": "$1.13 / 1EA"
  },
  {
    "Brand_Product_Size": "Schwarzkopf Extra Care Conditioner Colour Protect 400mL",
    "WOW Price": 4.8,
    "WOW Size": "400mL",
    "WOW ppu": "$1.20 / 100ML"
  },
  {
    "Brand_Product_Size": "Wiltshire 3 Stage Knife Sharpener each",
    "WOW Price": 20,
    "WOW Size": "each",
    "WOW ppu": ""
  },
  {
    "Brand_Product_Size": "Lee Kum Kee Panda Brand Sauce Oyster 255g",
    "WOW Price": 3.3,
    "WOW Size": "255g",
    "WOW ppu": "$1.29 / 100G"
  },
  {
    "Brand_Product_Size": "J Crackleton Pork Crackle Maple Bacon 40g",
    "WOW Price": 1.8,
    "WOW Size": "40g",
    "WOW ppu": "$45.00 / 1KG"
  },
  {
    "Brand_Product_Size": "Fantastic Beef Noodle Bowl 85g",
    "WOW Price": 1,
    "WOW Size": "85g",
    "WOW ppu": "$1.18 / 100G"
  },
  {
    "Brand_Product_Size": "Cadbury Milk Chocolate Coated Peanuts 120g",
    "WOW Price": 4,
    "WOW Size": "120g",
    "WOW ppu": "$3.33 / 100G"
  },
  {
    "Brand_Product_Size": "Guylian Chocolate Selection Belgian Excellence 305g gift box",
    "WOW Price": 18,
    "WOW Size": "305g gift box",
    "WOW ppu": "$5.90 / 100G"
  },
  {
    "Brand_Product_Size": "Spring Gully Gherkins Sweet Spiced 550g",
    "WOW Price": 4.1,
    "WOW Size": "550g",
    "WOW ppu": "$7.45 / 1KG"
  },
  {
    "Brand_Product_Size": "Essentials Sheer Knee High Stocking Natural One Size 4 pack",
    "WOW Price": 4,
    "WOW Size": "4 pack",
    "WOW ppu": ""
  },
  {
    "Brand_Product_Size": "Essentials Cafe Mug White Cafe White each",
    "WOW Price": 3,
    "WOW Size": "each",
    "WOW ppu": ""
  },
  {
    "Brand_Product_Size": "Macro Organic Cashews Nuts 500g",
    "WOW Price": 15,
    "WOW Size": "500g",
    "WOW ppu": "$30.00 / 1KG"
  },
  {
    "Brand_Product_Size": "Maybelline Brow Fast Sculpt Gel Mascara Clear each",
    "WOW Price": 7.5,
    "WOW Size": "each",
    "WOW ppu": "$25.00 / 10ML"
  },
  {
    "Brand_Product_Size": "Ozguard Hand Sanitiser 750mL",
    "WOW Price": 15,
    "WOW Size": "750mL",
    "WOW ppu": "$2.00 / 100ML"
  },
  {
    "Brand_Product_Size": "Connoisseur Ice Cream Belgian Chocolate 1L tub",
    "WOW Price": 11,
    "WOW Size": "1L tub",
    "WOW ppu": "$1.10 / 100ML"
  },
  {
    "Brand_Product_Size": "Peters Drumstick Ice Cream Vanilla 16 pack",
    "WOW Price": 17,
    "WOW Size": "16 pack",
    "WOW ppu": "$0.89 / 100ML"
  },
  {
    "Brand_Product_Size": "Darrell Lea Twists Raspberry Liquorice 280g",
    "WOW Price": 3.5,
    "WOW Size": "280g",
    "WOW ppu": "$1.25 / 100G"
  },
  {
    "Brand_Product_Size": "Heinz Smoothie Banana, Pear & Oat Pouch 120g",
    "WOW Price": 1.5,
    "WOW Size": "120g",
    "WOW ppu": "$1.25 / 100G"
  },
  {
    "Brand_Product_Size": "Twinings Russian Caravan Loose Leaf Tea 125g",
    "WOW Price": 6,
    "WOW Size": "125g",
    "WOW ppu": "$4.80 / 100G"
  },
  {
    "Brand_Product_Size": "Twinings Russian Caravan Loose Leaf Tea 125g",
    "WOW Price": 6,
    "WOW Size": "125g",
    "WOW ppu": "$4.80 / 100G"
  },
  {
    "Brand_Product_Size": "Toni & Guy Purple Shampoo 250mL",
    "WOW Price": 8,
    "WOW Size": "250mL",
    "WOW ppu": "$3.20 / 100ML"
  },
  {
    "Brand_Product_Size": "Bic Kids Mixed Colouring 36 pack",
    "WOW Price": 10,
    "WOW Size": "36 pack",
    "WOW ppu": ""
  },
  {
    "Brand_Product_Size": "Calidad Epson 138 Bcmy 4 pack",
    "WOW Price": 55,
    "WOW Size": "4 pack",
    "WOW ppu": ""
  },
  {
    "Brand_Product_Size": "Continental Recipe Base Creamy Tuna Mornay 30g",
    "WOW Price": 1.6,
    "WOW Size": "30g",
    "WOW ppu": "$5.33 / 100G"
  },
  {
    "Brand_Product_Size": "Uncle Tobys Rolled Oats Quick Sachets Berry Variety 10 pack",
    "WOW Price": 5,
    "WOW Size": "10 pack",
    "WOW ppu": "$1.43 / 100G"
  },
  {
    "Brand_Product_Size": "Jordans Simply Crunchy Oat Granola Honey 750g",
    "WOW Price": 7,
    "WOW Size": "750g",
    "WOW ppu": "$0.93 / 100G"
  },
  {
    "Brand_Product_Size": "Karicare 3 Toddler Milk Drink Formula Sachets From 12+ Months 35.6g x4 pack",
    "WOW Price": 3,
    "WOW Size": "35.6g x4 pack",
    "WOW ppu": "$2.11 / 100G"
  },
  {
    "Brand_Product_Size": "Tampax Super Tampons Medium Flow With Applicator 20 pack",
    "WOW Price": 5.9,
    "WOW Size": "20 pack",
    "WOW ppu": "$0.30 / 1EA"
  },
  {
    "Brand_Product_Size": "Allen's Butter-menthol Throat Lozenge Liquid Centre Honey 3x10 pack",
    "WOW Price": 4,
    "WOW Size": "3x10 pack",
    "WOW ppu": "$0.13 / 1EA"
  },
  {
    "Brand_Product_Size": "Bonds Comfy Tops Slimming Sheer Tights Nude Xl each",
    "WOW Price": 8,
    "WOW Size": "each",
    "WOW ppu": ""
  },
  {
    "Brand_Product_Size": "Peters Original Vanilla Ice Cream 2L",
    "WOW Price": 4.75,
    "WOW Size": "2L",
    "WOW ppu": "$0.24 / 100ML"
  },
  {
    "Brand_Product_Size": "Rafferty's Garden Pear & Prune 120g",
    "WOW Price": 1.65,
    "WOW Size": "120g",
    "WOW ppu": "$1.38 / 100G"
  },
  {
    "Brand_Product_Size": "Aussie Bodies Nourish Protein Vanilla Bean 450g",
    "WOW Price": 25,
    "WOW Size": "450g",
    "WOW ppu": "$5.56 / 100G"
  },
  {
    "Brand_Product_Size": "Dairyworks Jalapeno Cheese Slices 200g",
    "WOW Price": 4.5,
    "WOW Size": "200g",
    "WOW ppu": "$22.50 / 1KG"
  },
  {
    "Brand_Product_Size": "Purina Totalcare Comfort Dog Lead 120cm Assorted each",
    "WOW Price": 20,
    "WOW Size": "each",
    "WOW ppu": "$20.00 / 1EA"
  },
  {
    "Brand_Product_Size": "Fussy Cat Grain Free Kangaroo Snackers Cat Treats 100g",
    "WOW Price": 2.99,
    "WOW Size": "100g",
    "WOW ppu": "$2.99 / 100G"
  },
  {
    "Brand_Product_Size": "Continental Recipe Base Beef Stroganoff 40g",
    "WOW Price": 1.6,
    "WOW Size": "40g",
    "WOW ppu": "$4.00 / 100G"
  },
  {
    "Brand_Product_Size": "Arnott's Scotch Finger Chocolate Coated Biscuits 250g",
    "WOW Price": 4,
    "WOW Size": "250g",
    "WOW ppu": "$1.60 / 100G"
  },
  {
    "Brand_Product_Size": "Allen's Chew Mix Family Bag Lollies 370g",
    "WOW Price": 5,
    "WOW Size": "370g",
    "WOW ppu": "$1.35 / 100G"
  },
  {
    "Brand_Product_Size": "Double D Gummy Bears Sugar Free 90g bag",
    "WOW Price": 2,
    "WOW Size": "90g bag",
    "WOW ppu": "$2.22 / 100G"
  },
  {
    "Brand_Product_Size": "Health Basics Skin Q Skin Relief Body Wash 1L",
    "WOW Price": 15,
    "WOW Size": "1L",
    "WOW ppu": "$1.50 / 100ML"
  },
  {
    "Brand_Product_Size": "Mint Microwave Egg Cooker 2 pack",
    "WOW Price": 3.2,
    "WOW Size": "2 pack",
    "WOW ppu": ""
  },
  {
    "Brand_Product_Size": "Lipton Cold Infuse Hibiscus + Pomegranate 15 pack",
    "WOW Price": 4.85,
    "WOW Size": "15 pack",
    "WOW ppu": "$0.32 / 1EA"
  },
  {
    "Brand_Product_Size": "Purina Pixar Everyday Cat Collar Assorted each",
    "WOW Price": 13,
    "WOW Size": "each",
    "WOW ppu": "$13.00 / 1EA"
  },
  {
    "Brand_Product_Size": "Rufus & Coco Stretch Dog Lead each",
    "WOW Price": 22.64,
    "WOW Size": "each",
    "WOW ppu": "$22.64 / 1EA"
  },
  {
    "Brand_Product_Size": "Hart & Soul Coconut Pumpkin Soup Pouch 400g",
    "WOW Price": 4,
    "WOW Size": "400g",
    "WOW ppu": "$1.00 / 100G"
  },
  {
    "Brand_Product_Size": "Curash Wash Baby Care Soap Free 400mL",
    "WOW Price": 5.5,
    "WOW Size": "400mL",
    "WOW ppu": "$1.38 / 100ML"
  },
  {
    "Brand_Product_Size": "Ultimates Indulge Beef Casserole With Vegetables Wet Dog Food 400g",
    "WOW Price": 2.5,
    "WOW Size": "400g",
    "WOW ppu": "$0.63 / 100G"
  },
  {
    "Brand_Product_Size": "Edgell Sweet Sliced Beetroot Sliced Sweet 425g",
    "WOW Price": 1.5,
    "WOW Size": "425g",
    "WOW ppu": "$3.53 / 1KG"
  },
  {
    "Brand_Product_Size": "Farmers Market Adult Wet Dog Food Home Style Shreds With Chicken 250g",
    "WOW Price": 5,
    "WOW Size": "250g",
    "WOW ppu": "$2.00 / 100G"
  },
  {
    "Brand_Product_Size": "Masterfoods Devilled Sausages Recipe Base 175g",
    "WOW Price": 2.2,
    "WOW Size": "175g",
    "WOW ppu": "$1.26 / 100G"
  },
  {
    "Brand_Product_Size": "Essentials Glass Jar Round each",
    "WOW Price": 4,
    "WOW Size": "each",
    "WOW ppu": ""
  },
  {
    "Brand_Product_Size": "Freshwater Farm Australia Rosewater + Pink Clay Cleansing Castile Body Wash 500mL",
    "WOW Price": 10,
    "WOW Size": "500mL",
    "WOW ppu": "$2.00 / 100ML"
  },
  {
    "Brand_Product_Size": "Fussy Cat Grain Free Tartare With Kangaroo Chilled Cat Food 70g",
    "WOW Price": 2.2,
    "WOW Size": "70g",
    "WOW ppu": "$3.14 / 100G"
  },
  {
    "Brand_Product_Size": "Cascade Ginger Beer Cans 4x200mL",
    "WOW Price": 2.2,
    "WOW Size": "4x200mL",
    "WOW ppu": "$2.75 / 1L"
  },
  {
    "Brand_Product_Size": "Essentials Reusable 800ml Containers 3 pack",
    "WOW Price": 4.12,
    "WOW Size": "3 pack",
    "WOW ppu": ""
  },
  {
    "Brand_Product_Size": "Obela Hommus To Go Classic & Sakata Crackers 125g",
    "WOW Price": 2.5,
    "WOW Size": "125g",
    "WOW ppu": "$2.00 / 100G"
  },
  {
    "Brand_Product_Size": "Obela Hommus To Go Classic & Sakata Crackers 125g",
    "WOW Price": 2.5,
    "WOW Size": "125g",
    "WOW ppu": "$2.00 / 100G"
  },
  {
    "Brand_Product_Size": "Hot Pot Casserole Base Curry 100g",
    "WOW Price": 2.99,
    "WOW Size": "100g",
    "WOW ppu": "$2.99 / 100G"
  },
  {
    "Brand_Product_Size": "Cadbury Curlywurly Squirlies 110g",
    "WOW Price": 2.5,
    "WOW Size": "110g",
    "WOW ppu": "$2.27 / 100G"
  },
  {
    "Brand_Product_Size": "Seriously Low Carb Self Raising Flour 300g",
    "WOW Price": 7.5,
    "WOW Size": "300g",
    "WOW ppu": "$2.50 / 100G"
  },
  {
    "Brand_Product_Size": "My Dog Gourmet Beef Meaty Loaf Wet Dog Food 24 pack",
    "WOW Price": 24,
    "WOW Size": "24 pack",
    "WOW ppu": "$1.00 / 100G"
  },
  {
    "Brand_Product_Size": "Frantelle Still Water 600mL x12 pack",
    "WOW Price": 5.5,
    "WOW Size": "600mL x12 pack",
    "WOW ppu": "$0.76 / 1L"
  },
  {
    "Brand_Product_Size": "Frantelle Still Water 600mL x12 pack",
    "WOW Price": 5.5,
    "WOW Size": "600mL x12 pack",
    "WOW ppu": "$0.76 / 1L"
  },
  {
    "Brand_Product_Size": "Bushells Black Tea Extra Strong 100 pack",
    "WOW Price": 4.5,
    "WOW Size": "100 pack",
    "WOW ppu": "$0.05 / 1EA"
  },
  {
    "Brand_Product_Size": "Bushells Black Tea Extra Strong 100 pack",
    "WOW Price": 4.5,
    "WOW Size": "100 pack",
    "WOW ppu": "$0.05 / 1EA"
  },
  {
    "Brand_Product_Size": "Rokeby Farms Breakfast Smoothie Banana 425mL",
    "WOW Price": 2.65,
    "WOW Size": "425mL",
    "WOW ppu": "$6.24 / 1L"
  },
  {
    "Brand_Product_Size": "Gillette Venus Daisy Classic Disposable Razors 5 pack",
    "WOW Price": 4.5,
    "WOW Size": "5 pack",
    "WOW ppu": "$0.90 / 1EA"
  },
  {
    "Brand_Product_Size": "Munchme Roasted Almond Cashew 120g",
    "WOW Price": 5.5,
    "WOW Size": "120g",
    "WOW ppu": "$4.58 / 100G"
  },
  {
    "Brand_Product_Size": "Essentials Steel Wool Soap Pads 15 pack",
    "WOW Price": 1.95,
    "WOW Size": "15 pack",
    "WOW ppu": "$0.13 / 1EA"
  },
  {
    "Brand_Product_Size": "Mirabella Genio Wifi Dimmable 9w Led Gls Edison Screw each",
    "WOW Price": 25,
    "WOW Size": "each",
    "WOW ppu": ""
  },
  {
    "Brand_Product_Size": "Nature's Way Kids Omega-3 Fish Oil Smart Trio 60 capsuLes",
    "WOW Price": 20,
    "WOW Size": "60 capsuLes",
    "WOW ppu": "$33.33 / 100EA"
  },
  {
    "Brand_Product_Size": "Nivea Rich Moisture Soft Shower Gel & Body Wash 1L",
    "WOW Price": 13.7,
    "WOW Size": "1L",
    "WOW ppu": "$1.37 / 100ML"
  },
  {
    "Brand_Product_Size": "David Beckham Classic Deodorant Body Spray 150mL",
    "WOW Price": 8,
    "WOW Size": "150mL",
    "WOW ppu": "$5.33 / 100ML"
  },
  {
    "Brand_Product_Size": "Annabel Karmel Butter Chicken & Rice 200g",
    "WOW Price": 4,
    "WOW Size": "200g",
    "WOW ppu": "$2.00 / 100G"
  },
  {
    "Brand_Product_Size": "D'orsogna Flame Roasted Tennesee Style Double Oak Smoked Ham 125g",
    "WOW Price": 3.5,
    "WOW Size": "125g",
    "WOW ppu": "$28.00 / 1KG"
  },
  {
    "Brand_Product_Size": "Woolworths Pine Nuts 300g",
    "WOW Price": 12.5,
    "WOW Size": "300g",
    "WOW ppu": "$41.67 / 1KG"
  },
  {
    "Brand_Product_Size": "Woolworths Honeycomb Crunch Ice Cream 4 pack",
    "WOW Price": 3.8,
    "WOW Size": "4 pack",
    "WOW ppu": "$0.95 / 100ML"
  },
  {
    "Brand_Product_Size": "Woolworths Cheese & Truffle Pork Sausages 500g",
    "WOW Price": 8.5,
    "WOW Size": "500g",
    "WOW ppu": "$17.00 / 1KG"
  },
  {
    "Brand_Product_Size": "Finish Powerball Quantum Ultimate Dishwasher Tablets Lemon 36 pack",
    "WOW Price": 18,
    "WOW Size": "36 pack",
    "WOW ppu": "$0.50 / 1EA"
  },
  {
    "Brand_Product_Size": "Woolworths Original Pancake Shaker 350g",
    "WOW Price": 1.5,
    "WOW Size": "350g",
    "WOW ppu": "$0.43 / 100G"
  },
  {
    "Brand_Product_Size": "Myaura Antiperspirant Roll On Deodorant Mandarin Grapefruit 75mL",
    "WOW Price": 9,
    "WOW Size": "75mL",
    "WOW ppu": "$12.00 / 100ML"
  },
  {
    "Brand_Product_Size": "Hunt And Brew Ethiopia Black Coffee 250mL",
    "WOW Price": 2.5,
    "WOW Size": "250mL",
    "WOW ppu": "$10.00 / 1L"
  },
  {
    "Brand_Product_Size": "Bulla Thickened Cream 300mL",
    "WOW Price": 2.5,
    "WOW Size": "300mL",
    "WOW ppu": "$0.83 / 100ML"
  },
  {
    "Brand_Product_Size": "Nuttelex Polyunsaturated Margarine Spread 500g",
    "WOW Price": 3.5,
    "WOW Size": "500g",
    "WOW ppu": "$0.70 / 100G"
  },
  {
    "Brand_Product_Size": "Nuttelex Polyunsaturated Margarine Spread 500g",
    "WOW Price": 3.5,
    "WOW Size": "500g",
    "WOW ppu": "$0.70 / 100G"
  },
  {
    "Brand_Product_Size": "Bonds Mens Cushioned Crew Socks Size 6-10 3 pack",
    "WOW Price": 15,
    "WOW Size": "3 pack",
    "WOW ppu": ""
  },
  {
    "Brand_Product_Size": "Greenseas Tuna In Brine 425g",
    "WOW Price": 5,
    "WOW Size": "425g",
    "WOW ppu": "$11.76 / 1KG"
  },
  {
    "Brand_Product_Size": "Latina Fresh Beef Bolognese Pasta Sauce 425g",
    "WOW Price": 4,
    "WOW Size": "425g",
    "WOW ppu": "$0.94 / 100G"
  },
  {
    "Brand_Product_Size": "Thawed Garlic Marinated Prawn Skewer each",
    "WOW Price": 1,
    "WOW Size": "each",
    "WOW ppu": "$1.00 / 1EA"
  },
  {
    "Brand_Product_Size": "Indomie Chitato Mi Goreng Chips 55g",
    "WOW Price": 1.85,
    "WOW Size": "55g",
    "WOW ppu": "$3.36 / 100G"
  },
  {
    "Brand_Product_Size": "Perkii Strawberry Watermelon Probiotic Drink 350mL",
    "WOW Price": 4.2,
    "WOW Size": "350mL",
    "WOW ppu": "$12.00 / 1L"
  },
  {
    "Brand_Product_Size": "Mission Tortilla Strips White Corn 230g",
    "WOW Price": 3.1,
    "WOW Size": "230g",
    "WOW ppu": "$1.35 / 100G"
  },
  {
    "Brand_Product_Size": "Miss So Secret Crush Perfume Mist Peony & Musk 140mL",
    "WOW Price": 12,
    "WOW Size": "140mL",
    "WOW ppu": "$8.57 / 100ML"
  },
  {
    "Brand_Product_Size": "Vaseline Intensive Care Body Lotion Aloe Soothe 225mL",
    "WOW Price": 4.5,
    "WOW Size": "225mL",
    "WOW ppu": "$2.00 / 100ML"
  },
  {
    "Brand_Product_Size": "Nudie Nothing But Orange Juice 3L",
    "WOW Price": 10,
    "WOW Size": "3L",
    "WOW ppu": "$3.33 / 1L"
  },
  {
    "Brand_Product_Size": "Old El Paso Stand N Stuff Taco Kit 295g",
    "WOW Price": 7,
    "WOW Size": "295g",
    "WOW ppu": "$2.37 / 100G"
  },
  {
    "Brand_Product_Size": "Heinz Baked Beans Ham Sauce 220g",
    "WOW Price": 1.65,
    "WOW Size": "220g",
    "WOW ppu": "$0.75 / 100G"
  },
  {
    "Brand_Product_Size": "Soften Ocean Fresh Fabric Conditioner 1L",
    "WOW Price": 3.8,
    "WOW Size": "1L",
    "WOW ppu": "$3.80 / 1L"
  },
  {
    "Brand_Product_Size": "Bonds Womens Underwear Cottontails Size 22 2 pack",
    "WOW Price": 16,
    "WOW Size": "2 pack",
    "WOW ppu": ""
  },
  {
    "Brand_Product_Size": "Pantene Pro-v Colour Therapy Shampoo 900mL",
    "WOW Price": 8.5,
    "WOW Size": "900mL",
    "WOW ppu": "$0.94 / 100ML"
  },
  {
    "Brand_Product_Size": "Cedel Hair Spray Extra Firm 250g",
    "WOW Price": 5,
    "WOW Size": "250g",
    "WOW ppu": "$2.00 / 100G"
  },
  {
    "Brand_Product_Size": "Defiance White Baker's Flour 5kg",
    "WOW Price": 10,
    "WOW Size": "5kg",
    "WOW ppu": "$2.00 / 1KG"
  },
  {
    "Brand_Product_Size": "Elastoplast Disney Frozen Plasters 20 pack",
    "WOW Price": 3.5,
    "WOW Size": "20 pack",
    "WOW ppu": "$0.18 / 1EA"
  },
  {
    "Brand_Product_Size": "Bic Flex 5 Hybrid Shaver 6 pack",
    "WOW Price": 16,
    "WOW Size": "6 pack",
    "WOW ppu": "$2.67 / 1EA"
  },
  {
    "Brand_Product_Size": "Woolworths Thickened Cream 300mL",
    "WOW Price": 1.9,
    "WOW Size": "300mL",
    "WOW ppu": "$0.63 / 100ML"
  },
  {
    "Brand_Product_Size": "Queen Organic Vanilla Essence 100mL",
    "WOW Price": 7,
    "WOW Size": "100mL",
    "WOW ppu": "$0.70 / 10ML"
  },
  {
    "Brand_Product_Size": "Vileda Mop Super Soft Yellow each",
    "WOW Price": 11.5,
    "WOW Size": "each",
    "WOW ppu": ""
  },
  {
    "Brand_Product_Size": "Table Of Plenty Milk Chocolate Snack Pack 84g",
    "WOW Price": 5.5,
    "WOW Size": "84g",
    "WOW ppu": "$6.55 / 100G"
  },
  {
    "Brand_Product_Size": "Table Of Plenty Milk Chocolate Snack Pack 84g",
    "WOW Price": 5.5,
    "WOW Size": "84g",
    "WOW ppu": "$6.55 / 100G"
  },
  {
    "Brand_Product_Size": "Dollar Sweets Glucose Syrup 500g",
    "WOW Price": 4.5,
    "WOW Size": "500g",
    "WOW ppu": "$0.90 / 100G"
  },
  {
    "Brand_Product_Size": "Tradie Mens Work Socks Black 7/10 3 pack",
    "WOW Price": 10,
    "WOW Size": "3 pack",
    "WOW ppu": "$10.00 / 1EA"
  },
  {
    "Brand_Product_Size": "Underworks Ladies No Show Cushion Socks White Assorted 5 pack",
    "WOW Price": 10,
    "WOW Size": "5 pack",
    "WOW ppu": ""
  },
  {
    "Brand_Product_Size": "Telstra Essential Alcatel 1tl each",
    "WOW Price": 49,
    "WOW Size": "each",
    "WOW ppu": ""
  },
  {
    "Brand_Product_Size": "Swisse Ultiboost Vitamin D Caps 250 pack",
    "WOW Price": 26,
    "WOW Size": "250 pack",
    "WOW ppu": "$10.40 / 100EA"
  },
  {
    "Brand_Product_Size": "Heinz Plant Proteinz 7 Veg Soup 330g",
    "WOW Price": 3.6,
    "WOW Size": "330g",
    "WOW ppu": "$1.09 / 100G"
  },
  {
    "Brand_Product_Size": "Woolworths Tasty Cheese Block 1kg",
    "WOW Price": 8.8,
    "WOW Size": "1kg",
    "WOW ppu": "$8.80 / 1KG"
  },
  {
    "Brand_Product_Size": "Woolworths Tasty Cheese Block 1kg",
    "WOW Price": 8.8,
    "WOW Size": "1kg",
    "WOW ppu": "$8.80 / 1KG"
  },
  {
    "Brand_Product_Size": "Woolworths Flat Mini Manual Umbrella each",
    "WOW Price": 12.95,
    "WOW Size": "each",
    "WOW ppu": ""
  },
  {
    "Brand_Product_Size": "Passage To India Simmer Sauce Tikka Masala 375g",
    "WOW Price": 4.7,
    "WOW Size": "375g",
    "WOW ppu": "$1.25 / 100G"
  },
  {
    "Brand_Product_Size": "Woolworths Sweet Chilli Cream Cheese 200g",
    "WOW Price": 3.1,
    "WOW Size": "200g",
    "WOW ppu": "$15.50 / 1KG"
  },
  {
    "Brand_Product_Size": "Woolworths Sweet Chilli Cream Cheese 200g",
    "WOW Price": 3.1,
    "WOW Size": "200g",
    "WOW ppu": "$15.50 / 1KG"
  },
  {
    "Brand_Product_Size": "Olina's Gluten Free Sunflower Seed & Fig Cracker 100g",
    "WOW Price": 5,
    "WOW Size": "100g",
    "WOW ppu": "$5.00 / 100G"
  },
  {
    "Brand_Product_Size": "Babylove Nappy Pants Jumbo Junior 15-25kg 42 pack",
    "WOW Price": 27,
    "WOW Size": "42 pack",
    "WOW ppu": "$0.64 / 1EA"
  },
  {
    "Brand_Product_Size": "Nivea Cellular Anti-wrinkle Night Cream Face Moisturiser 50mL",
    "WOW Price": 28,
    "WOW Size": "50mL",
    "WOW ppu": "$56.00 / 100ML"
  },
  {
    "Brand_Product_Size": "Epzen Sleep Magnesium Bath Crystals 900g",
    "WOW Price": 13,
    "WOW Size": "900g",
    "WOW ppu": "$1.44 / 100G"
  },
  {
    "Brand_Product_Size": "Armor All Cream Cut & Polish 250g",
    "WOW Price": 13,
    "WOW Size": "250g",
    "WOW ppu": "$5.20 / 100G"
  },
  {
    "Brand_Product_Size": "Mayfair Knob Devon 1kg",
    "WOW Price": 3.15,
    "WOW Size": "1kg",
    "WOW ppu": "$3.15 / 1KG"
  },
  {
    "Brand_Product_Size": "Blackmores Mens Performance Multi 50 pack",
    "WOW Price": 15,
    "WOW Size": "50 pack",
    "WOW ppu": "$30.00 / 100EA"
  },
  {
    "Brand_Product_Size": "Iddy Biddy Fruit Snacks Assorted Flavours 160g 8 pack",
    "WOW Price": 3,
    "WOW Size": "160g 8 pack",
    "WOW ppu": "$1.88 / 100G"
  },
  {
    "Brand_Product_Size": "Nature's Gift Adult Dog Food Gourmet Loaf Style Kangaroo Fillet Recipe 100g",
    "WOW Price": 1,
    "WOW Size": "100g",
    "WOW ppu": "$1.00 / 100G"
  },
  {
    "Brand_Product_Size": "Doritos Salsa Dip Mild 300g",
    "WOW Price": 2.5,
    "WOW Size": "300g",
    "WOW ppu": "$0.83 / 100G"
  },
  {
    "Brand_Product_Size": "Carman's Muesli Bars Fruits & Nuts 12 pack",
    "WOW Price": 9,
    "WOW Size": "12 pack",
    "WOW ppu": "$1.67 / 100G"
  },
  {
    "Brand_Product_Size": "Maybelline Dream Radiant Liquid Foundation Classic Ivory 30mL",
    "WOW Price": 12.5,
    "WOW Size": "30mL",
    "WOW ppu": "$4.17 / 10ML"
  },
  {
    "Brand_Product_Size": "Woolworths Raisins 375g",
    "WOW Price": 3.75,
    "WOW Size": "375g",
    "WOW ppu": "$10.00 / 1KG"
  },
  {
    "Brand_Product_Size": "Woolworths English Breakfast Tea 50 pack",
    "WOW Price": 2.2,
    "WOW Size": "50 pack",
    "WOW ppu": "$0.04 / 1EA"
  },
  {
    "Brand_Product_Size": "Woolworths English Breakfast Tea 50 pack",
    "WOW Price": 2.2,
    "WOW Size": "50 pack",
    "WOW ppu": "$0.04 / 1EA"
  },
  {
    "Brand_Product_Size": "Dole Pineapple Slices In Juice 822g",
    "WOW Price": 4.2,
    "WOW Size": "822g",
    "WOW ppu": "$5.11 / 1KG"
  },
  {
    "Brand_Product_Size": "Quitnits Head Lice Treatment Comb 2 pack",
    "WOW Price": 14,
    "WOW Size": "2 pack",
    "WOW ppu": "$7.00 / 1EA"
  },
  {
    "Brand_Product_Size": "Oscar Orsen Wire Headband each",
    "WOW Price": 3,
    "WOW Size": "each",
    "WOW ppu": ""
  },
  {
    "Brand_Product_Size": "Beerenberg Blood Orange Marmalade 300g",
    "WOW Price": 5,
    "WOW Size": "300g",
    "WOW ppu": "$1.67 / 100G"
  },
  {
    "Brand_Product_Size": "Trill Canary & Finch Mix 1.8kg",
    "WOW Price": 6,
    "WOW Size": "1.8kg",
    "WOW ppu": "$0.33 / 100G"
  },
  {
    "Brand_Product_Size": "Fantastic Delites Snacks Sweet Chilli & Sour Cream 100g",
    "WOW Price": 1.5,
    "WOW Size": "100g",
    "WOW ppu": "$1.50 / 100G"
  },
  {
    "Brand_Product_Size": "Bega Peanut Butter Crunchy 200g",
    "WOW Price": 3.2,
    "WOW Size": "200g",
    "WOW ppu": "$1.60 / 100G"
  },
  {
    "Brand_Product_Size": "Roblox Mystery Figure Assortment each",
    "WOW Price": 6,
    "WOW Size": "each",
    "WOW ppu": ""
  },
  {
    "Brand_Product_Size": "Redheads Classic Wrapped Firelighters 20 pack",
    "WOW Price": 4,
    "WOW Size": "20 pack",
    "WOW ppu": "$0.20 / 1EA"
  },
  {
    "Brand_Product_Size": "Gm Housebrand Paint Brush Kit each",
    "WOW Price": 5,
    "WOW Size": "each",
    "WOW ppu": ""
  },
  {
    "Brand_Product_Size": "Herbert Adams Slow Cooked Beef, Caramelised Onion & Cabernet Sauvignon 2 pack",
    "WOW Price": 7.8,
    "WOW Size": "2 pack",
    "WOW ppu": "$1.95 / 100G"
  },
  {
    "Brand_Product_Size": "Nature's Own Double Strength Cold Sore Relief Tablets 50 pack",
    "WOW Price": 12,
    "WOW Size": "50 pack",
    "WOW ppu": "$24.00 / 100EA"
  },
  {
    "Brand_Product_Size": "Toni & Guy Strength Plex Oil 80mL",
    "WOW Price": 16,
    "WOW Size": "80mL",
    "WOW ppu": "$20.00 / 100ML"
  },
  {
    "Brand_Product_Size": "Trill Toppers Bird Treat 112g",
    "WOW Price": 4,
    "WOW Size": "112g",
    "WOW ppu": "$3.57 / 100G"
  },
  {
    "Brand_Product_Size": "So Delicious Vanilla & Roasted Hazelnuts 500g",
    "WOW Price": 7,
    "WOW Size": "500g",
    "WOW ppu": "$1.40 / 100G"
  },
  {
    "Brand_Product_Size": "Mountain Dew No Sugar Bottle 1.25L",
    "WOW Price": 2.35,
    "WOW Size": "1.25L",
    "WOW ppu": "$1.88 / 1L"
  },
  {
    "Brand_Product_Size": "Herbal Essences Shampoo Colour Me Happy 300mL",
    "WOW Price": 3.25,
    "WOW Size": "300mL",
    "WOW ppu": "$1.08 / 100ML"
  },
  {
    "Brand_Product_Size": "Poise Thin & Discreet Super Pads 14 pack",
    "WOW Price": 6,
    "WOW Size": "14 pack",
    "WOW ppu": "$0.43 / 1EA"
  },
  {
    "Brand_Product_Size": "Maybelline Colossal Volumizing Mascara- Classic Black 9.2mL",
    "WOW Price": 10,
    "WOW Size": "9.2mL",
    "WOW ppu": "$10.87 / 10ML"
  },
  {
    "Brand_Product_Size": "Nature's Gift Casserole Lamb Vegetables & Barley 1.2kg",
    "WOW Price": 3.5,
    "WOW Size": "1.2kg",
    "WOW ppu": "$0.29 / 100G"
  },
  {
    "Brand_Product_Size": "Tom Organic Bulk Tampons Regular 32 pack",
    "WOW Price": 8.95,
    "WOW Size": "32 pack",
    "WOW ppu": "$0.28 / 1EA"
  },
  {
    "Brand_Product_Size": "Palmolive Luminous Oils Body Wash Coconut Oil Shower Gel 400mL",
    "WOW Price": 6,
    "WOW Size": "400mL",
    "WOW ppu": "$1.50 / 100ML"
  },
  {
    "Brand_Product_Size": "Vittoria Espresso Coffee Beans 1kg",
    "WOW Price": 28,
    "WOW Size": "1kg",
    "WOW ppu": "$2.80 / 100G"
  },
  {
    "Brand_Product_Size": "Vittoria Espresso Coffee Beans 1kg",
    "WOW Price": 28,
    "WOW Size": "1kg",
    "WOW ppu": "$2.80 / 100G"
  },
  {
    "Brand_Product_Size": "Ozkleen Floor Carpet Cleaner Lavender 500mL",
    "WOW Price": 7.15,
    "WOW Size": "500mL",
    "WOW ppu": "$1.43 / 100ML"
  },
  {
    "Brand_Product_Size": "Vegie Delights Nutmeat 415g",
    "WOW Price": 3.3,
    "WOW Size": "415g",
    "WOW ppu": "$0.80 / 100G"
  },
  {
    "Brand_Product_Size": "Safcol Sardines In Oil 110g",
    "WOW Price": 1.4,
    "WOW Size": "110g",
    "WOW ppu": "$12.73 / 1KG"
  },
  {
    "Brand_Product_Size": "Paperclick Zipper Binder each",
    "WOW Price": 5,
    "WOW Size": "each",
    "WOW ppu": ""
  },
  {
    "Brand_Product_Size": "John West Tempters Tuna Oven Dried Tomato Basil 95g",
    "WOW Price": 1.15,
    "WOW Size": "95g",
    "WOW ppu": "$12.11 / 1KG"
  },
  {
    "Brand_Product_Size": "Golden Circle 50% Less Sugar Orange Juice 2L",
    "WOW Price": 3.3,
    "WOW Size": "2L",
    "WOW ppu": "$1.65 / 1L"
  },
  {
    "Brand_Product_Size": "Ansell Gloves Powder Free 100 pack",
    "WOW Price": 18,
    "WOW Size": "100 pack",
    "WOW ppu": "$0.18 / 1EA"
  },
  {
    "Brand_Product_Size": "Mccain Tuna Mornay 400g",
    "WOW Price": 3.5,
    "WOW Size": "400g",
    "WOW ppu": "$0.88 / 100G"
  },
  {
    "Brand_Product_Size": "Siggi's 4% Fat Yoghurt Raspberry 125g",
    "WOW Price": 2,
    "WOW Size": "125g",
    "WOW ppu": "$1.60 / 100G"
  },
  {
    "Brand_Product_Size": "Extra White Bubblemint Chewing Gum Sugar Free 4x10 Piece 56g",
    "WOW Price": 3.5,
    "WOW Size": "56g",
    "WOW ppu": "$6.25 / 100G"
  },
  {
    "Brand_Product_Size": "Huggies Ultimate Nappies Size 5 52 pack",
    "WOW Price": 32,
    "WOW Size": "52 pack",
    "WOW ppu": "$0.62 / 1EA"
  },
  {
    "Brand_Product_Size": "Balnea Citrus Orange Hand Sanitiser 1L",
    "WOW Price": 12,
    "WOW Size": "1L",
    "WOW ppu": "$1.20 / 100ML"
  },
  {
    "Brand_Product_Size": "Ocean Chef Squid Rings Panko 360g",
    "WOW Price": 6,
    "WOW Size": "360g",
    "WOW ppu": "$16.67 / 1KG"
  },
  {
    "Brand_Product_Size": "Ocean Chef Squid Rings Panko 360g",
    "WOW Price": 6,
    "WOW Size": "360g",
    "WOW ppu": "$16.67 / 1KG"
  },
  {
    "Brand_Product_Size": "Ajax Professional Antibacterial Disinfectant Bathroom Clean 500mL",
    "WOW Price": 2.9,
    "WOW Size": "500mL",
    "WOW ppu": "$0.58 / 100ML"
  },
  {
    "Brand_Product_Size": "Optimum Lamb & Rice Wet Dog Food 6 pack",
    "WOW Price": 6,
    "WOW Size": "6 pack",
    "WOW ppu": "$1.00 / 100G"
  },
  {
    "Brand_Product_Size": "Mitchum Men's Roll On Sport Antiperspirant & Deodorant 50mL",
    "WOW Price": 3.8,
    "WOW Size": "50mL",
    "WOW ppu": "$7.60 / 100ML"
  },
  {
    "Brand_Product_Size": "Yoplait Passionfruit Yoghurt 1kg",
    "WOW Price": 4,
    "WOW Size": "1kg",
    "WOW ppu": "$0.40 / 100G"
  },
  {
    "Brand_Product_Size": "Macro Hemp Seeds 200g",
    "WOW Price": 8,
    "WOW Size": "200g",
    "WOW ppu": "$4.00 / 100G"
  },
  {
    "Brand_Product_Size": "Prunelax Extra Strength Tablets 80 pack",
    "WOW Price": 9,
    "WOW Size": "80 pack",
    "WOW ppu": "$0.11 / 1EA"
  },
  {
    "Brand_Product_Size": "Gravox Our Best Beef Gravy 200g",
    "WOW Price": 6,
    "WOW Size": "200g",
    "WOW ppu": "$3.00 / 100G"
  },
  {
    "Brand_Product_Size": "All Smiles Total Care Toothbrush Soft 6 pack",
    "WOW Price": 7.5,
    "WOW Size": "6 pack",
    "WOW ppu": "$1.25 / 1EA"
  },
  {
    "Brand_Product_Size": "Schwarzkopf Extra Care Hair Spray Strong Hold 100g",
    "WOW Price": 5.25,
    "WOW Size": "100g",
    "WOW ppu": "$5.25 / 100G"
  },
  {
    "Brand_Product_Size": "Woolworths Vanilla Custard Powder 300g",
    "WOW Price": 2,
    "WOW Size": "300g",
    "WOW ppu": "$0.67 / 100G"
  },
  {
    "Brand_Product_Size": "Somerdale Truffelino Cheddar 150g",
    "WOW Price": 8,
    "WOW Size": "150g",
    "WOW ppu": "$53.33 / 1KG"
  },
  {
    "Brand_Product_Size": "Somerdale Truffelino Cheddar 150g",
    "WOW Price": 8,
    "WOW Size": "150g",
    "WOW ppu": "$53.33 / 1KG"
  },
  {
    "Brand_Product_Size": "Remedy Kombucha Ginger Lemon 330mL",
    "WOW Price": 4,
    "WOW Size": "330mL",
    "WOW ppu": "$12.12 / 1L"
  },
  {
    "Brand_Product_Size": "First Force High Performance Crawling Insect Killer 350g",
    "WOW Price": 2.9,
    "WOW Size": "350g",
    "WOW ppu": "$0.83 / 100G"
  },
  {
    "Brand_Product_Size": "Rimmel Bb Cream 001 Light 30mL",
    "WOW Price": 7,
    "WOW Size": "30mL",
    "WOW ppu": "$2.33 / 10ML"
  },
  {
    "Brand_Product_Size": "Platinum Base Blending Brush each",
    "WOW Price": 12,
    "WOW Size": "each",
    "WOW ppu": "$12.00 / 1EA"
  },
  {
    "Brand_Product_Size": "Three Threes Sweet Whole Baby Beets 415g",
    "WOW Price": 3,
    "WOW Size": "415g",
    "WOW ppu": "$7.23 / 1KG"
  },
  {
    "Brand_Product_Size": "Vo5 Style Wax Mega Hold Gel Tube 175mL",
    "WOW Price": 4,
    "WOW Size": "175mL",
    "WOW ppu": "$2.29 / 100ML"
  },
  {
    "Brand_Product_Size": "Pantene Pro-v Blends Rosewater Moisture Restoring Shampoo 530mL",
    "WOW Price": 10.8,
    "WOW Size": "530mL",
    "WOW ppu": "$2.04 / 100ML"
  },
  {
    "Brand_Product_Size": "Clairol Nice N Easy 106a Natural Dark Blonde each",
    "WOW Price": 9,
    "WOW Size": "each",
    "WOW ppu": ""
  },
  {
    "Brand_Product_Size": "Go Natural Bars Macadamia Dream 50g",
    "WOW Price": 2.5,
    "WOW Size": "50g",
    "WOW ppu": "$5.00 / 100G"
  },
  {
    "Brand_Product_Size": "Klorane Oat Milk Dry Shampoo 150mL",
    "WOW Price": 16,
    "WOW Size": "150mL",
    "WOW ppu": "$10.67 / 100ML"
  },
  {
    "Brand_Product_Size": "Green's Temptations Cinnamon Donut Pancake Shake 325g",
    "WOW Price": 4,
    "WOW Size": "325g",
    "WOW ppu": "$1.23 / 100G"
  },
  {
    "Brand_Product_Size": "Finish 2 In 1 Clip On Dishwasher Freshener Lemon & Lime 15g",
    "WOW Price": 6,
    "WOW Size": "15g",
    "WOW ppu": "$6.00 / 1EA"
  },
  {
    "Brand_Product_Size": "Mersey Valley Jalapeno Cheese 80g",
    "WOW Price": 3.5,
    "WOW Size": "80g",
    "WOW ppu": "$43.75 / 1KG"
  },
  {
    "Brand_Product_Size": "Mersey Valley Jalapeno Cheese 80g",
    "WOW Price": 3.5,
    "WOW Size": "80g",
    "WOW ppu": "$43.75 / 1KG"
  },
  {
    "Brand_Product_Size": "Golden Circle Tropical Punch Fruit Drink 24x250mL",
    "WOW Price": 12.9,
    "WOW Size": "24x250mL",
    "WOW ppu": "$2.15 / 1L"
  },
  {
    "Brand_Product_Size": "Golden Circle Tropical Punch Fruit Drink 24x250mL",
    "WOW Price": 12.9,
    "WOW Size": "24x250mL",
    "WOW ppu": "$2.15 / 1L"
  },
  {
    "Brand_Product_Size": "The Healthy Baker Self Raising Flour Easy Store 1kg",
    "WOW Price": 3,
    "WOW Size": "1kg",
    "WOW ppu": "$3.00 / 1KG"
  },
  {
    "Brand_Product_Size": "Mint Bamboo Skewer 16cm 100 pack",
    "WOW Price": 2.4,
    "WOW Size": "100 pack",
    "WOW ppu": ""
  },
  {
    "Brand_Product_Size": "Cocobella Coconut Water & Mango 250mL",
    "WOW Price": 2.15,
    "WOW Size": "250mL",
    "WOW ppu": "$8.60 / 1L"
  },
  {
    "Brand_Product_Size": "Cocobella Coconut Water & Mango 250mL",
    "WOW Price": 2.15,
    "WOW Size": "250mL",
    "WOW ppu": "$8.60 / 1L"
  },
  {
    "Brand_Product_Size": "Rexona Clinical Protection Summer Strength 45mL",
    "WOW Price": 13,
    "WOW Size": "45mL",
    "WOW ppu": "$28.89 / 100ML"
  },
  {
    "Brand_Product_Size": "Radiant Advanced+ Ultra Power Laundry Liquid 1.8L",
    "WOW Price": 9.75,
    "WOW Size": "1.8L",
    "WOW ppu": "$5.42 / 1L"
  },
  {
    "Brand_Product_Size": "Green's Temptations Chocolate Cupcake Mix 450g",
    "WOW Price": 4,
    "WOW Size": "450g",
    "WOW ppu": "$0.89 / 100G"
  },
  {
    "Brand_Product_Size": "Masterfoods Carbonara Recipe Base 170g",
    "WOW Price": 2.2,
    "WOW Size": "170g",
    "WOW ppu": "$1.29 / 100G"
  },
  {
    "Brand_Product_Size": "Oral-b Crossaction Dual Clean Power Electric Toothbrush medium",
    "WOW Price": 17,
    "WOW Size": "medium",
    "WOW ppu": "$17.00 / 1EA"
  },
  {
    "Brand_Product_Size": "John West Passionfruit Pulp In Syrup 170g",
    "WOW Price": 1.8,
    "WOW Size": "170g",
    "WOW ppu": "$10.59 / 1KG"
  },
  {
    "Brand_Product_Size": "Sugarine Sweetener Tablets 600 pack",
    "WOW Price": 5.7,
    "WOW Size": "600 pack",
    "WOW ppu": "$0.01 / 1EA"
  },
  {
    "Brand_Product_Size": "Olay Moisturising Lotion Complete Defence Sensitive Spf30 75mL",
    "WOW Price": 10.5,
    "WOW Size": "75mL",
    "WOW ppu": "$14.00 / 100ML"
  },
  {
    "Brand_Product_Size": "Mentholatum Ice Gel Therapy 100g",
    "WOW Price": 5,
    "WOW Size": "100g",
    "WOW ppu": "$5.00 / 100G"
  },
  {
    "Brand_Product_Size": "Golden Circle Juice Golden Pash Drink Multipack 6x250mL",
    "WOW Price": 4.5,
    "WOW Size": "6x250mL",
    "WOW ppu": "$3.00 / 1L"
  },
  {
    "Brand_Product_Size": "Woolworths Sultanas 1kg",
    "WOW Price": 5,
    "WOW Size": "1kg",
    "WOW ppu": "$5.00 / 1KG"
  },
  {
    "Brand_Product_Size": "Sunsilk Biotin Shampoo Longer & Stronger 700mL",
    "WOW Price": 10,
    "WOW Size": "700mL",
    "WOW ppu": "$1.43 / 100ML"
  },
  {
    "Brand_Product_Size": "Five:am Organic Honey & Cinnamon Yoghurt 700g",
    "WOW Price": 6,
    "WOW Size": "700g",
    "WOW ppu": "$0.86 / 100G"
  },
  {
    "Brand_Product_Size": "Byron Bay Cookies Gluten Free White Choc Macadamia Cookie Bites 100g",
    "WOW Price": 3,
    "WOW Size": "100g",
    "WOW ppu": "$3.00 / 100G"
  },
  {
    "Brand_Product_Size": "Gravox Finishing Sauce Cheese 165g",
    "WOW Price": 1.75,
    "WOW Size": "165g",
    "WOW ppu": "$1.06 / 100G"
  },
  {
    "Brand_Product_Size": "Ozesauce Tomato Sauce 500mL",
    "WOW Price": 3,
    "WOW Size": "500mL",
    "WOW ppu": "$0.60 / 100ML"
  },
  {
    "Brand_Product_Size": "Lo Bros Kombucha Soda Cola 4 x250mL",
    "WOW Price": 8.75,
    "WOW Size": "4 x250mL",
    "WOW ppu": "$8.75 / 1L"
  },
  {
    "Brand_Product_Size": "Essentials Butter Cake Mix 340g",
    "WOW Price": 0.75,
    "WOW Size": "340g",
    "WOW ppu": "$0.22 / 100G"
  },
  {
    "Brand_Product_Size": "Mcobeauty Eyeshadow Trend Collection each",
    "WOW Price": 7.5,
    "WOW Size": "each",
    "WOW ppu": "$2.14 / 10G"
  },
  {
    "Brand_Product_Size": "Scholl Fresh Step Shoe Spray 100g",
    "WOW Price": 8.8,
    "WOW Size": "100g",
    "WOW ppu": "$8.80 / 100G"
  },
  {
    "Brand_Product_Size": "Macro Organic Quinoa Tri Colour 500g",
    "WOW Price": 7,
    "WOW Size": "500g",
    "WOW ppu": "$1.40 / 100G"
  },
  {
    "Brand_Product_Size": "Mint Cutting Mat Colour Coded 4 pack",
    "WOW Price": 6.4,
    "WOW Size": "4 pack",
    "WOW ppu": "$6.40 / 1EA"
  },
  {
    "Brand_Product_Size": "Bellamy's Pear & Peach Yoghurt 120g",
    "WOW Price": 2.3,
    "WOW Size": "120g",
    "WOW ppu": "$1.92 / 100G"
  },
  {
    "Brand_Product_Size": "Kiddylicious Cheesy Straws 12g",
    "WOW Price": 1.8,
    "WOW Size": "12g",
    "WOW ppu": "$15.00 / 100G"
  },
  {
    "Brand_Product_Size": "Mint Spice Jar Rack each",
    "WOW Price": 12,
    "WOW Size": "each",
    "WOW ppu": ""
  },
  {
    "Brand_Product_Size": "Lynx Australia Deodorant Bodyspray 165mL",
    "WOW Price": 3.5,
    "WOW Size": "165mL",
    "WOW ppu": "$2.12 / 100ML"
  },
  {
    "Brand_Product_Size": "Thomas Dux English Vintage Cheddar 200g",
    "WOW Price": 4.5,
    "WOW Size": "200g",
    "WOW ppu": "$22.50 / 1KG"
  },
  {
    "Brand_Product_Size": "Thomas Dux English Vintage Cheddar 200g",
    "WOW Price": 4.5,
    "WOW Size": "200g",
    "WOW ppu": "$22.50 / 1KG"
  },
  {
    "Brand_Product_Size": "Leggos Pasta Sauce Bolognese With Chunky Tomato Garlic & Herbs 500g",
    "WOW Price": 3,
    "WOW Size": "500g",
    "WOW ppu": "$0.60 / 100G"
  },
  {
    "Brand_Product_Size": "Olsent Led Gu5.3 Mr16 6w 500lm Ww 60' 4 pack",
    "WOW Price": 19,
    "WOW Size": "4 pack",
    "WOW ppu": "$4.75 / 1EA"
  },
  {
    "Brand_Product_Size": "Brut Body Wash Original 400mL",
    "WOW Price": 6.3,
    "WOW Size": "400mL",
    "WOW ppu": "$1.58 / 100ML"
  },
  {
    "Brand_Product_Size": "Canesten Tinaderm Antifungal Powder Spray 100g",
    "WOW Price": 10.5,
    "WOW Size": "100g",
    "WOW ppu": "$10.50 / 100G"
  },
  {
    "Brand_Product_Size": "Mitchum Clinical Gel 48h Powder Fresh Antiperspirant & Deodorant 57g",
    "WOW Price": 10,
    "WOW Size": "57g",
    "WOW ppu": "$17.54 / 100G"
  },
  {
    "Brand_Product_Size": "Glad Cling Wrap 300m",
    "WOW Price": 15.95,
    "WOW Size": "300m",
    "WOW ppu": "$0.05 / 1M"
  },
  {
    "Brand_Product_Size": "Maharajah's Choice Plain Pappadams 100g",
    "WOW Price": 1.5,
    "WOW Size": "100g",
    "WOW ppu": "$1.50 / 100G"
  },
  {
    "Brand_Product_Size": "Dilmah Ceylon Tea Bags 50 pack",
    "WOW Price": 3,
    "WOW Size": "50 pack",
    "WOW ppu": "$0.06 / 1EA"
  },
  {
    "Brand_Product_Size": "Dilmah Ceylon Tea Bags 50 pack",
    "WOW Price": 3,
    "WOW Size": "50 pack",
    "WOW ppu": "$0.06 / 1EA"
  },
  {
    "Brand_Product_Size": "Woolworths Wheat Toasts 225g",
    "WOW Price": 1.25,
    "WOW Size": "225g",
    "WOW ppu": "$0.56 / 100G"
  },
  {
    "Brand_Product_Size": "Simmone Logue Quiche Lorraine 800g",
    "WOW Price": 18,
    "WOW Size": "800g",
    "WOW ppu": "$2.25 / 100G"
  },
  {
    "Brand_Product_Size": "Simmone Logue Quiche Lorraine 800g",
    "WOW Price": 18,
    "WOW Size": "800g",
    "WOW ppu": "$2.25 / 100G"
  },
  {
    "Brand_Product_Size": "Energizer 2 In 1 Lantern Flashlight & Area Light 1 pack",
    "WOW Price": 16,
    "WOW Size": "1 pack",
    "WOW ppu": ""
  },
  {
    "Brand_Product_Size": "Colgate Optic White Enamel White Teeth Whitening Toothpaste 140g",
    "WOW Price": 10,
    "WOW Size": "140g",
    "WOW ppu": "$7.14 / 100G"
  },
  {
    "Brand_Product_Size": "Chux Non Scratch Scourer Scrubs 8 pack",
    "WOW Price": 5.5,
    "WOW Size": "8 pack",
    "WOW ppu": "$0.69 / 1EA"
  },
  {
    "Brand_Product_Size": "Ocean Spray Craisins Reduced Sugar 150g",
    "WOW Price": 3,
    "WOW Size": "150g",
    "WOW ppu": "$20.00 / 1KG"
  },
  {
    "Brand_Product_Size": "Bonds Mens Trainers Size 11+ 4 pack",
    "WOW Price": 10,
    "WOW Size": "4 pack",
    "WOW ppu": ""
  },
  {
    "Brand_Product_Size": "Kewpie Mayonnaise Wasabi Flavour 300g",
    "WOW Price": 3,
    "WOW Size": "300g",
    "WOW ppu": "$1.00 / 100G"
  },
  {
    "Brand_Product_Size": "Marvel Boys 2 In 1 Shampo & Conditioner 350mL",
    "WOW Price": 6,
    "WOW Size": "350mL",
    "WOW ppu": "$1.71 / 100ML"
  },
  {
    "Brand_Product_Size": "Mount Franklin Lightly Sparkling Water Bottle 450mL",
    "WOW Price": 2.9,
    "WOW Size": "450mL",
    "WOW ppu": "$6.44 / 1L"
  },
  {
    "Brand_Product_Size": "Ambi Pur Car Air Freshener Premium Clip Aqua 7.5mL",
    "WOW Price": 6.6,
    "WOW Size": "7.5mL",
    "WOW ppu": "$8.80 / 10ML"
  },
  {
    "Brand_Product_Size": "Revlon Super Lustrous Lipstick Wine Everything each",
    "WOW Price": 12.5,
    "WOW Size": "each",
    "WOW ppu": "$29.76 / 10G"
  },
  {
    "Brand_Product_Size": "Mint Glazed Small Bowl Grey each",
    "WOW Price": 3,
    "WOW Size": "each",
    "WOW ppu": ""
  },
  {
    "Brand_Product_Size": "Always Discreet Normal For Bladder Leaks 12 pack",
    "WOW Price": 4.8,
    "WOW Size": "12 pack",
    "WOW ppu": "$0.40 / 1EA"
  },
  {
    "Brand_Product_Size": "Pico Chocolate Salted Caramel 80g",
    "WOW Price": 6,
    "WOW Size": "80g",
    "WOW ppu": "$7.50 / 100G"
  },
  {
    "Brand_Product_Size": "Band-aid Waterproof Tough Strips Extra Large 10 pack",
    "WOW Price": 4,
    "WOW Size": "10 pack",
    "WOW ppu": "$0.40 / 1EA"
  },
  {
    "Brand_Product_Size": "Tresemme Shampoo Repair & Protect 675mL",
    "WOW Price": 6.5,
    "WOW Size": "675mL",
    "WOW ppu": "$0.96 / 100ML"
  },
  {
    "Brand_Product_Size": "Aroma Essentials Candle French Pear 300g",
    "WOW Price": 13,
    "WOW Size": "300g",
    "WOW ppu": "$13.00 / 1EA"
  },
  {
    "Brand_Product_Size": "Bic 4 Coloured Grip Pen Medium & Fine 2 pack",
    "WOW Price": 6.5,
    "WOW Size": "2 pack",
    "WOW ppu": ""
  },
  {
    "Brand_Product_Size": "Neutrogena Visibly Clear Spot Proofing Smoothing Scrub 150mL",
    "WOW Price": 15,
    "WOW Size": "150mL",
    "WOW ppu": "$10.00 / 100ML"
  },
  {
    "Brand_Product_Size": "Glad Baking Paper 25m",
    "WOW Price": 6,
    "WOW Size": "25m",
    "WOW ppu": "$0.24 / 1M"
  },
  {
    "Brand_Product_Size": "Crayola Crayon Travel Pack Paw Patrol each",
    "WOW Price": 6,
    "WOW Size": "each",
    "WOW ppu": ""
  },
  {
    "Brand_Product_Size": "Vittoria Espressotoria Espresso Coffee Capsules 12 pack",
    "WOW Price": 5.88,
    "WOW Size": "12 pack",
    "WOW ppu": "$0.49 / 1EA"
  },
  {
    "Brand_Product_Size": "Vittoria Espressotoria Espresso Coffee Capsules 12 pack",
    "WOW Price": 5.88,
    "WOW Size": "12 pack",
    "WOW ppu": "$0.49 / 1EA"
  },
  {
    "Brand_Product_Size": "Little One's Baby Wipes Hand & Face 30 pack",
    "WOW Price": 1.6,
    "WOW Size": "30 pack",
    "WOW ppu": "$5.33 / 100EA"
  },
  {
    "Brand_Product_Size": "Woolworths Rosemary Leaves 18g",
    "WOW Price": 1.25,
    "WOW Size": "18g",
    "WOW ppu": "$0.69 / 10G"
  },
  {
    "Brand_Product_Size": "Health Lab Kids Choc Chip Bliss Bites 150g",
    "WOW Price": 5.5,
    "WOW Size": "150g",
    "WOW ppu": "$3.67 / 100G"
  },
  {
    "Brand_Product_Size": "John Frieda Frizz Ease Dream Curls Defining Creme 150mL",
    "WOW Price": 17,
    "WOW Size": "150mL",
    "WOW ppu": "$11.33 / 100ML"
  },
  {
    "Brand_Product_Size": "Buderim Naked Ginger 200g",
    "WOW Price": 4.35,
    "WOW Size": "200g",
    "WOW ppu": "$21.75 / 1KG"
  },
  {
    "Brand_Product_Size": "Golden Palm Medjool Dates Punnet 450g",
    "WOW Price": 8,
    "WOW Size": "450g",
    "WOW ppu": "$17.78 / 1KG"
  },
  {
    "Brand_Product_Size": "Clean Laundry Collection Extendable Clothes Airer 8m each",
    "WOW Price": 25,
    "WOW Size": "each",
    "WOW ppu": ""
  },
  {
    "Brand_Product_Size": "Dishmatic Extra Heavy Duty Refill 3 pack",
    "WOW Price": 6,
    "WOW Size": "3 pack",
    "WOW ppu": "$2.00 / 1EA"
  },
  {
    "Brand_Product_Size": "Woolworths Yellowfin Tuna In Oil 425g",
    "WOW Price": 4,
    "WOW Size": "425g",
    "WOW ppu": "$9.41 / 1KG"
  },
  {
    "Brand_Product_Size": "Philips Led 470lm Warm Bc 2 pack",
    "WOW Price": 6.5,
    "WOW Size": "2 pack",
    "WOW ppu": "$3.25 / 1EA"
  },
  {
    "Brand_Product_Size": "Schwarzkopf Extra Care Conditioner Marrakesh Oil 400mL",
    "WOW Price": 4.8,
    "WOW Size": "400mL",
    "WOW ppu": "$1.20 / 100ML"
  },
  {
    "Brand_Product_Size": "Mcobeauty Scarf Scrunchies Assorted each",
    "WOW Price": 8,
    "WOW Size": "each",
    "WOW ppu": ""
  },
  {
    "Brand_Product_Size": "Carman's Nutty Delights Sticky Date & Caramel Bars 8 pack",
    "WOW Price": 6,
    "WOW Size": "8 pack",
    "WOW ppu": "$3.75 / 100G"
  },
  {
    "Brand_Product_Size": "Carman's Nutty Delights Sticky Date & Caramel Bars 8 pack",
    "WOW Price": 6,
    "WOW Size": "8 pack",
    "WOW ppu": "$3.75 / 100G"
  },
  {
    "Brand_Product_Size": "Arnott's Wagon Wheels Mini 190g",
    "WOW Price": 4,
    "WOW Size": "190g",
    "WOW ppu": "$2.11 / 100G"
  },
  {
    "Brand_Product_Size": "Yates Thrive Indoor Plants & Ferns Food Dripper 3 pack",
    "WOW Price": 11.5,
    "WOW Size": "3 pack",
    "WOW ppu": "$11.50 / 1EA"
  },
  {
    "Brand_Product_Size": "Nutriboost Boosted Milk Drink Vanilla 250mL",
    "WOW Price": 1.75,
    "WOW Size": "250mL",
    "WOW ppu": "$7.00 / 1L"
  },
  {
    "Brand_Product_Size": "Nutriboost Boosted Milk Drink Vanilla 250mL",
    "WOW Price": 1.75,
    "WOW Size": "250mL",
    "WOW ppu": "$7.00 / 1L"
  },
  {
    "Brand_Product_Size": "Koja Peanut Butter Chocolate Bar 30g",
    "WOW Price": 3.2,
    "WOW Size": "30g",
    "WOW ppu": "$10.67 / 100G"
  },
  {
    "Brand_Product_Size": "Libra Invisible Pads Goodnight 16 pack",
    "WOW Price": 7.25,
    "WOW Size": "16 pack",
    "WOW ppu": "$0.45 / 1EA"
  },
  {
    "Brand_Product_Size": "Ultimates Indulge Natural Chicken 1kg",
    "WOW Price": 8,
    "WOW Size": "1kg",
    "WOW ppu": "$0.80 / 100G"
  },
  {
    "Brand_Product_Size": "Essano Rosehip Gentle Facial Cleanser 140mL",
    "WOW Price": 14,
    "WOW Size": "140mL",
    "WOW ppu": "$10.00 / 100ML"
  },
  {
    "Brand_Product_Size": "Green Gardener Garden Fork 1 pack",
    "WOW Price": 6,
    "WOW Size": "1 pack",
    "WOW ppu": ""
  },
  {
    "Brand_Product_Size": "Woolworths Microwave Basmati Rice 250g",
    "WOW Price": 1.5,
    "WOW Size": "250g",
    "WOW ppu": "$0.60 / 100G"
  },
  {
    "Brand_Product_Size": "Yates Zero Ultra Tough Ready To Use 750mL",
    "WOW Price": 15,
    "WOW Size": "750mL",
    "WOW ppu": "$2.00 / 100ML"
  },
  {
    "Brand_Product_Size": "Dr. Oetker Ready Rolled Icing White 450g",
    "WOW Price": 8,
    "WOW Size": "450g",
    "WOW ppu": "$1.78 / 100G"
  },
  {
    "Brand_Product_Size": "Optimum Grain Free Chicken Adult Dry Cat Food 700g",
    "WOW Price": 7,
    "WOW Size": "700g",
    "WOW ppu": "$1.00 / 100G"
  },
  {
    "Brand_Product_Size": "Arnott's Sao Original 250g",
    "WOW Price": 3.2,
    "WOW Size": "250g",
    "WOW ppu": "$1.28 / 100G"
  },
  {
    "Brand_Product_Size": "Bonds Mens Fashion Guy Front Trunk Size X-large each",
    "WOW Price": 25,
    "WOW Size": "each",
    "WOW ppu": ""
  },
  {
    "Brand_Product_Size": "Masterfoods Moroccan Seasoning 45g",
    "WOW Price": 3.7,
    "WOW Size": "45g",
    "WOW ppu": "$0.79 / 10G"
  },
  {
    "Brand_Product_Size": "Strength Meals Co Spinach & Ricotta Tortellini 350g",
    "WOW Price": 9,
    "WOW Size": "350g",
    "WOW ppu": "$2.57 / 100G"
  },
  {
    "Brand_Product_Size": "Comfort Floral Blush Limited Edition Fabric Conditioner 750mL",
    "WOW Price": 7,
    "WOW Size": "750mL",
    "WOW ppu": "$9.33 / 1L"
  },
  {
    "Brand_Product_Size": "Australian Organic Food Co Fruit Puree Apple & Watermelon 120g",
    "WOW Price": 2,
    "WOW Size": "120g",
    "WOW ppu": "$16.67 / 1KG"
  },
  {
    "Brand_Product_Size": "Nescafe Coffee Mixer Sachets Mocha 10 pack",
    "WOW Price": 3.15,
    "WOW Size": "10 pack",
    "WOW ppu": "$0.32 / 1EA"
  },
  {
    "Brand_Product_Size": "Nescafe Coffee Mixer Sachets Mocha 10 pack",
    "WOW Price": 3.15,
    "WOW Size": "10 pack",
    "WOW ppu": "$0.32 / 1EA"
  },
  {
    "Brand_Product_Size": "Mckenzie's Lentil Soup Mix 375g",
    "WOW Price": 2.3,
    "WOW Size": "375g",
    "WOW ppu": "$0.61 / 100G"
  },
  {
    "Brand_Product_Size": "Woolworths Apple Pear & Cinnamon 120g",
    "WOW Price": 1,
    "WOW Size": "120g",
    "WOW ppu": "$0.83 / 100G"
  },
  {
    "Brand_Product_Size": "Clairol Nice N Easy 9b Natural Light Beige Blonde each",
    "WOW Price": 9,
    "WOW Size": "each",
    "WOW ppu": ""
  },
  {
    "Brand_Product_Size": "Woolworths Mini Ice Cream Sticks Classic Vanilla 6 pack",
    "WOW Price": 4,
    "WOW Size": "6 pack",
    "WOW ppu": "$1.11 / 100ML"
  },
  {
    "Brand_Product_Size": "Kellogg's Lcms Variety Snack Bars 15 pack",
    "WOW Price": 7,
    "WOW Size": "15 pack",
    "WOW ppu": "$2.12 / 100G"
  },
  {
    "Brand_Product_Size": "Kellogg's Lcms Variety Snack Bars 15 pack",
    "WOW Price": 7,
    "WOW Size": "15 pack",
    "WOW ppu": "$2.12 / 100G"
  },
  {
    "Brand_Product_Size": "Smitten Mince Selection Adult Wet Cat Food 12 pack",
    "WOW Price": 5.4,
    "WOW Size": "12 pack",
    "WOW ppu": "$0.53 / 100G"
  },
  {
    "Brand_Product_Size": "Exelpet Vet Flea Intestinal & Heartworm Medium Dog each",
    "WOW Price": 29,
    "WOW Size": "each",
    "WOW ppu": "$29.00 / 1EA"
  },
  {
    "Brand_Product_Size": "Nicorette Quit Smoking Extra Strength Icy Mint Gum 4mg 150 pack",
    "WOW Price": 48,
    "WOW Size": "150 pack",
    "WOW ppu": "$32.00 / 100EA"
  },
  {
    "Brand_Product_Size": "Betadine Antiseptic Ointment 25g",
    "WOW Price": 11.3,
    "WOW Size": "25g",
    "WOW ppu": "$45.20 / 100G"
  },
  {
    "Brand_Product_Size": "Oscar Orsen 4.5cm Black Bobby Pins 200 pack",
    "WOW Price": 8.5,
    "WOW Size": "200 pack",
    "WOW ppu": ""
  },
  {
    "Brand_Product_Size": "Surf Laundry Powder Tropical 2kg",
    "WOW Price": 6,
    "WOW Size": "2kg",
    "WOW ppu": "$3.00 / 1KG"
  },
  {
    "Brand_Product_Size": "Pereg Crisoy Bread Crumbs Panko Spicy 255g",
    "WOW Price": 7.95,
    "WOW Size": "255g",
    "WOW ppu": "$3.12 / 100G"
  },
  {
    "Brand_Product_Size": "Dr Beckmann Service It Washing Machine Cleaner 250mL",
    "WOW Price": 5,
    "WOW Size": "250mL",
    "WOW ppu": "$20.00 / 1L"
  },
  {
    "Brand_Product_Size": "Ocean Blue Smoked Salmon 180g",
    "WOW Price": 9.5,
    "WOW Size": "180g",
    "WOW ppu": "$52.78 / 1KG"
  },
  {
    "Brand_Product_Size": "Korbond Lint Roller Soft Grip Handle each",
    "WOW Price": 4.9,
    "WOW Size": "each",
    "WOW ppu": ""
  },
  {
    "Brand_Product_Size": "Cadbury Dairy Milk Marvellous Creations Jelly Popping Candy 190g",
    "WOW Price": 3.5,
    "WOW Size": "190g",
    "WOW ppu": "$1.84 / 100G"
  },
  {
    "Brand_Product_Size": "Pantene Pro-v Ultimate 10 Repair & Protect Shampoo 375mL",
    "WOW Price": 4,
    "WOW Size": "375mL",
    "WOW ppu": "$1.07 / 100ML"
  },
  {
    "Brand_Product_Size": "Jalna Greek Yoghurt 1kg",
    "WOW Price": 5.5,
    "WOW Size": "1kg",
    "WOW ppu": "$0.55 / 100G"
  },
  {
    "Brand_Product_Size": "F. Whitlock & Sons Tomato Chutney 275g",
    "WOW Price": 4.5,
    "WOW Size": "275g",
    "WOW ppu": "$1.64 / 100G"
  },
  {
    "Brand_Product_Size": "Stop Itch Plus Antiseptic First Aid Itch Cream 50g",
    "WOW Price": 7,
    "WOW Size": "50g",
    "WOW ppu": "$14.00 / 100G"
  },
  {
    "Brand_Product_Size": "Sirena Tuna With Beans 185g",
    "WOW Price": 4.3,
    "WOW Size": "185g",
    "WOW ppu": "$23.24 / 1KG"
  },
  {
    "Brand_Product_Size": "Copha Oil Solid Cooking Block 250g",
    "WOW Price": 2.8,
    "WOW Size": "250g",
    "WOW ppu": "$1.12 / 100G"
  },
  {
    "Brand_Product_Size": "Heinz Lamb Pumpkin & Sweet Potato Baby Food Jar 6+ Months 170g",
    "WOW Price": 1.5,
    "WOW Size": "170g",
    "WOW ppu": "$0.88 / 100G"
  },
  {
    "Brand_Product_Size": "Masterfoods Loaded Fries Topper Mexican Style Salsa 160g",
    "WOW Price": 2.7,
    "WOW Size": "160g",
    "WOW ppu": "$1.69 / 100G"
  },
  {
    "Brand_Product_Size": "Obap Kimchi Paste 180g",
    "WOW Price": 4.5,
    "WOW Size": "180g",
    "WOW ppu": "$2.50 / 100G"
  },
  {
    "Brand_Product_Size": "Nature's Gift Meal Time Loaf Beef Barley & Vegetables Wet Dog Food 700g",
    "WOW Price": 2,
    "WOW Size": "700g",
    "WOW ppu": "$0.29 / 100G"
  },
  {
    "Brand_Product_Size": "Captain's Table Water Cracker 125g",
    "WOW Price": 1.8,
    "WOW Size": "125g",
    "WOW ppu": "$1.44 / 100G"
  },
  {
    "Brand_Product_Size": "Sanitarium Up&go Dairy Free Liquid Breakfast Vanilla Ice 3 pack",
    "WOW Price": 4.95,
    "WOW Size": "3 pack",
    "WOW ppu": "$6.60 / 1L"
  },
  {
    "Brand_Product_Size": "Cobram Estate Olive Oil Garlic 500mL",
    "WOW Price": 14,
    "WOW Size": "500mL",
    "WOW ppu": "$2.80 / 100ML"
  },
  {
    "Brand_Product_Size": "Batlow Just Apples Freeze Dried Apple Slices 15g",
    "WOW Price": 3,
    "WOW Size": "15g",
    "WOW ppu": "$200.00 / 1KG"
  },
  {
    "Brand_Product_Size": "Woolworths Extra Tasty Cheese, Garlic Olives & Artisan Crackers 60g",
    "WOW Price": 3,
    "WOW Size": "60g",
    "WOW ppu": "$50.00 / 1KG"
  },
  {
    "Brand_Product_Size": "Mccain Pizza Meatlovers Bbq 500g",
    "WOW Price": 7,
    "WOW Size": "500g",
    "WOW ppu": "$1.40 / 100G"
  },
  {
    "Brand_Product_Size": "Oscar Orsen Comb Volumising 2 pack",
    "WOW Price": 3.8,
    "WOW Size": "2 pack",
    "WOW ppu": ""
  },
  {
    "Brand_Product_Size": "Earth Choice Floor Cleaner Wooden Surface 750mL",
    "WOW Price": 3.8,
    "WOW Size": "750mL",
    "WOW ppu": "$0.51 / 100ML"
  },
  {
    "Brand_Product_Size": "Lindt Lindor Milk Chocolate Bar 38g",
    "WOW Price": 1.5,
    "WOW Size": "38g",
    "WOW ppu": "$3.95 / 100G"
  },
  {
    "Brand_Product_Size": "Olay Regenerist Retinol 24 Night Serum 30mL",
    "WOW Price": 41.3,
    "WOW Size": "30mL",
    "WOW ppu": "$137.67 / 100ML"
  },
  {
    "Brand_Product_Size": "The Natural Confectionery Co. Reduced Sugar Snakes Lollies 260g",
    "WOW Price": 3,
    "WOW Size": "260g",
    "WOW ppu": "$1.15 / 100G"
  },
  {
    "Brand_Product_Size": "Crave Dry Dog Food Chicken & Salmon 2.8kg",
    "WOW Price": 25,
    "WOW Size": "2.8kg",
    "WOW ppu": "$0.89 / 100G"
  },
  {
    "Brand_Product_Size": "Nad's Body Wax Strips Sensitive Skin 28 pack",
    "WOW Price": 15,
    "WOW Size": "28 pack",
    "WOW ppu": "$0.54 / 1EA"
  },
  {
    "Brand_Product_Size": "Kleenex Toilet Tissue Double Length 4 pack",
    "WOW Price": 7,
    "WOW Size": "4 pack",
    "WOW ppu": "$0.49 / 100SS"
  },
  {
    "Brand_Product_Size": "Easiyo Greek Style & Coconut Bits Yoghurt Base 240g",
    "WOW Price": 4.7,
    "WOW Size": "240g",
    "WOW ppu": "$1.96 / 100G"
  },
  {
    "Brand_Product_Size": "Health Lab Brownie Protein Ball Ball 200g",
    "WOW Price": 12,
    "WOW Size": "200g",
    "WOW ppu": "$6.00 / 100G"
  },
  {
    "Brand_Product_Size": "Vegemite Spread 150g",
    "WOW Price": 3.5,
    "WOW Size": "150g",
    "WOW ppu": "$2.33 / 100G"
  },
  {
    "Brand_Product_Size": "Vegemite Spread 150g",
    "WOW Price": 3.5,
    "WOW Size": "150g",
    "WOW ppu": "$2.33 / 100G"
  },
  {
    "Brand_Product_Size": "Dove Liquid Hand Wash Restoring Refill 900mL",
    "WOW Price": 8,
    "WOW Size": "900mL",
    "WOW ppu": "$0.89 / 100ML"
  },
  {
    "Brand_Product_Size": "Yoplait Strawberry Yoghurt 1kg",
    "WOW Price": 4,
    "WOW Size": "1kg",
    "WOW ppu": "$0.40 / 100G"
  },
  {
    "Brand_Product_Size": "Waterfords Mineral Water Tahitian Lime 1L",
    "WOW Price": 1.95,
    "WOW Size": "1L",
    "WOW ppu": "$1.95 / 1L"
  },
  {
    "Brand_Product_Size": "Energizer 2450 Lithium Battery each",
    "WOW Price": 5.49,
    "WOW Size": "each",
    "WOW ppu": "$5.49 / 1EA"
  },
  {
    "Brand_Product_Size": "Uncle Ben's Microwave Savoury Chicken Flavour Rice 250g",
    "WOW Price": 3.25,
    "WOW Size": "250g",
    "WOW ppu": "$1.30 / 100G"
  },
  {
    "Brand_Product_Size": "Whittaker's Coconut Slab 50g",
    "WOW Price": 2,
    "WOW Size": "50g",
    "WOW ppu": "$4.00 / 100G"
  },
  {
    "Brand_Product_Size": "Storz Nougat Praline 75g",
    "WOW Price": 3,
    "WOW Size": "75g",
    "WOW ppu": "$4.00 / 100G"
  },
  {
    "Brand_Product_Size": "South Cape Reduced Fat Greek Style Fetta 200g",
    "WOW Price": 4,
    "WOW Size": "200g",
    "WOW ppu": "$20.00 / 1KG"
  },
  {
    "Brand_Product_Size": "South Cape Reduced Fat Greek Style Fetta 200g",
    "WOW Price": 4,
    "WOW Size": "200g",
    "WOW ppu": "$20.00 / 1KG"
  },
  {
    "Brand_Product_Size": "Woolworths Chips Variety Pack 20 pack 380g",
    "WOW Price": 4.5,
    "WOW Size": "20 pack 380g",
    "WOW ppu": "$1.18 / 100G"
  },
  {
    "Brand_Product_Size": "Woolworths Chips Variety Pack 20 pack 380g",
    "WOW Price": 4.5,
    "WOW Size": "20 pack 380g",
    "WOW ppu": "$1.18 / 100G"
  },
  {
    "Brand_Product_Size": "Dove Strengthen Ritual Conditioner 320mL",
    "WOW Price": 4.9,
    "WOW Size": "320mL",
    "WOW ppu": "$1.53 / 100ML"
  },
  {
    "Brand_Product_Size": "Haven Reed Diffuser Vanilla Sugar 120mL",
    "WOW Price": 12,
    "WOW Size": "120mL",
    "WOW ppu": ""
  },
  {
    "Brand_Product_Size": "Danone Ultimate New York Strawberry Cheesecake Yoghurt 160g",
    "WOW Price": 2.5,
    "WOW Size": "160g",
    "WOW ppu": "$1.56 / 100G"
  },
  {
    "Brand_Product_Size": "The Food Company Garlic Chopped 375g",
    "WOW Price": 4.99,
    "WOW Size": "375g",
    "WOW ppu": "$0.13 / 10G"
  },
  {
    "Brand_Product_Size": "Carefree Panty Liners Breathable 48 pack",
    "WOW Price": 4.1,
    "WOW Size": "48 pack",
    "WOW ppu": "$0.09 / 1EA"
  },
  {
    "Brand_Product_Size": "Decor Pumped Sport Bottle Slider 1L each",
    "WOW Price": 3.5,
    "WOW Size": "1L each",
    "WOW ppu": ""
  },
  {
    "Brand_Product_Size": "Decor Pumped Sport Bottle Slider 1L each",
    "WOW Price": 3.5,
    "WOW Size": "1L each",
    "WOW ppu": ""
  },
  {
    "Brand_Product_Size": "Essentials Unsalted Butter 250g",
    "WOW Price": 2.8,
    "WOW Size": "250g",
    "WOW ppu": "$1.12 / 100G"
  },
  {
    "Brand_Product_Size": "Johnson's Baby Conditioning Shampoo 500mL",
    "WOW Price": 9.5,
    "WOW Size": "500mL",
    "WOW ppu": "$1.90 / 100ML"
  },
  {
    "Brand_Product_Size": "Johnson's Baby Conditioning Shampoo 500mL",
    "WOW Price": 9.5,
    "WOW Size": "500mL",
    "WOW ppu": "$1.90 / 100ML"
  },
  {
    "Brand_Product_Size": "Energizer Max Aa Batteries 16 pack",
    "WOW Price": 19.5,
    "WOW Size": "16 pack",
    "WOW ppu": "$1.22 / 1EA"
  },
  {
    "Brand_Product_Size": "Botanical Antibacterial Cleansing Hand Wash 500mL",
    "WOW Price": 5,
    "WOW Size": "500mL",
    "WOW ppu": "$1.00 / 100ML"
  },
  {
    "Brand_Product_Size": "Uncle Tobys Cereal Plus Omega 775g",
    "WOW Price": 7.5,
    "WOW Size": "775g",
    "WOW ppu": "$0.97 / 100G"
  },
  {
    "Brand_Product_Size": "Lolly Go Round Strawberries & Cream Sticks 160g",
    "WOW Price": 2,
    "WOW Size": "160g",
    "WOW ppu": "$1.25 / 100G"
  },
  {
    "Brand_Product_Size": "Vittoria Espressotoria Latte Coffee Capsules 12 pack",
    "WOW Price": 5.88,
    "WOW Size": "12 pack",
    "WOW ppu": "$0.49 / 1EA"
  },
  {
    "Brand_Product_Size": "Vittoria Espressotoria Latte Coffee Capsules 12 pack",
    "WOW Price": 5.88,
    "WOW Size": "12 pack",
    "WOW ppu": "$0.49 / 1EA"
  },
  {
    "Brand_Product_Size": "Heinz Strained Food 4 Months 100% Pear & Banana 110g",
    "WOW Price": 1,
    "WOW Size": "110g",
    "WOW ppu": "$0.91 / 100G"
  },
  {
    "Brand_Product_Size": "Nivea Naturally Good Radiance Day Cream 50mL",
    "WOW Price": 7.7,
    "WOW Size": "50mL",
    "WOW ppu": "$15.40 / 100ML"
  },
  {
    "Brand_Product_Size": "Twinings Infuse Lemon Orange & Ginger 12 pack",
    "WOW Price": 5,
    "WOW Size": "12 pack",
    "WOW ppu": "$0.42 / 1EA"
  },
  {
    "Brand_Product_Size": "Twinings Infuse Lemon Orange & Ginger 12 pack",
    "WOW Price": 5,
    "WOW Size": "12 pack",
    "WOW ppu": "$0.42 / 1EA"
  },
  {
    "Brand_Product_Size": "Nissin Noodle Bowl Xo Seafood 110g",
    "WOW Price": 1.95,
    "WOW Size": "110g",
    "WOW ppu": "$1.47 / 100G"
  },
  {
    "Brand_Product_Size": "Lifestyles Large Male Condoms 20 pack",
    "WOW Price": 9.9,
    "WOW Size": "20 pack",
    "WOW ppu": "$0.50 / 1EA"
  },
  {
    "Brand_Product_Size": "Woolworths Orange Bottle 1.25L",
    "WOW Price": 1,
    "WOW Size": "1.25L",
    "WOW ppu": "$0.80 / 1L"
  },
  {
    "Brand_Product_Size": "Bertocchi Mortadella Plain Sliced From The Deli per kg",
    "WOW Price": 12.5,
    "WOW Size": "per kg",
    "WOW ppu": "$12.50 / 1KG"
  },
  {
    "Brand_Product_Size": "Essentials Talcum Powder 500g",
    "WOW Price": 2.5,
    "WOW Size": "500g",
    "WOW ppu": "$0.50 / 100G"
  },
  {
    "Brand_Product_Size": "Orange Power Manual Spray Air Freshener Lime & Orange 125mL",
    "WOW Price": 4.2,
    "WOW Size": "125mL",
    "WOW ppu": "$0.34 / 10ML"
  },
  {
    "Brand_Product_Size": "Sanitarium Up&go Liquid Breakfast No Added Sugar Choc Ice 250mL x6 pack",
    "WOW Price": 9.7,
    "WOW Size": "250mL x6 pack",
    "WOW ppu": "$6.47 / 1L"
  },
  {
    "Brand_Product_Size": "Bertocchi Premium Boneless Leg Ham Sliced From The Deli per kg",
    "WOW Price": 27,
    "WOW Size": "per kg",
    "WOW ppu": "$27.00 / 1KG"
  },
  {
    "Brand_Product_Size": "Sup Inner Glow Collagen Gummies Berry Flavour 40 pack",
    "WOW Price": 12,
    "WOW Size": "40 pack",
    "WOW ppu": "$30.00 / 100EA"
  },
  {
    "Brand_Product_Size": "Swisse Ultiboost Magnesium 200 pack",
    "WOW Price": 39,
    "WOW Size": "200 pack",
    "WOW ppu": "$19.50 / 100EA"
  },
  {
    "Brand_Product_Size": "Akin Lavender & Anthyllis Moisture Rich Leave In Conditioner 150mL",
    "WOW Price": 14,
    "WOW Size": "150mL",
    "WOW ppu": "$9.33 / 100ML"
  },
  {
    "Brand_Product_Size": "Sunbeam Sultanas 1kg",
    "WOW Price": 8.4,
    "WOW Size": "1kg",
    "WOW ppu": "$8.40 / 1KG"
  },
  {
    "Brand_Product_Size": "Super Nature Super Protein Lamb & Sweet Potato 350g",
    "WOW Price": 6.3,
    "WOW Size": "350g",
    "WOW ppu": "$1.80 / 100G"
  },
  {
    "Brand_Product_Size": "Ryvita Thins Flatbread Caramalised Onion 125g",
    "WOW Price": 2,
    "WOW Size": "125g",
    "WOW ppu": "$1.60 / 100G"
  },
  {
    "Brand_Product_Size": "Woolworths Kids Chocolate Flavoured Milk 250mL",
    "WOW Price": 1.6,
    "WOW Size": "250mL",
    "WOW ppu": "$6.40 / 1L"
  },
  {
    "Brand_Product_Size": "Woolworths Kids Chocolate Flavoured Milk 250mL",
    "WOW Price": 1.6,
    "WOW Size": "250mL",
    "WOW ppu": "$6.40 / 1L"
  },
  {
    "Brand_Product_Size": "Woolworths Kids Chocolate Flavoured Milk 250mL",
    "WOW Price": 1.6,
    "WOW Size": "250mL",
    "WOW ppu": "$6.40 / 1L"
  },
  {
    "Brand_Product_Size": "Deep Heat Extra  Strength Cream 100g",
    "WOW Price": 5.8,
    "WOW Size": "100g",
    "WOW ppu": "$5.80 / 100G"
  },
  {
    "Brand_Product_Size": "Sunrice Brown Rice 5kg",
    "WOW Price": 16,
    "WOW Size": "5kg",
    "WOW ppu": "$0.32 / 100G"
  },
  {
    "Brand_Product_Size": "Lavazza Espresso Barista Gran Crema Coffee Beans 1kg",
    "WOW Price": 22,
    "WOW Size": "1kg",
    "WOW ppu": "$2.20 / 100G"
  },
  {
    "Brand_Product_Size": "Lavazza Espresso Barista Gran Crema Coffee Beans 1kg",
    "WOW Price": 22,
    "WOW Size": "1kg",
    "WOW ppu": "$2.20 / 100G"
  },
  {
    "Brand_Product_Size": "Fancy Feast Adult Gravy Lovers Chicken, Beef & Seafood Wet Cat Food 85g x12 pack",
    "WOW Price": 14.5,
    "WOW Size": "85g x12 pack",
    "WOW ppu": "$1.42 / 100G"
  },
  {
    "Brand_Product_Size": "La Famiglia Garlic Bread Sourdough 480g",
    "WOW Price": 6.2,
    "WOW Size": "480g",
    "WOW ppu": "$1.29 / 100G"
  },
  {
    "Brand_Product_Size": "Maybelline Fit Me Dewy & Smooth Liquid Foundation - Sun Beige 30mL",
    "WOW Price": 11,
    "WOW Size": "30mL",
    "WOW ppu": "$3.67 / 10ML"
  },
  {
    "Brand_Product_Size": "Rimmel London Scandal Eyes Reloaded 12mL",
    "WOW Price": 9,
    "WOW Size": "12mL",
    "WOW ppu": "$7.50 / 10ML"
  },
  {
    "Brand_Product_Size": "Macro Organic Buckwheat Flour 500g",
    "WOW Price": 5,
    "WOW Size": "500g",
    "WOW ppu": "$1.00 / 100G"
  },
  {
    "Brand_Product_Size": "Nestle Nan Supreme 3 Toddler 12+ Months Milk Formula Powder 800g",
    "WOW Price": 22,
    "WOW Size": "800g",
    "WOW ppu": "$2.75 / 100G"
  },
  {
    "Brand_Product_Size": "Woolworths Golden Syrup 400g",
    "WOW Price": 2.2,
    "WOW Size": "400g",
    "WOW ppu": "$0.55 / 100G"
  },
  {
    "Brand_Product_Size": "Paw Patrol Rescue Racers each",
    "WOW Price": 10,
    "WOW Size": "each",
    "WOW ppu": ""
  },
  {
    "Brand_Product_Size": "Paw Patrol Rescue Racers each",
    "WOW Price": 10,
    "WOW Size": "each",
    "WOW ppu": ""
  },
  {
    "Brand_Product_Size": "Macro Lower Carb Linseed & Sunflower Bread Rolls 320g",
    "WOW Price": 5,
    "WOW Size": "320g",
    "WOW ppu": "$1.56 / 100G"
  },
  {
    "Brand_Product_Size": "Barilla Pasta Sauce Bolognese 400g",
    "WOW Price": 3.75,
    "WOW Size": "400g",
    "WOW ppu": "$0.94 / 100G"
  },
  {
    "Brand_Product_Size": "Impulse Women Body Spray Aerosol Deodorant Merely Musk 75mL",
    "WOW Price": 4,
    "WOW Size": "75mL",
    "WOW ppu": "$5.33 / 100ML"
  },
  {
    "Brand_Product_Size": "Lux Velvety Skin Bar Soap Soft Caress 8x85g",
    "WOW Price": 4.8,
    "WOW Size": "8x85g",
    "WOW ppu": "$0.71 / 100G"
  },
  {
    "Brand_Product_Size": "Diet Rite Soft Drink Ginger Beer Bottle 1.25L",
    "WOW Price": 1.15,
    "WOW Size": "1.25L",
    "WOW ppu": "$0.92 / 1L"
  },
  {
    "Brand_Product_Size": "Fantastic Rice Crackers Original 100g",
    "WOW Price": 1.5,
    "WOW Size": "100g",
    "WOW ppu": "$1.50 / 100G"
  },
  {
    "Brand_Product_Size": "Golden Circle Mango Nectar 1L",
    "WOW Price": 3,
    "WOW Size": "1L",
    "WOW ppu": "$3.00 / 1L"
  },
  {
    "Brand_Product_Size": "White Wings Plain Flour Wholemeal 1kg",
    "WOW Price": 3.1,
    "WOW Size": "1kg",
    "WOW ppu": "$3.10 / 1KG"
  },
  {
    "Brand_Product_Size": "Csr Caster Sugar 500g",
    "WOW Price": 1.7,
    "WOW Size": "500g",
    "WOW ppu": "$0.34 / 100G"
  },
  {
    "Brand_Product_Size": "Centrum For Women Multivitamin 60 pack",
    "WOW Price": 20,
    "WOW Size": "60 pack",
    "WOW ppu": "$33.33 / 100EA"
  },
  {
    "Brand_Product_Size": "Glee Bubblegum Grape Flavoured Cordial 350mL",
    "WOW Price": 1.5,
    "WOW Size": "350mL",
    "WOW ppu": "$4.29 / 1L"
  },
  {
    "Brand_Product_Size": "Aspro Clear Extra Strength Pain Relief Soluble Tablets 16 pack",
    "WOW Price": 5,
    "WOW Size": "16 pack",
    "WOW ppu": "$0.31 / 1EA"
  },
  {
    "Brand_Product_Size": "Healtheries Potato Stix Roast Potato Multipack 6 pack",
    "WOW Price": 3.8,
    "WOW Size": "6 pack",
    "WOW ppu": "$3.17 / 100G"
  },
  {
    "Brand_Product_Size": "Metamucil Orange Smooth Fibre 72 Doses 425g",
    "WOW Price": 19.5,
    "WOW Size": "425g",
    "WOW ppu": "$4.59 / 100G"
  },
  {
    "Brand_Product_Size": "Keens Curry Powder 60g",
    "WOW Price": 3,
    "WOW Size": "60g",
    "WOW ppu": "$0.50 / 10G"
  },
  {
    "Brand_Product_Size": "Sara Lee Deep Dish Pie With Apple Crumble Top 800g",
    "WOW Price": 7.5,
    "WOW Size": "800g",
    "WOW ppu": "$0.94 / 100G"
  },
  {
    "Brand_Product_Size": "L'oreal De Age Perfect Toner Toner 200mL",
    "WOW Price": 9,
    "WOW Size": "200mL",
    "WOW ppu": "$4.50 / 100ML"
  },
  {
    "Brand_Product_Size": "Sacla Tomato Pesto 190g",
    "WOW Price": 4.9,
    "WOW Size": "190g",
    "WOW ppu": "$2.58 / 100G"
  },
  {
    "Brand_Product_Size": "Temptation Bakeries Quiche Petite Cheese & Spinach 300g",
    "WOW Price": 6,
    "WOW Size": "300g",
    "WOW ppu": "$2.00 / 100G"
  },
  {
    "Brand_Product_Size": "Depend Real Fit For Men Underwear Large 8 pack",
    "WOW Price": 13,
    "WOW Size": "8 pack",
    "WOW ppu": "$1.63 / 1EA"
  },
  {
    "Brand_Product_Size": "Rimmel Lasting Matte Foundation True Beige 30mL",
    "WOW Price": 9,
    "WOW Size": "30mL",
    "WOW ppu": "$3.00 / 10ML"
  },
  {
    "Brand_Product_Size": "Jack Hammer Drill Bits 13 pack",
    "WOW Price": 12,
    "WOW Size": "13 pack",
    "WOW ppu": ""
  },
  {
    "Brand_Product_Size": "L'oreal Paris Preference 5 Palma Brown each",
    "WOW Price": 11.4,
    "WOW Size": "each",
    "WOW ppu": ""
  },
  {
    "Brand_Product_Size": "Veet Hair Removal Cream Sensitive Skin 400mL",
    "WOW Price": 21,
    "WOW Size": "400mL",
    "WOW ppu": "$5.25 / 100ML"
  },
  {
    "Brand_Product_Size": "Philips 10w R80 Led Reflector Globe Warm White each",
    "WOW Price": 12.5,
    "WOW Size": "each",
    "WOW ppu": "$12.50 / 1EA"
  },
  {
    "Brand_Product_Size": "M&m's Crunchy Caramel Bag 130g",
    "WOW Price": 2.25,
    "WOW Size": "130g",
    "WOW ppu": "$1.73 / 100G"
  },
  {
    "Brand_Product_Size": "Picasso Kitchen Stone Baked Bbq Chicken & Bacon Pizza 470g",
    "WOW Price": 4.5,
    "WOW Size": "470g",
    "WOW ppu": "$0.96 / 100G"
  },
  {
    "Brand_Product_Size": "Eclipse Chewy Mints Spearmint Tin Spearmint 27g",
    "WOW Price": 1.2,
    "WOW Size": "27g",
    "WOW ppu": "$4.44 / 100G"
  },
  {
    "Brand_Product_Size": "Coon Classics Aussie Jack Burger Slices 250g",
    "WOW Price": 6,
    "WOW Size": "250g",
    "WOW ppu": "$24.00 / 1KG"
  },
  {
    "Brand_Product_Size": "Espressotoria Piccolo Coffee Machine each",
    "WOW Price": 69.3,
    "WOW Size": "each",
    "WOW ppu": "$69.30 / 1EA"
  },
  {
    "Brand_Product_Size": "Espressotoria Piccolo Coffee Machine each",
    "WOW Price": 69.3,
    "WOW Size": "each",
    "WOW ppu": "$69.30 / 1EA"
  },
  {
    "Brand_Product_Size": "Sabco Duex Bathroom Sponge Scrubber 2 pack",
    "WOW Price": 4,
    "WOW Size": "2 pack",
    "WOW ppu": "$4.00 / 1EA"
  },
  {
    "Brand_Product_Size": "Essentials Neapolitan Ice Cream 2L",
    "WOW Price": 2.75,
    "WOW Size": "2L",
    "WOW ppu": "$0.14 / 100ML"
  },
  {
    "Brand_Product_Size": "Woolworths Yellow Squash 250g punnet",
    "WOW Price": 5,
    "WOW Size": "250g punnet",
    "WOW ppu": "$20.00 / 1KG"
  },
  {
    "Brand_Product_Size": "Connoisseur Ice Cream Vanilla Caramel Brownie 1L",
    "WOW Price": 11,
    "WOW Size": "1L",
    "WOW ppu": "$1.10 / 100ML"
  },
  {
    "Brand_Product_Size": "Vege Chips Deli Crisps Original 100g",
    "WOW Price": 5.5,
    "WOW Size": "100g",
    "WOW ppu": "$5.50 / 100G"
  },
  {
    "Brand_Product_Size": "Liddells Lactose Free Plain Yoghurt 4x140g",
    "WOW Price": 5.35,
    "WOW Size": "4x140g",
    "WOW ppu": "$0.96 / 100G"
  },
  {
    "Brand_Product_Size": "Riverland Honey Ham Shaved 100g",
    "WOW Price": 2,
    "WOW Size": "100g",
    "WOW ppu": "$20.00 / 1KG"
  },
  {
    "Brand_Product_Size": "Angas Park Apple 200g",
    "WOW Price": 4.4,
    "WOW Size": "200g",
    "WOW ppu": "$22.00 / 1KG"
  },
  {
    "Brand_Product_Size": "Cadbury Dairy Milk Chocolate Caramello 55g bar",
    "WOW Price": 1.5,
    "WOW Size": "55g bar",
    "WOW ppu": "$2.73 / 100G"
  },
  {
    "Brand_Product_Size": "Woolworths 100% Canadian Maple Syrup 250mL",
    "WOW Price": 6,
    "WOW Size": "250mL",
    "WOW ppu": "$2.40 / 100ML"
  },
  {
    "Brand_Product_Size": "Powerade Zero Mountain Blast Flo Cap 600mL",
    "WOW Price": 2.2,
    "WOW Size": "600mL",
    "WOW ppu": "$3.67 / 1L"
  },
  {
    "Brand_Product_Size": "Laucke Pizza & Focaccia Dough Mix 1kg",
    "WOW Price": 6.4,
    "WOW Size": "1kg",
    "WOW ppu": "$6.40 / 1KG"
  },
  {
    "Brand_Product_Size": "Wildly Good Smoky Cauliflower Burger 250g",
    "WOW Price": 5,
    "WOW Size": "250g",
    "WOW ppu": "$20.00 / 1KG"
  },
  {
    "Brand_Product_Size": "Essentials Face Washer 450gsm Cw1 2 pack",
    "WOW Price": 2.5,
    "WOW Size": "2 pack",
    "WOW ppu": ""
  },
  {
    "Brand_Product_Size": "Uncle Tobys Cereal Oat Crisp Almond 415g",
    "WOW Price": 5,
    "WOW Size": "415g",
    "WOW ppu": "$1.20 / 100G"
  },
  {
    "Brand_Product_Size": "Tata Salt 1kg",
    "WOW Price": 1.3,
    "WOW Size": "1kg",
    "WOW ppu": "$0.01 / 10G"
  },
  {
    "Brand_Product_Size": "Heinz Big Eat Peppered Steak & Onion 410g",
    "WOW Price": 2.5,
    "WOW Size": "410g",
    "WOW ppu": "$6.10 / 1KG"
  },
  {
    "Brand_Product_Size": "Play-doh Single Tub Assorted each",
    "WOW Price": 2,
    "WOW Size": "each",
    "WOW ppu": ""
  },
  {
    "Brand_Product_Size": "Wrigley's Extra White Peppermint Chewing Gum Sugar Free 4x10 Piece 56g",
    "WOW Price": 3.5,
    "WOW Size": "56g",
    "WOW ppu": "$6.25 / 100G"
  },
  {
    "Brand_Product_Size": "Maharajah's Choice Sweet Gulabjamun 1kg",
    "WOW Price": 7.75,
    "WOW Size": "1kg",
    "WOW ppu": "$0.78 / 100G"
  },
  {
    "Brand_Product_Size": "Cancer Council Spf 50+ Sunscreen Sport 500mL",
    "WOW Price": 27,
    "WOW Size": "500mL",
    "WOW ppu": "$5.40 / 100ML"
  },
  {
    "Brand_Product_Size": "Farmers Union Greek Style Probiotic Yoghurt 500g",
    "WOW Price": 4.8,
    "WOW Size": "500g",
    "WOW ppu": "$0.96 / 100G"
  },
  {
    "Brand_Product_Size": "Double D Fruit Drops Sugar Free 90g bag",
    "WOW Price": 2,
    "WOW Size": "90g bag",
    "WOW ppu": "$2.22 / 100G"
  },
  {
    "Brand_Product_Size": "Voeu Dry & Sensitive Skin Moisturiser 150mL",
    "WOW Price": 4,
    "WOW Size": "150mL",
    "WOW ppu": "$2.67 / 100ML"
  },
  {
    "Brand_Product_Size": "Woolworths Staples No. 26/6 2 pack",
    "WOW Price": 2,
    "WOW Size": "2 pack",
    "WOW ppu": ""
  },
  {
    "Brand_Product_Size": "Allen's Sourz Tangy Randoms 170g",
    "WOW Price": 3,
    "WOW Size": "170g",
    "WOW ppu": "$1.76 / 100G"
  },
  {
    "Brand_Product_Size": "Moccona Freeze Dried Instant Coffee Classic Medium Roast 50g",
    "WOW Price": 4.2,
    "WOW Size": "50g",
    "WOW ppu": "$8.40 / 100G"
  },
  {
    "Brand_Product_Size": "Moccona Freeze Dried Instant Coffee Classic Medium Roast 50g",
    "WOW Price": 4.2,
    "WOW Size": "50g",
    "WOW ppu": "$8.40 / 100G"
  },
  {
    "Brand_Product_Size": "Gravox Gravy Mix Mushroom & Garlic 29g",
    "WOW Price": 1.1,
    "WOW Size": "29g",
    "WOW ppu": "$0.38 / 10G"
  },
  {
    "Brand_Product_Size": "Woolworths Grassfed Premium Beef Mince 500g",
    "WOW Price": 9,
    "WOW Size": "500g",
    "WOW ppu": "$18.00 / 1KG"
  },
  {
    "Brand_Product_Size": "Little Bellies Veggie Tubes 12g",
    "WOW Price": 1.7,
    "WOW Size": "12g",
    "WOW ppu": "$14.17 / 100G"
  },
  {
    "Brand_Product_Size": "For Kids Girls Briefs Sizes 3-4 5 pack",
    "WOW Price": 8,
    "WOW Size": "5 pack",
    "WOW ppu": ""
  },
  {
    "Brand_Product_Size": "Harris Coffee Ground Strong 1kg",
    "WOW Price": 15,
    "WOW Size": "1kg",
    "WOW ppu": "$1.50 / 100G"
  },
  {
    "Brand_Product_Size": "Harris Coffee Ground Strong 1kg",
    "WOW Price": 15,
    "WOW Size": "1kg",
    "WOW ppu": "$1.50 / 100G"
  },
  {
    "Brand_Product_Size": "Woolworths Bag For Good Reusable Carry Bag each",
    "WOW Price": 0.99,
    "WOW Size": "each",
    "WOW ppu": ""
  },
  {
    "Brand_Product_Size": "Elastoplast Flexible Fabric each",
    "WOW Price": 5.5,
    "WOW Size": "each",
    "WOW ppu": "$5.50 / 1EA"
  },
  {
    "Brand_Product_Size": "Mission Wraps Soft & Fluffy 12 pack",
    "WOW Price": 4,
    "WOW Size": "12 pack",
    "WOW ppu": "$0.89 / 100G"
  },
  {
    "Brand_Product_Size": "Frico Mild Edam Cheese Wedge 230g",
    "WOW Price": 8.4,
    "WOW Size": "230g",
    "WOW ppu": "$36.52 / 1KG"
  },
  {
    "Brand_Product_Size": "Frico Mild Edam Cheese Wedge 230g",
    "WOW Price": 8.4,
    "WOW Size": "230g",
    "WOW ppu": "$36.52 / 1KG"
  },
  {
    "Brand_Product_Size": "Masterfoods Saffron 0.5g",
    "WOW Price": 7.1,
    "WOW Size": "0.5g",
    "WOW ppu": "$142.00 / 10G"
  },
  {
    "Brand_Product_Size": "Nestle Soothers Throat Lozenges Blackcurrant 30 pack",
    "WOW Price": 4,
    "WOW Size": "30 pack",
    "WOW ppu": "$0.13 / 1EA"
  },
  {
    "Brand_Product_Size": "Evergreen Wonton Wrappers 300g",
    "WOW Price": 3,
    "WOW Size": "300g",
    "WOW ppu": "$1.00 / 100G"
  },
  {
    "Brand_Product_Size": "Bellamy's Organic Toddler Baby Formula Stage 3 900g",
    "WOW Price": 30,
    "WOW Size": "900g",
    "WOW ppu": "$3.33 / 100G"
  },
  {
    "Brand_Product_Size": "Primo Stackers Danish Salami With Cheddar Cheese & Crackers 45g",
    "WOW Price": 4,
    "WOW Size": "45g",
    "WOW ppu": "$88.89 / 1KG"
  },
  {
    "Brand_Product_Size": "Heinz Strained Food 4 Months Pumpkin Potato & Beef 110g",
    "WOW Price": 1,
    "WOW Size": "110g",
    "WOW ppu": "$0.91 / 100G"
  },
  {
    "Brand_Product_Size": "Scotch Double Sided Tape 13mm Clear With Dispenser each",
    "WOW Price": 5.5,
    "WOW Size": "each",
    "WOW ppu": ""
  },
  {
    "Brand_Product_Size": "Woolworths Crunchy Corn Flakes 700g",
    "WOW Price": 2.5,
    "WOW Size": "700g",
    "WOW ppu": "$0.36 / 100G"
  },
  {
    "Brand_Product_Size": "Thawed Tasmanian Scallops per kg",
    "WOW Price": 38,
    "WOW Size": "per kg",
    "WOW ppu": "$38.00 / 1KG"
  },
  {
    "Brand_Product_Size": "Crayola Sponge Painting Activity Kit each",
    "WOW Price": 10,
    "WOW Size": "each",
    "WOW ppu": ""
  },
  {
    "Brand_Product_Size": "White Wings Gluten Free Plain Flour 500g",
    "WOW Price": 5,
    "WOW Size": "500g",
    "WOW ppu": "$1.00 / 100G"
  },
  {
    "Brand_Product_Size": "Ansell Gloves Smart Small 2 pack",
    "WOW Price": 2,
    "WOW Size": "2 pack",
    "WOW ppu": "$2.00 / 1EA"
  },
  {
    "Brand_Product_Size": "Bell Farms Waffle Cut Fries 750g",
    "WOW Price": 3,
    "WOW Size": "750g",
    "WOW ppu": "$4.00 / 1KG"
  },
  {
    "Brand_Product_Size": "Murray River Organics Mylk Chocolate Hazelnut & Sultanas 110g",
    "WOW Price": 5,
    "WOW Size": "110g",
    "WOW ppu": "$4.55 / 100G"
  },
  {
    "Brand_Product_Size": "Allen's Red Ripperz Lollies 330g",
    "WOW Price": 5,
    "WOW Size": "330g",
    "WOW ppu": "$1.52 / 100G"
  },
  {
    "Brand_Product_Size": "Dr. Oetker Edible Decorations Giant Chocolate Stars 20g",
    "WOW Price": 4,
    "WOW Size": "20g",
    "WOW ppu": "$20.00 / 100G"
  },
  {
    "Brand_Product_Size": "Woolworths Cook Pork Loin Roast With Herbs & Spices 500g - 750g",
    "WOW Price": 16.88,
    "WOW Size": "500g - 750g",
    "WOW ppu": "$22.50 / 1KG"
  },
  {
    "Brand_Product_Size": "Paddle Pop Water Ice Cyclone 8 pack",
    "WOW Price": 7,
    "WOW Size": "8 pack",
    "WOW ppu": "$1.02 / 100ML"
  },
  {
    "Brand_Product_Size": "Golden Circle Apple & Blackcurrant Fruit Drink Multipack 6x250mL",
    "WOW Price": 4.5,
    "WOW Size": "6x250mL",
    "WOW ppu": "$3.00 / 1L"
  },
  {
    "Brand_Product_Size": "Nature's Gift Beef Potato Carrots & Peas Chilled Roll Dog Food 200g",
    "WOW Price": 1.5,
    "WOW Size": "200g",
    "WOW ppu": "$0.75 / 100G"
  },
  {
    "Brand_Product_Size": "Sakata Rice Crackers Plain 100g",
    "WOW Price": 2,
    "WOW Size": "100g",
    "WOW ppu": "$2.00 / 100G"
  },
  {
    "Brand_Product_Size": "Domestos Disinfectant Bleach Mountain Fresh 1.25L",
    "WOW Price": 5.5,
    "WOW Size": "1.25L",
    "WOW ppu": "$4.40 / 1L"
  },
  {
    "Brand_Product_Size": "Depend Real Fit For Women Underwear Large 8 pack",
    "WOW Price": 12,
    "WOW Size": "8 pack",
    "WOW ppu": "$1.50 / 1EA"
  },
  {
    "Brand_Product_Size": "Mint Non-stick Coating Slice Tray each",
    "WOW Price": 4.8,
    "WOW Size": "each",
    "WOW ppu": ""
  },
  {
    "Brand_Product_Size": "Maybelline Dream Urban Cover Liquid Foundation - Ivory 30mL",
    "WOW Price": 13,
    "WOW Size": "30mL",
    "WOW ppu": "$4.33 / 10ML"
  },
  {
    "Brand_Product_Size": "Woolworths Cappucino Coffee Sachets 10 pack",
    "WOW Price": 3.25,
    "WOW Size": "10 pack",
    "WOW ppu": "$2.46 / 100G"
  },
  {
    "Brand_Product_Size": "Woolworths Cappucino Coffee Sachets 10 pack",
    "WOW Price": 3.25,
    "WOW Size": "10 pack",
    "WOW ppu": "$2.46 / 100G"
  },
  {
    "Brand_Product_Size": "Energizer Iphone To Usb-c Cable 2 Metre each",
    "WOW Price": 30,
    "WOW Size": "each",
    "WOW ppu": ""
  },
  {
    "Brand_Product_Size": "Rimmel 100% Waterproof Mascara Black 8mL",
    "WOW Price": 6.5,
    "WOW Size": "8mL",
    "WOW ppu": "$8.13 / 10ML"
  },
  {
    "Brand_Product_Size": "Bic Atlantis Retractable Pen Black 4 pack",
    "WOW Price": 3.6,
    "WOW Size": "4 pack",
    "WOW ppu": ""
  },
  {
    "Brand_Product_Size": "Caffe Aurora Coffee Beans Italian Blend 1kg",
    "WOW Price": 15,
    "WOW Size": "1kg",
    "WOW ppu": "$1.50 / 100G"
  },
  {
    "Brand_Product_Size": "Caffe Aurora Coffee Beans Italian Blend 1kg",
    "WOW Price": 15,
    "WOW Size": "1kg",
    "WOW ppu": "$1.50 / 100G"
  },
  {
    "Brand_Product_Size": "Mainland On The Go Snack Caramelised Onion 110g",
    "WOW Price": 4,
    "WOW Size": "110g",
    "WOW ppu": "$36.36 / 1KG"
  },
  {
    "Brand_Product_Size": "Bean Supreme Sage Parsley Rosemary Sausages 375g",
    "WOW Price": 7,
    "WOW Size": "375g",
    "WOW ppu": "$1.87 / 100G"
  },
  {
    "Brand_Product_Size": "Bean Supreme Sage Parsley Rosemary Sausages 375g",
    "WOW Price": 7,
    "WOW Size": "375g",
    "WOW ppu": "$1.87 / 100G"
  },
  {
    "Brand_Product_Size": "Nivea Q10 Power Multi-action Pampering Oil 30mL",
    "WOW Price": 25,
    "WOW Size": "30mL",
    "WOW ppu": "$83.33 / 100ML"
  },
  {
    "Brand_Product_Size": "Sodastream Fuse Bottle White 2x1l 2 pack",
    "WOW Price": 14,
    "WOW Size": "2 pack",
    "WOW ppu": "$14.00 / 1EA"
  },
  {
    "Brand_Product_Size": "Smitten Beef Selection Adult Wet Cat Food 12 pack",
    "WOW Price": 5.4,
    "WOW Size": "12 pack",
    "WOW ppu": "$0.53 / 100G"
  },
  {
    "Brand_Product_Size": "Le Tan Deep Bronze Self Tan Foaming Mousse 110mL",
    "WOW Price": 8.3,
    "WOW Size": "110mL",
    "WOW ppu": "$7.55 / 100ML"
  },
  {
    "Brand_Product_Size": "Macro Organic Cauliflower 450g",
    "WOW Price": 5,
    "WOW Size": "450g",
    "WOW ppu": "$11.11 / 1KG"
  },
  {
    "Brand_Product_Size": "Woolworths Chicken Tikka Masala With Rice 350g",
    "WOW Price": 7.5,
    "WOW Size": "350g",
    "WOW ppu": "$2.14 / 100G"
  },
  {
    "Brand_Product_Size": "Mint Stainless Steel Colander each",
    "WOW Price": 10,
    "WOW Size": "each",
    "WOW ppu": ""
  },
  {
    "Brand_Product_Size": "Skinny Cow Ice Cream Sundae Double Choc Vanilla Caramel 4 pack",
    "WOW Price": 6,
    "WOW Size": "4 pack",
    "WOW ppu": "$0.88 / 100ML"
  },
  {
    "Brand_Product_Size": "Urbane Mess Defining Paste 85g",
    "WOW Price": 8,
    "WOW Size": "85g",
    "WOW ppu": "$9.41 / 100G"
  },
  {
    "Brand_Product_Size": "Woolworths Chicken Bolognese With Spaghetti 305g",
    "WOW Price": 4,
    "WOW Size": "305g",
    "WOW ppu": "$1.31 / 100G"
  },
  {
    "Brand_Product_Size": "Mainland Grazing Collection Cheddar With Chutney & Crackers 90g",
    "WOW Price": 4,
    "WOW Size": "90g",
    "WOW ppu": "$44.44 / 1KG"
  },
  {
    "Brand_Product_Size": "Gotzinger German Bratwurst 400g",
    "WOW Price": 8.5,
    "WOW Size": "400g",
    "WOW ppu": "$21.25 / 1KG"
  },
  {
    "Brand_Product_Size": "Whiskas So Meaty Poultry Dishes Adult Wet Cat Food 12 pack",
    "WOW Price": 7.35,
    "WOW Size": "12 pack",
    "WOW ppu": "$0.72 / 100G"
  },
  {
    "Brand_Product_Size": "Sunrice Rice Snacks Mini Bites Chicken 160g",
    "WOW Price": 4,
    "WOW Size": "160g",
    "WOW ppu": "$2.50 / 100G"
  },
  {
    "Brand_Product_Size": "Sunrice Rice Snacks Mini Bites Chicken 160g",
    "WOW Price": 4,
    "WOW Size": "160g",
    "WOW ppu": "$2.50 / 100G"
  },
  {
    "Brand_Product_Size": "Garnier Nutrisse Hair Colour 4.15 Iced Chestnut each",
    "WOW Price": 7.46,
    "WOW Size": "each",
    "WOW ppu": ""
  },
  {
    "Brand_Product_Size": "Dettol Antibacterial Disinfectant Cleaning Wipes Crisp Apple 120 pack",
    "WOW Price": 10,
    "WOW Size": "120 pack",
    "WOW ppu": "$0.08 / 1EA"
  },
  {
    "Brand_Product_Size": "Heinz Seriously Good Creamy Tartare 295mL",
    "WOW Price": 3.5,
    "WOW Size": "295mL",
    "WOW ppu": "$1.19 / 100ML"
  },
  {
    "Brand_Product_Size": "Linda Mccartney's Red Onion Sausages 270g",
    "WOW Price": 4,
    "WOW Size": "270g",
    "WOW ppu": "$1.48 / 100G"
  },
  {
    "Brand_Product_Size": "Brunnings Premium Garden Hose 15m",
    "WOW Price": 21,
    "WOW Size": "15m",
    "WOW ppu": ""
  },
  {
    "Brand_Product_Size": "Impulse Maddie Ziegler Body Mist Tropical Beach & Espresso 100mL",
    "WOW Price": 9,
    "WOW Size": "100mL",
    "WOW ppu": "$9.00 / 100ML"
  },
  {
    "Brand_Product_Size": "Peters Original Neapolitan Ice Cream 2L",
    "WOW Price": 4.75,
    "WOW Size": "2L",
    "WOW ppu": "$0.24 / 100ML"
  },
  {
    "Brand_Product_Size": "Jelly Belly 3d Gel Very Cherry Air Freshener each",
    "WOW Price": 5,
    "WOW Size": "each",
    "WOW ppu": "$27.78 / 100G"
  },
  {
    "Brand_Product_Size": "Woolworths Tortillas 10 pack",
    "WOW Price": 3,
    "WOW Size": "10 pack",
    "WOW ppu": "$0.65 / 100G"
  },
  {
    "Brand_Product_Size": "Bonds Comfy Tops Semi Opaque Tights Black Med-lge each",
    "WOW Price": 9,
    "WOW Size": "each",
    "WOW ppu": ""
  },
  {
    "Brand_Product_Size": "Ingham's Breast Schnitzel Gluten Free 400g",
    "WOW Price": 9,
    "WOW Size": "400g",
    "WOW ppu": "$2.25 / 100G"
  },
  {
    "Brand_Product_Size": "White Wings Cake In A Cup Double Chocolate 55g",
    "WOW Price": 1,
    "WOW Size": "55g",
    "WOW ppu": "$1.82 / 100G"
  },
  {
    "Brand_Product_Size": "Maximus Mango Passionfruit Drink 1L",
    "WOW Price": 2.15,
    "WOW Size": "1L",
    "WOW ppu": "$2.15 / 1L"
  },
  {
    "Brand_Product_Size": "Selleys Super Glue Fix N Go 3 pack",
    "WOW Price": 4.9,
    "WOW Size": "3 pack",
    "WOW ppu": "$1.63 / 1EA"
  },
  {
    "Brand_Product_Size": "Ingham's Frozen Chicken Breast Tenders Sweet Chilli 400g",
    "WOW Price": 4.5,
    "WOW Size": "400g",
    "WOW ppu": "$11.25 / 1KG"
  },
  {
    "Brand_Product_Size": "Sharpie S Gel Comfort Grip Pens Medium Blue Ink 2 pack",
    "WOW Price": 4.9,
    "WOW Size": "2 pack",
    "WOW ppu": ""
  },
  {
    "Brand_Product_Size": "Nature's Way Kids Smart Iron Chewable Tablets 50 pack",
    "WOW Price": 15,
    "WOW Size": "50 pack",
    "WOW ppu": "$30.00 / 100EA"
  },
  {
    "Brand_Product_Size": "Kambrook Upright Fan Heater each",
    "WOW Price": 40,
    "WOW Size": "each",
    "WOW ppu": ""
  },
  {
    "Brand_Product_Size": "Ayam Panang Curry Paste Panang Curry 195g",
    "WOW Price": 3.5,
    "WOW Size": "195g",
    "WOW ppu": "$1.79 / 100G"
  },
  {
    "Brand_Product_Size": "Ocean Blue Smoked Salmon 100g",
    "WOW Price": 6.2,
    "WOW Size": "100g",
    "WOW ppu": "$62.00 / 1KG"
  },
  {
    "Brand_Product_Size": "Voost Effervescent Multivitamin Tablets 20 pack",
    "WOW Price": 6.5,
    "WOW Size": "20 pack",
    "WOW ppu": "$32.50 / 100EA"
  },
  {
    "Brand_Product_Size": "Optimum Adult 7+ With Chicken Vegetables & Rice Dry Dog Food 2.7kg",
    "WOW Price": 13,
    "WOW Size": "2.7kg",
    "WOW ppu": "$0.48 / 100G"
  },
  {
    "Brand_Product_Size": "Freshwater Farm Australia Mandarin + Cedarwood Oil Revitalising Castile Hand Wash 500mL",
    "WOW Price": 10,
    "WOW Size": "500mL",
    "WOW ppu": "$2.00 / 100ML"
  },
  {
    "Brand_Product_Size": "Dolphin Handheld Mini 4aa each",
    "WOW Price": 15,
    "WOW Size": "each",
    "WOW ppu": ""
  },
  {
    "Brand_Product_Size": "Gatorade G-active Electrolyte Water Orange Flavoured No Sugar 600mL",
    "WOW Price": 2.15,
    "WOW Size": "600mL",
    "WOW ppu": "$3.58 / 1L"
  },
  {
    "Brand_Product_Size": "L'oreal Paris Age Perfect Beautifying Colour Care Beige 80mL",
    "WOW Price": 14,
    "WOW Size": "80mL",
    "WOW ppu": ""
  },
  {
    "Brand_Product_Size": "Mckenzie's Dried Veg Borlotti Beans 375g",
    "WOW Price": 2.69,
    "WOW Size": "375g",
    "WOW ppu": "$7.17 / 1KG"
  },
  {
    "Brand_Product_Size": "Clairol Root Touch Up Spray Dark Blonde 100mL",
    "WOW Price": 15,
    "WOW Size": "100mL",
    "WOW ppu": ""
  },
  {
    "Brand_Product_Size": "Tigi Bed Head Recovery Conditioner 200mL",
    "WOW Price": 19,
    "WOW Size": "200mL",
    "WOW ppu": "$9.50 / 100ML"
  },
  {
    "Brand_Product_Size": "Mint Silicone Tongs 30cm each",
    "WOW Price": 3.5,
    "WOW Size": "each",
    "WOW ppu": ""
  },
  {
    "Brand_Product_Size": "Whiskas Tuna & Sardine 7+ Years Dry Cat Food 1.8kg",
    "WOW Price": 8,
    "WOW Size": "1.8kg",
    "WOW ppu": "$0.44 / 100G"
  },
  {
    "Brand_Product_Size": "Refresh Your Car Odour Eliminating Trigger Spray 480mL",
    "WOW Price": 15,
    "WOW Size": "480mL",
    "WOW ppu": "$15.00 / 1EA"
  },
  {
    "Brand_Product_Size": "Mckenzie's Pancake Flour 400g",
    "WOW Price": 3.6,
    "WOW Size": "400g",
    "WOW ppu": "$0.90 / 100G"
  },
  {
    "Brand_Product_Size": "Birds Eye Deli Flathead Fish Bites Crisp Light Batter 250g",
    "WOW Price": 7.2,
    "WOW Size": "250g",
    "WOW ppu": "$28.80 / 1KG"
  },
  {
    "Brand_Product_Size": "Masterfoods Horseradish Cream 175g",
    "WOW Price": 2.5,
    "WOW Size": "175g",
    "WOW ppu": "$1.43 / 100G"
  },
  {
    "Brand_Product_Size": "Vagisil Daily Intimate Wash White Jasmine 354mL",
    "WOW Price": 8,
    "WOW Size": "354mL",
    "WOW ppu": "$2.26 / 100ML"
  },
  {
    "Brand_Product_Size": "Kellogg's Rice Bubbles Puffed Rice Breakfast Cereal 880g",
    "WOW Price": 7.5,
    "WOW Size": "880g",
    "WOW ppu": "$0.85 / 100G"
  },
  {
    "Brand_Product_Size": "Gippsland Passionfruit Twist Yoghurt 160g",
    "WOW Price": 2,
    "WOW Size": "160g",
    "WOW ppu": "$1.25 / 100G"
  },
  {
    "Brand_Product_Size": "The Collective Probiotic Kefir Kids Yoghurt Pouch Mango 100g",
    "WOW Price": 1.2,
    "WOW Size": "100g",
    "WOW ppu": "$1.20 / 100G"
  },
  {
    "Brand_Product_Size": "A2 Platinum Premium Junior Milk Drink Stage 4 From 3 Years+ 900g",
    "WOW Price": 33.6,
    "WOW Size": "900g",
    "WOW ppu": "$3.73 / 100G"
  },
  {
    "Brand_Product_Size": "Nyal Decongestant Nasal Spray 15mL",
    "WOW Price": 9,
    "WOW Size": "15mL",
    "WOW ppu": "$60.00 / 100ML"
  },
  {
    "Brand_Product_Size": "Stayfree Pads Ultra Thin Regular Wings 24 pack",
    "WOW Price": 7.25,
    "WOW Size": "24 pack",
    "WOW ppu": "$0.30 / 1EA"
  },
  {
    "Brand_Product_Size": "Golden Circle Breakfast Juice 2L",
    "WOW Price": 2.7,
    "WOW Size": "2L",
    "WOW ppu": "$1.35 / 1L"
  },
  {
    "Brand_Product_Size": "Queen Rose Pink Food Colour 50mL",
    "WOW Price": 1.1,
    "WOW Size": "50mL",
    "WOW ppu": "$0.22 / 10ML"
  },
  {
    "Brand_Product_Size": "Disney Frozen 2in1 Body Wash & Bubble Bath Cotton Snow 700mL",
    "WOW Price": 7,
    "WOW Size": "700mL",
    "WOW ppu": "$1.00 / 100ML"
  },
  {
    "Brand_Product_Size": "Schwarzkopf Colour Specialist 10.1 Cool Ultra Light Blonde each",
    "WOW Price": 9.5,
    "WOW Size": "each",
    "WOW ppu": "$9.50 / 1EA"
  },
  {
    "Brand_Product_Size": "Campbell's Country Ladle Farmhouse Vegetable 495g",
    "WOW Price": 1.75,
    "WOW Size": "495g",
    "WOW ppu": "$0.35 / 100G"
  },
  {
    "Brand_Product_Size": "Sorbent Toilet Tissue Hypo Allergenic 20 pack",
    "WOW Price": 9.5,
    "WOW Size": "20 pack",
    "WOW ppu": "$0.26 / 100SS"
  },
  {
    "Brand_Product_Size": "Macro Organic Gluten Free Spirals 350g",
    "WOW Price": 3,
    "WOW Size": "350g",
    "WOW ppu": "$0.86 / 100G"
  },
  {
    "Brand_Product_Size": "Swisse Ultiboost Memory Focus Tabs 50 pack",
    "WOW Price": 14.5,
    "WOW Size": "50 pack",
    "WOW ppu": "$29.00 / 100EA"
  },
  {
    "Brand_Product_Size": "Panadol Rapid For Pain Relief Paracetamol 500 Mg 10 pack",
    "WOW Price": 3.3,
    "WOW Size": "10 pack",
    "WOW ppu": "$0.33 / 1EA"
  },
  {
    "Brand_Product_Size": "Underworks Kids Low Cut Socks Assorted 5 pack",
    "WOW Price": 10,
    "WOW Size": "5 pack",
    "WOW ppu": ""
  },
  {
    "Brand_Product_Size": "Spc Peaches Sliced In Juice 825g",
    "WOW Price": 2.8,
    "WOW Size": "825g",
    "WOW ppu": "$3.39 / 1KG"
  },
  {
    "Brand_Product_Size": "Eskal Gluten Free Biscuits Wafers Lemon Gluten Free 200g",
    "WOW Price": 4,
    "WOW Size": "200g",
    "WOW ppu": "$2.00 / 100G"
  },
  {
    "Brand_Product_Size": "Clean Laundry Powder Oriental Kiss 2kg",
    "WOW Price": 5.5,
    "WOW Size": "2kg",
    "WOW ppu": "$2.75 / 1KG"
  },
  {
    "Brand_Product_Size": "Supercoat Adult Senior Fish Dry Dog Food 3kg",
    "WOW Price": 15.5,
    "WOW Size": "3kg",
    "WOW ppu": "$0.52 / 100G"
  },
  {
    "Brand_Product_Size": "Lurpak Butter Block Slightly Salted 500g",
    "WOW Price": 7,
    "WOW Size": "500g",
    "WOW ppu": "$0.90 / 100G"
  },
  {
    "Brand_Product_Size": "Nando's Perinaise Garlic Peri-peri Mayonnaise Medium 265g",
    "WOW Price": 3.9,
    "WOW Size": "265g",
    "WOW ppu": "$1.47 / 100G"
  },
  {
    "Brand_Product_Size": "Golden Circle Golden Pash Fruit Drink 1L",
    "WOW Price": 2.25,
    "WOW Size": "1L",
    "WOW ppu": "$2.25 / 1L"
  },
  {
    "Brand_Product_Size": "B.box Drink Bottle Straw & Cleaner Pack each",
    "WOW Price": 9,
    "WOW Size": "each",
    "WOW ppu": "$9.00 / 1EA"
  },
  {
    "Brand_Product_Size": "Decor Go Snack Cooler Insulated Bag Assorted each",
    "WOW Price": 4,
    "WOW Size": "each",
    "WOW ppu": ""
  },
  {
    "Brand_Product_Size": "Rexona Women Clinical Shower Clean 180mL",
    "WOW Price": 5,
    "WOW Size": "180mL",
    "WOW ppu": "$2.78 / 100ML"
  },
  {
    "Brand_Product_Size": "Bellamy's Organic Infant Baby Formula Stage 1 From Birth To 6 Mo 900g",
    "WOW Price": 32,
    "WOW Size": "900g",
    "WOW ppu": "$3.56 / 100G"
  },
  {
    "Brand_Product_Size": "Olina's Artisan Cracker Fig And Black Olive 100g",
    "WOW Price": 3.5,
    "WOW Size": "100g",
    "WOW ppu": "$3.50 / 100G"
  },
  {
    "Brand_Product_Size": "Vitapet Chewz Rabbit Ears With Chicken Paste 220g",
    "WOW Price": 18,
    "WOW Size": "220g",
    "WOW ppu": "$8.18 / 100G"
  },
  {
    "Brand_Product_Size": "Oral-b Sensitivity & Gum All Day Protection Toothpaste Mint 90g",
    "WOW Price": 8,
    "WOW Size": "90g",
    "WOW ppu": "$8.89 / 100G"
  },
  {
    "Brand_Product_Size": "Select Scrubbing Brush each",
    "WOW Price": 4.5,
    "WOW Size": "each",
    "WOW ppu": "$4.50 / 1EA"
  },
  {
    "Brand_Product_Size": "Bio Cheese Cheddar Slices 200g",
    "WOW Price": 6.75,
    "WOW Size": "200g",
    "WOW ppu": "$33.75 / 1KG"
  },
  {
    "Brand_Product_Size": "Bio Cheese Cheddar Slices 200g",
    "WOW Price": 6.75,
    "WOW Size": "200g",
    "WOW ppu": "$33.75 / 1KG"
  },
  {
    "Brand_Product_Size": "Nestle Bakers' Choice Milk Choc Melts 290g",
    "WOW Price": 3.85,
    "WOW Size": "290g",
    "WOW ppu": "$1.33 / 100G"
  },
  {
    "Brand_Product_Size": "Ayam Blackbean Sauce 210mL",
    "WOW Price": 3.5,
    "WOW Size": "210mL",
    "WOW ppu": "$1.67 / 100ML"
  },
  {
    "Brand_Product_Size": "Doritos Corn Chips Nacho Cheese Share Pack 170g",
    "WOW Price": 2.75,
    "WOW Size": "170g",
    "WOW ppu": "$1.62 / 100G"
  },
  {
    "Brand_Product_Size": "Nudie Nothing But Carrot, Orange, Apple & Ginger 2L",
    "WOW Price": 6.5,
    "WOW Size": "2L",
    "WOW ppu": "$3.25 / 1L"
  },
  {
    "Brand_Product_Size": "Moro Olive Oil 4L",
    "WOW Price": 29,
    "WOW Size": "4L",
    "WOW ppu": "$0.73 / 100ML"
  },
  {
    "Brand_Product_Size": "Obela Hommus Garnished With Roasted Pinenut 220g",
    "WOW Price": 4,
    "WOW Size": "220g",
    "WOW ppu": "$1.82 / 100G"
  },
  {
    "Brand_Product_Size": "Mdh Kichen King 100g",
    "WOW Price": 2.5,
    "WOW Size": "100g",
    "WOW ppu": "$2.50 / 100G"
  },
  {
    "Brand_Product_Size": "Bulla Murray Street Caramelised Peanut Brittle 4 pack",
    "WOW Price": 5,
    "WOW Size": "4 pack",
    "WOW ppu": "$1.25 / 100ML"
  },
  {
    "Brand_Product_Size": "Cadbury Raspberry Mini Rolls Mini Rolls 5 pack",
    "WOW Price": 1.87,
    "WOW Size": "5 pack",
    "WOW ppu": "$0.37 / 1EA"
  },
  {
    "Brand_Product_Size": "Smith's Crinkle Cut Chips Salt & Vinegar Party Size 380g",
    "WOW Price": 7,
    "WOW Size": "380g",
    "WOW ppu": "$1.84 / 100G"
  },
  {
    "Brand_Product_Size": "Decor Go Lunch Box Divided 2.7l each",
    "WOW Price": 7.5,
    "WOW Size": "each",
    "WOW ppu": ""
  },
  {
    "Brand_Product_Size": "Cottee's Cordial Orange 1L",
    "WOW Price": 4.2,
    "WOW Size": "1L",
    "WOW ppu": "$4.20 / 1L"
  },
  {
    "Brand_Product_Size": "Moro Olive Oil 1L",
    "WOW Price": 12,
    "WOW Size": "1L",
    "WOW ppu": "$1.20 / 100ML"
  },
  {
    "Brand_Product_Size": "Kiwi Express Shoe Polish Neutral 6mL",
    "WOW Price": 6.5,
    "WOW Size": "6mL",
    "WOW ppu": "$92.86 / 100ML"
  },
  {
    "Brand_Product_Size": "Madura Premium Blend Tea 200g",
    "WOW Price": 5.35,
    "WOW Size": "200g",
    "WOW ppu": "$2.68 / 100G"
  },
  {
    "Brand_Product_Size": "Madura Premium Blend Tea 200g",
    "WOW Price": 5.35,
    "WOW Size": "200g",
    "WOW ppu": "$2.68 / 100G"
  },
  {
    "Brand_Product_Size": "Cococoast Natural Coconut Water Strawberry 500mL",
    "WOW Price": 2.5,
    "WOW Size": "500mL",
    "WOW ppu": "$5.00 / 1L"
  },
  {
    "Brand_Product_Size": "Total Care Dog Shampoo Flea Control 350mL",
    "WOW Price": 14,
    "WOW Size": "350mL",
    "WOW ppu": "$4.00 / 100ML"
  },
  {
    "Brand_Product_Size": "Dairyworks Cheddar Cheese Burger Slices 200g",
    "WOW Price": 4.5,
    "WOW Size": "200g",
    "WOW ppu": "$22.50 / 1KG"
  },
  {
    "Brand_Product_Size": "Sanitarium So Good Barista Edition Almond Milk 1L",
    "WOW Price": 4,
    "WOW Size": "1L",
    "WOW ppu": "$4.00 / 1L"
  },
  {
    "Brand_Product_Size": "Sanitarium So Good Barista Edition Almond Milk 1L",
    "WOW Price": 4,
    "WOW Size": "1L",
    "WOW ppu": "$4.00 / 1L"
  },
  {
    "Brand_Product_Size": "Inside Out Barista Almond Unsweetened Uht Milk 1L",
    "WOW Price": 4,
    "WOW Size": "1L",
    "WOW ppu": "$4.00 / 1L"
  },
  {
    "Brand_Product_Size": "Inside Out Barista Almond Unsweetened Uht Milk 1L",
    "WOW Price": 4,
    "WOW Size": "1L",
    "WOW ppu": "$4.00 / 1L"
  },
  {
    "Brand_Product_Size": "Whittaker's Block Jelly Tip 250g",
    "WOW Price": 6,
    "WOW Size": "250g",
    "WOW ppu": "$2.40 / 100G"
  },
  {
    "Brand_Product_Size": "Pain Away Ultra Pro Joint Muscle Pain Relief Cream 125g",
    "WOW Price": 19.2,
    "WOW Size": "125g",
    "WOW ppu": "$15.36 / 100G"
  },
  {
    "Brand_Product_Size": "Crampeze Night Cramps Capsules 60 pack",
    "WOW Price": 19,
    "WOW Size": "60 pack",
    "WOW ppu": "$31.67 / 100EA"
  },
  {
    "Brand_Product_Size": "Deruiter Confectionary Specullas Cookies 400g",
    "WOW Price": 3.99,
    "WOW Size": "400g",
    "WOW ppu": "$1.00 / 100G"
  },
  {
    "Brand_Product_Size": "Pasta Italia Gourmet 4 Cheese Ravioli 400g",
    "WOW Price": 12,
    "WOW Size": "400g",
    "WOW ppu": "$3.00 / 100G"
  },
  {
    "Brand_Product_Size": "Purina Totalcare Maze Kibble Feeder For Dogs each",
    "WOW Price": 14,
    "WOW Size": "each",
    "WOW ppu": "$14.00 / 1EA"
  },
  {
    "Brand_Product_Size": "Libra Extra Sanitary Pads Regular 14 pack",
    "WOW Price": 2.9,
    "WOW Size": "14 pack",
    "WOW ppu": "$0.21 / 1EA"
  },
  {
    "Brand_Product_Size": "Rufus & Coco Dog Seatbelt Attachment each",
    "WOW Price": 25.5,
    "WOW Size": "each",
    "WOW ppu": "$25.50 / 1EA"
  },
  {
    "Brand_Product_Size": "Macro Organic Shredded Coconut 200g",
    "WOW Price": 3.5,
    "WOW Size": "200g",
    "WOW ppu": "$17.50 / 1KG"
  },
  {
    "Brand_Product_Size": "All Smiles Total Care Pro Electric Toothbrush Replacement Heads 2 pack",
    "WOW Price": 9,
    "WOW Size": "2 pack",
    "WOW ppu": "$4.50 / 1EA"
  },
  {
    "Brand_Product_Size": "Essentials Wooden Skirt & Trouser Hanger 3 pack",
    "WOW Price": 6,
    "WOW Size": "3 pack",
    "WOW ppu": ""
  },
  {
    "Brand_Product_Size": "Five Tastes Rice Infusions Nasi Goreng 160g",
    "WOW Price": 4,
    "WOW Size": "160g",
    "WOW ppu": "$2.50 / 100G"
  },
  {
    "Brand_Product_Size": "Mainland Buttersoft Pure Salted Butter 375g",
    "WOW Price": 6.25,
    "WOW Size": "375g",
    "WOW ppu": "$1.67 / 100G"
  },
  {
    "Brand_Product_Size": "Tena Pants For Women Medium 8 pack",
    "WOW Price": 8.75,
    "WOW Size": "8 pack",
    "WOW ppu": "$1.09 / 1EA"
  },
  {
    "Brand_Product_Size": "Cornwell's Apple Cider Vinegar Cider 750mL",
    "WOW Price": 3.4,
    "WOW Size": "750mL",
    "WOW ppu": "$0.45 / 100ML"
  },
  {
    "Brand_Product_Size": "Chicken Tonight Pub Favourites Chicken Kiev Cooking Sauce 500g",
    "WOW Price": 2.5,
    "WOW Size": "500g",
    "WOW ppu": "$0.50 / 100G"
  },
  {
    "Brand_Product_Size": "Kellogg's Corn Flakes Breakfast Cereal 450g",
    "WOW Price": 4.4,
    "WOW Size": "450g",
    "WOW ppu": "$0.98 / 100G"
  },
  {
    "Brand_Product_Size": "Campbell's Country Ladle Canned Soup Beef & Vegetable 500g",
    "WOW Price": 1.75,
    "WOW Size": "500g",
    "WOW ppu": "$0.35 / 100G"
  },
  {
    "Brand_Product_Size": "Riviana Sliced Water Chestnuts 230g",
    "WOW Price": 1.75,
    "WOW Size": "230g",
    "WOW ppu": "$7.61 / 1KG"
  },
  {
    "Brand_Product_Size": "Don Salami Danish Mild Sliced 180g",
    "WOW Price": 6.4,
    "WOW Size": "180g",
    "WOW ppu": "$35.56 / 1KG"
  },
  {
    "Brand_Product_Size": "Essentials Cling Wrap 300m",
    "WOW Price": 6.75,
    "WOW Size": "300m",
    "WOW ppu": "$0.02 / 1M"
  },
  {
    "Brand_Product_Size": "Essentials Cling Wrap 300m",
    "WOW Price": 6.75,
    "WOW Size": "300m",
    "WOW ppu": "$0.02 / 1M"
  },
  {
    "Brand_Product_Size": "Quilton Cooling Lotion 3 Ply Facial Tissue 95 pack",
    "WOW Price": 2.6,
    "WOW Size": "95 pack",
    "WOW ppu": "$2.74 / 100SS"
  },
  {
    "Brand_Product_Size": "Quilton Cooling Lotion 3 Ply Facial Tissue 95 pack",
    "WOW Price": 2.6,
    "WOW Size": "95 pack",
    "WOW ppu": "$2.74 / 100SS"
  },
  {
    "Brand_Product_Size": "Atkins Endulge Caramel Nougat 35g",
    "WOW Price": 3,
    "WOW Size": "35g",
    "WOW ppu": "$8.57 / 100G"
  },
  {
    "Brand_Product_Size": "Papa Giuseppi's Deep Pan Bakehouse Crust Hawaiian 392g",
    "WOW Price": 7.5,
    "WOW Size": "392g",
    "WOW ppu": "$1.91 / 100G"
  },
  {
    "Brand_Product_Size": "Skyn Condoms Skyn Extra Lubricated 10 pack",
    "WOW Price": 10,
    "WOW Size": "10 pack",
    "WOW ppu": "$1.00 / 1EA"
  },
  {
    "Brand_Product_Size": "Revlon Mineral Powder Make Up Light/medium 28.3g",
    "WOW Price": 15,
    "WOW Size": "28.3g",
    "WOW ppu": "$5.30 / 10G"
  },
  {
    "Brand_Product_Size": "Energizer Ha 13 Ez Turn & Lock 8ea",
    "WOW Price": 10,
    "WOW Size": "8ea",
    "WOW ppu": "$1.25 / 1EA"
  },
  {
    "Brand_Product_Size": "Pringles Minis Chicken Flavour Chips Multipack 5 pack",
    "WOW Price": 3.2,
    "WOW Size": "5 pack",
    "WOW ppu": "$3.37 / 100G"
  },
  {
    "Brand_Product_Size": "Kellogg's Froot Loops Breakfast Cereal 285g",
    "WOW Price": 5.7,
    "WOW Size": "285g",
    "WOW ppu": "$2.00 / 100G"
  },
  {
    "Brand_Product_Size": "Band-aid Waterproof Aquablock Sterile Strips 40 pack",
    "WOW Price": 6,
    "WOW Size": "40 pack",
    "WOW ppu": "$0.15 / 1EA"
  },
  {
    "Brand_Product_Size": "Bonds Zip Wondersuit Size 000 each",
    "WOW Price": 14.4,
    "WOW Size": "each",
    "WOW ppu": ""
  },
  {
    "Brand_Product_Size": "Quilton Toilet Tissue 3 Ply White 180 Sheets 24 pack",
    "WOW Price": 12,
    "WOW Size": "24 pack",
    "WOW ppu": "$0.28 / 100SS"
  },
  {
    "Brand_Product_Size": "Jackson Usb Charger - 2x Usb-a + 2xusb-c each",
    "WOW Price": 25,
    "WOW Size": "each",
    "WOW ppu": ""
  },
  {
    "Brand_Product_Size": "Bisto Ingredients Original Beef Gravy 170g",
    "WOW Price": 6,
    "WOW Size": "170g",
    "WOW ppu": "$3.53 / 100G"
  },
  {
    "Brand_Product_Size": "Barilla Spaghetti No 7 Pasta Spaghettoni 500g",
    "WOW Price": 2.4,
    "WOW Size": "500g",
    "WOW ppu": "$0.48 / 100G"
  },
  {
    "Brand_Product_Size": "Mcobeauty Matte Lipstick Bliss 3g",
    "WOW Price": 4.5,
    "WOW Size": "3g",
    "WOW ppu": "$15.00 / 10G"
  },
  {
    "Brand_Product_Size": "L'oreal Paris Preference 10.21 Alaska Pearl Blonde each",
    "WOW Price": 11.4,
    "WOW Size": "each",
    "WOW ppu": ""
  },
  {
    "Brand_Product_Size": "Underworks Baby Terry Turnover Top Socks Assorted 2 pack",
    "WOW Price": 6,
    "WOW Size": "2 pack",
    "WOW ppu": ""
  },
  {
    "Brand_Product_Size": "Woolworths Peas Peas 1kg",
    "WOW Price": 2.9,
    "WOW Size": "1kg",
    "WOW ppu": "$2.90 / 1KG"
  },
  {
    "Brand_Product_Size": "Dole Tropical Gold Pineapple Chunks In Juice 400g",
    "WOW Price": 1.8,
    "WOW Size": "400g",
    "WOW ppu": "$4.50 / 1KG"
  },
  {
    "Brand_Product_Size": "Colgate Optic White Overnight Teeth Whitening Treatment 2.5mL",
    "WOW Price": 35,
    "WOW Size": "2.5mL",
    "WOW ppu": "$35.00 / 1EA"
  },
  {
    "Brand_Product_Size": "Decor Match-ups Oblong Container 3l each",
    "WOW Price": 9,
    "WOW Size": "each",
    "WOW ppu": ""
  },
  {
    "Brand_Product_Size": "Purina Totalcare Fashion Dog Lead 120cm Assorted each",
    "WOW Price": 20,
    "WOW Size": "each",
    "WOW ppu": "$20.00 / 1EA"
  },
  {
    "Brand_Product_Size": "Applaws Cat Food Chicken Breast Tins 70g",
    "WOW Price": 2,
    "WOW Size": "70g",
    "WOW ppu": "$2.86 / 100G"
  },
  {
    "Brand_Product_Size": "Nature's Way Activated Curcumin 30 pack",
    "WOW Price": 27,
    "WOW Size": "30 pack",
    "WOW ppu": "$90.00 / 100EA"
  },
  {
    "Brand_Product_Size": "Dollar Sweets Party Cups 18 18 pack",
    "WOW Price": 3.5,
    "WOW Size": "18 pack",
    "WOW ppu": "$350.00 / 100EA"
  },
  {
    "Brand_Product_Size": "Sally Hansen Xtreme Wear Lacey Lilac each",
    "WOW Price": 3.5,
    "WOW Size": "each",
    "WOW ppu": "$2.92 / 10ML"
  },
  {
    "Brand_Product_Size": "Toscano Madeleines Traditional French Sponge Cake 11 pack",
    "WOW Price": 4.5,
    "WOW Size": "11 pack",
    "WOW ppu": "$1.50 / 100G"
  },
  {
    "Brand_Product_Size": "Sistema Lunch Cube Max To Go each",
    "WOW Price": 10,
    "WOW Size": "each",
    "WOW ppu": ""
  },
  {
    "Brand_Product_Size": "Sistema Lunch Cube Max To Go each",
    "WOW Price": 10,
    "WOW Size": "each",
    "WOW ppu": ""
  },
  {
    "Brand_Product_Size": "Maybelline Tattoo Brow 36hr Pencil Medium Brown 5mL",
    "WOW Price": 11.5,
    "WOW Size": "5mL",
    "WOW ppu": "$23.00 / 10ML"
  },
  {
    "Brand_Product_Size": "Sanofi Shave Cream 75g",
    "WOW Price": 2.5,
    "WOW Size": "75g",
    "WOW ppu": "$3.33 / 100G"
  },
  {
    "Brand_Product_Size": "Brown Brothers Prosecco Nv 24x200mL",
    "WOW Price": 99,
    "WOW Size": "24x200mL",
    "WOW ppu": ""
  },
  {
    "Brand_Product_Size": "Bulldog Original Steel Blades Refills 4 pack",
    "WOW Price": 9,
    "WOW Size": "4 pack",
    "WOW ppu": "$9.00 / 1EA"
  },
  {
    "Brand_Product_Size": "Mcguigan Alcohol Free Rose 750mL",
    "WOW Price": 11.5,
    "WOW Size": "750mL",
    "WOW ppu": "$15.33 / 1L"
  },
  {
    "Brand_Product_Size": "Atkins Day Break Bar Cappuccino 5x37g",
    "WOW Price": 11.5,
    "WOW Size": "5x37g",
    "WOW ppu": "$6.22 / 100G"
  },
  {
    "Brand_Product_Size": "Hygiene Plus Second Skins Disposable Gloves 75 pack",
    "WOW Price": 13.5,
    "WOW Size": "75 pack",
    "WOW ppu": "$0.18 / 1EA"
  },
  {
    "Brand_Product_Size": "Woolworths Beetroot Wafer Crackers 100g",
    "WOW Price": 2,
    "WOW Size": "100g",
    "WOW ppu": "$2.00 / 100G"
  },
  {
    "Brand_Product_Size": "Metamucil Daily Fibre Supplement Wild Berry Smooth 72 Doses 425g",
    "WOW Price": 19.5,
    "WOW Size": "425g",
    "WOW ppu": "$4.59 / 100G"
  },
  {
    "Brand_Product_Size": "Sanitarium Up&go Liquid Breakfast Caramel 12 pack",
    "WOW Price": 14,
    "WOW Size": "12 pack",
    "WOW ppu": "$4.67 / 1L"
  },
  {
    "Brand_Product_Size": "Sanitarium Up&go Liquid Breakfast Caramel 12 pack",
    "WOW Price": 14,
    "WOW Size": "12 pack",
    "WOW ppu": "$4.67 / 1L"
  },
  {
    "Brand_Product_Size": "Centrum Energise & Go Hard Capsules 50 pack",
    "WOW Price": 20,
    "WOW Size": "50 pack",
    "WOW ppu": "$40.00 / 100EA"
  },
  {
    "Brand_Product_Size": "Lo-fo Pantry Low Fodmap Plain Flour 1kg",
    "WOW Price": 5,
    "WOW Size": "1kg",
    "WOW ppu": "$5.00 / 1KG"
  },
  {
    "Brand_Product_Size": "Peters Light & Creamy Classic Vanilla Ice Cream Slices 12 pack",
    "WOW Price": 8,
    "WOW Size": "12 pack",
    "WOW ppu": "$0.67 / 100ML"
  },
  {
    "Brand_Product_Size": "The Collective Probiotic Kefir Pourable Yoghurt Mango Turmeric 700g",
    "WOW Price": 5,
    "WOW Size": "700g",
    "WOW ppu": "$0.71 / 100G"
  },
  {
    "Brand_Product_Size": "Campbell's Real Chicken Liquid Stock Salt Reduced 500mL",
    "WOW Price": 2.29,
    "WOW Size": "500mL",
    "WOW ppu": "$0.46 / 100ML"
  },
  {
    "Brand_Product_Size": "Red Rock Deli Potato Chips Maple Glazed Bacon & Cheddar 165g",
    "WOW Price": 4.65,
    "WOW Size": "165g",
    "WOW ppu": "$3.10 / 100G"
  },
  {
    "Brand_Product_Size": "Oatly Organic Creamy Oat 250mL",
    "WOW Price": 3,
    "WOW Size": "250mL",
    "WOW ppu": "$1.20 / 100ML"
  },
  {
    "Brand_Product_Size": "Mutti Passata Gastronomia Baby Roma Tomatoes 400g",
    "WOW Price": 3.6,
    "WOW Size": "400g",
    "WOW ppu": "$0.90 / 100G"
  },
  {
    "Brand_Product_Size": "Rimmel Match Perfection Foundation 100 Ivory 30mL",
    "WOW Price": 9.5,
    "WOW Size": "30mL",
    "WOW ppu": "$3.17 / 10ML"
  },
  {
    "Brand_Product_Size": "Old El Paso Taco Shells Stand N Stuff 10 pack",
    "WOW Price": 3.95,
    "WOW Size": "10 pack",
    "WOW ppu": "$2.82 / 100G"
  },
  {
    "Brand_Product_Size": "Dollar Sweets Choclettes Sprinkles Jar 115g",
    "WOW Price": 3.5,
    "WOW Size": "115g",
    "WOW ppu": "$3.04 / 100G"
  },
  {
    "Brand_Product_Size": "M&m's Mint Medium Pouch 160g",
    "WOW Price": 2.25,
    "WOW Size": "160g",
    "WOW ppu": "$1.41 / 100G"
  },
  {
    "Brand_Product_Size": "Philips Led Globe Cool Daylight 806 Lumen Bc Base each",
    "WOW Price": 8,
    "WOW Size": "each",
    "WOW ppu": "$8.00 / 1EA"
  },
  {
    "Brand_Product_Size": "Remedy Organic Kombucha Peach 750mL",
    "WOW Price": 5,
    "WOW Size": "750mL",
    "WOW ppu": "$6.67 / 1L"
  },
  {
    "Brand_Product_Size": "Pura Double Cream 300mL",
    "WOW Price": 6.15,
    "WOW Size": "300mL",
    "WOW ppu": "$2.05 / 100ML"
  },
  {
    "Brand_Product_Size": "Pringles Minis Sour Cream & Onion Chips Multi 19g x5 pack",
    "WOW Price": 3.2,
    "WOW Size": "19g x5 pack",
    "WOW ppu": "$3.37 / 100G"
  },
  {
    "Brand_Product_Size": "Slendier Slim Rice Style Style 400g",
    "WOW Price": 3.9,
    "WOW Size": "400g",
    "WOW ppu": "$0.98 / 100G"
  },
  {
    "Brand_Product_Size": "Canon Printer Ink Cli651x Yellow each",
    "WOW Price": 25.2,
    "WOW Size": "each",
    "WOW ppu": ""
  },
  {
    "Brand_Product_Size": "3m Command Picture Hanging Strips Combo Small And Medium each",
    "WOW Price": 18,
    "WOW Size": "each",
    "WOW ppu": ""
  },
  {
    "Brand_Product_Size": "Macro Natural Cashew Spread 250g",
    "WOW Price": 8,
    "WOW Size": "250g",
    "WOW ppu": "$3.20 / 100G"
  },
  {
    "Brand_Product_Size": "Body Science High Protein Bar Peanut Caramel 60g",
    "WOW Price": 4,
    "WOW Size": "60g",
    "WOW ppu": "$6.67 / 100G"
  },
  {
    "Brand_Product_Size": "Gourmet Garden Paste Thai 80g tube",
    "WOW Price": 3.5,
    "WOW Size": "80g tube",
    "WOW ppu": "$4.38 / 100G"
  },
  {
    "Brand_Product_Size": "Gourmet Garden Paste Thai 80g tube",
    "WOW Price": 3.5,
    "WOW Size": "80g tube",
    "WOW ppu": "$4.38 / 100G"
  },
  {
    "Brand_Product_Size": "Mccain Pizza Slice Meatlovers 600g",
    "WOW Price": 7.5,
    "WOW Size": "600g",
    "WOW ppu": "$1.25 / 100G"
  },
  {
    "Brand_Product_Size": "Woolworths Raspberry Jelly 4 pack",
    "WOW Price": 2.2,
    "WOW Size": "4 pack",
    "WOW ppu": "$4.58 / 1KG"
  },
  {
    "Brand_Product_Size": "Latina Fresh Gluten Free Lasagne Sheets 280g",
    "WOW Price": 7,
    "WOW Size": "280g",
    "WOW ppu": "$2.50 / 100G"
  },
  {
    "Brand_Product_Size": "Woolworths Cook Pork Belly Ribs Brown Sugar & Paprika 320g - 420g",
    "WOW Price": 10.5,
    "WOW Size": "320g - 420g",
    "WOW ppu": "$62.50 / 1KG"
  },
  {
    "Brand_Product_Size": "Woolworths Meat Pie Single Pack 150g",
    "WOW Price": 0.8,
    "WOW Size": "150g",
    "WOW ppu": "$0.53 / 100G"
  },
  {
    "Brand_Product_Size": "Woolworths Double Unfilled Sponge 460g",
    "WOW Price": 5,
    "WOW Size": "460g",
    "WOW ppu": "$1.09 / 100G"
  },
  {
    "Brand_Product_Size": "Primo Chicken Dippers Tomato Sauce 85g",
    "WOW Price": 4,
    "WOW Size": "85g",
    "WOW ppu": "$47.06 / 1KG"
  },
  {
    "Brand_Product_Size": "Jason Insulux Fully Fitted Electric Blanket Double each",
    "WOW Price": 45,
    "WOW Size": "each",
    "WOW ppu": ""
  },
  {
    "Brand_Product_Size": "Jackson Protected Powerboard W Master Switch And Long 3 Metre Lead each",
    "WOW Price": 28,
    "WOW Size": "each",
    "WOW ppu": ""
  },
  {
    "Brand_Product_Size": "Depend Female Underwear Super Large 8 pack",
    "WOW Price": 17,
    "WOW Size": "8 pack",
    "WOW ppu": "$2.13 / 1EA"
  },
  {
    "Brand_Product_Size": "Woolworths Citrus Juice Lime 250mL",
    "WOW Price": 1,
    "WOW Size": "250mL",
    "WOW ppu": "$0.40 / 100ML"
  },
  {
    "Brand_Product_Size": "Duck Foaming Bleach Gel Marine 750mL",
    "WOW Price": 5,
    "WOW Size": "750mL",
    "WOW ppu": "$0.67 / 100ML"
  },
  {
    "Brand_Product_Size": "Sard Wonder Stain Remover Stick 100g",
    "WOW Price": 5,
    "WOW Size": "100g",
    "WOW ppu": "$50.00 / 1KG"
  },
  {
    "Brand_Product_Size": "Lakanto Monkfruit Sweetener Golden 200g",
    "WOW Price": 8.9,
    "WOW Size": "200g",
    "WOW ppu": "$4.45 / 100G"
  },
  {
    "Brand_Product_Size": "Cover Girl & Olay Simply Ageless Foundation 220 Creamy Natural 12g",
    "WOW Price": 12.75,
    "WOW Size": "12g",
    "WOW ppu": "$10.63 / 10G"
  },
  {
    "Brand_Product_Size": "Revlon Ultra Hd Matte Lipcolor Seduction Lipstick 5.9mL",
    "WOW Price": 12.5,
    "WOW Size": "5.9mL",
    "WOW ppu": "$21.19 / 10ML"
  },
  {
    "Brand_Product_Size": "Pauls Farmhouse Gold Full Cream Milk Unhomogenised 1.5L",
    "WOW Price": 3.45,
    "WOW Size": "1.5L",
    "WOW ppu": "$2.30 / 1L"
  },
  {
    "Brand_Product_Size": "Woolworths Liquorice Twists Black 300g",
    "WOW Price": 2,
    "WOW Size": "300g",
    "WOW ppu": "$0.67 / 100G"
  },
  {
    "Brand_Product_Size": "Xstreem 16 Led Flashlight each",
    "WOW Price": 18.5,
    "WOW Size": "each",
    "WOW ppu": ""
  },
  {
    "Brand_Product_Size": "Brancourts Cottage Cheese Lactose Free 250g",
    "WOW Price": 5,
    "WOW Size": "250g",
    "WOW ppu": "$20.00 / 1KG"
  },
  {
    "Brand_Product_Size": "Brancourts Cottage Cheese Lactose Free 250g",
    "WOW Price": 5,
    "WOW Size": "250g",
    "WOW ppu": "$20.00 / 1KG"
  },
  {
    "Brand_Product_Size": "Palirria European Foods Baked Giant Beans 280g",
    "WOW Price": 4.25,
    "WOW Size": "280g",
    "WOW ppu": "$1.52 / 100G"
  },
  {
    "Brand_Product_Size": "Casablanca Fresh Whole Dates 5kg",
    "WOW Price": 55,
    "WOW Size": "5kg",
    "WOW ppu": "$11.00 / 1KG"
  },
  {
    "Brand_Product_Size": "Woolworths Crunchy Natural Almonds 400g",
    "WOW Price": 9,
    "WOW Size": "400g",
    "WOW ppu": "$22.50 / 1KG"
  },
  {
    "Brand_Product_Size": "Thermos Food Jar Assorted 350mL",
    "WOW Price": 25,
    "WOW Size": "350mL",
    "WOW ppu": ""
  },
  {
    "Brand_Product_Size": "Lifestyles Zero Uber Thin Condoms 10 pack",
    "WOW Price": 10,
    "WOW Size": "10 pack",
    "WOW ppu": "$1.00 / 1EA"
  },
  {
    "Brand_Product_Size": "Biopak Lunch Bionapkins 50 pack",
    "WOW Price": 2.5,
    "WOW Size": "50 pack",
    "WOW ppu": "$0.05 / 1EA"
  },
  {
    "Brand_Product_Size": "Woolworths Fairtrade Nespresso Compatible Coffee Capsules Strong 10 pack",
    "WOW Price": 3.7,
    "WOW Size": "10 pack",
    "WOW ppu": "$0.37 / 1EA"
  },
  {
    "Brand_Product_Size": "Woolworths Fairtrade Nespresso Compatible Coffee Capsules Strong 10 pack",
    "WOW Price": 3.7,
    "WOW Size": "10 pack",
    "WOW ppu": "$0.37 / 1EA"
  },
  {
    "Brand_Product_Size": "Mint Stainless Steel Egg Timer each",
    "WOW Price": 8,
    "WOW Size": "each",
    "WOW ppu": ""
  },
  {
    "Brand_Product_Size": "Pauls Milky Max Custard Strawberry Strawberry 70g",
    "WOW Price": 1.5,
    "WOW Size": "70g",
    "WOW ppu": "$2.14 / 100G"
  },
  {
    "Brand_Product_Size": "Life Space Probiotic For 60+ Years 40 pack",
    "WOW Price": 22,
    "WOW Size": "40 pack",
    "WOW ppu": "$55.00 / 100EA"
  },
  {
    "Brand_Product_Size": "Hubbards Raspberry & Cacao Toasted Clusters 450g",
    "WOW Price": 7,
    "WOW Size": "450g",
    "WOW ppu": "$1.56 / 100G"
  },
  {
    "Brand_Product_Size": "Rafferty's Garden Food 10 Months Bolognese With Macaroni 170g",
    "WOW Price": 2.45,
    "WOW Size": "170g",
    "WOW ppu": "$1.44 / 100G"
  },
  {
    "Brand_Product_Size": "Steggles Chicken Pieces Flaming Wing Nibbles Spicy 1kg",
    "WOW Price": 11,
    "WOW Size": "1kg",
    "WOW ppu": "$11.00 / 1KG"
  },
  {
    "Brand_Product_Size": "Coco & Lucas' Plant Based Meat Free Lasagne 350g",
    "WOW Price": 6.5,
    "WOW Size": "350g",
    "WOW ppu": "$1.86 / 100G"
  },
  {
    "Brand_Product_Size": "Armada Premium Mini Forks Assorted 50 pack",
    "WOW Price": 4.42,
    "WOW Size": "50 pack",
    "WOW ppu": "$0.09 / 1EA"
  },
  {
    "Brand_Product_Size": "Aussie Bodies Hplc Bar Chocolate 100g",
    "WOW Price": 4,
    "WOW Size": "100g",
    "WOW ppu": "$4.00 / 100G"
  },
  {
    "Brand_Product_Size": "Woolworths For Kids Boys Underwear Basic Briefs Size 2-3 5 pack",
    "WOW Price": 8,
    "WOW Size": "5 pack",
    "WOW ppu": ""
  },
  {
    "Brand_Product_Size": "Bonds Womens Comfy Crop M Size M each",
    "WOW Price": 16,
    "WOW Size": "each",
    "WOW ppu": ""
  },
  {
    "Brand_Product_Size": "Razzamatazz Luxe Knee Hi One Size Soft Black each",
    "WOW Price": 6,
    "WOW Size": "each",
    "WOW ppu": ""
  },
  {
    "Brand_Product_Size": "Mother Sugar Free Energy Drink 500mL x4 pack",
    "WOW Price": 6.85,
    "WOW Size": "500mL x4 pack",
    "WOW ppu": "$3.43 / 1L"
  },
  {
    "Brand_Product_Size": "Woolworths Vintage Cheese & Antipasto Platter 300g",
    "WOW Price": 13.5,
    "WOW Size": "300g",
    "WOW ppu": "$45.00 / 1KG"
  },
  {
    "Brand_Product_Size": "Starbucks By Nespresso Single Origin Colombia Coffee Pods 10 pack",
    "WOW Price": 5,
    "WOW Size": "10 pack",
    "WOW ppu": "$0.50 / 1EA"
  },
  {
    "Brand_Product_Size": "Starbucks By Nespresso Single Origin Colombia Coffee Pods 10 pack",
    "WOW Price": 5,
    "WOW Size": "10 pack",
    "WOW ppu": "$0.50 / 1EA"
  },
  {
    "Brand_Product_Size": "Oral-b Prohealth Protect Toothpaste 200g",
    "WOW Price": 8,
    "WOW Size": "200g",
    "WOW ppu": "$4.00 / 100G"
  },
  {
    "Brand_Product_Size": "Chef's Choice Himalayan Pink Rock Salt With Whole Black Pepper 200g",
    "WOW Price": 6,
    "WOW Size": "200g",
    "WOW ppu": "$0.30 / 10G"
  },
  {
    "Brand_Product_Size": "Difflam Plus Sore Throat Lozenges Blackcurrant Anaesthetic 16 pack",
    "WOW Price": 8,
    "WOW Size": "16 pack",
    "WOW ppu": "$0.50 / 1EA"
  },
  {
    "Brand_Product_Size": "Woolworths Sweet Potato & Rosemary Wafer Crackers 100g",
    "WOW Price": 2,
    "WOW Size": "100g",
    "WOW ppu": "$2.00 / 100G"
  },
  {
    "Brand_Product_Size": "Heinz Spaghetti Tomato Sauce & Cheese 3x220g",
    "WOW Price": 4,
    "WOW Size": "3x220g",
    "WOW ppu": "$0.61 / 100G"
  },
  {
    "Brand_Product_Size": "Olsent Led Filament Gls Bc 6.5w 810lm 2 pack",
    "WOW Price": 10,
    "WOW Size": "2 pack",
    "WOW ppu": "$5.00 / 1EA"
  },
  {
    "Brand_Product_Size": "Energizer Phone Case Iphone 11 Pro each",
    "WOW Price": 20,
    "WOW Size": "each",
    "WOW ppu": ""
  },
  {
    "Brand_Product_Size": "Fancy Feast Adult Poultry & Beef Sliced Collection Wet Cat Food 85g x12 pack",
    "WOW Price": 14.5,
    "WOW Size": "85g x12 pack",
    "WOW ppu": "$1.42 / 100G"
  },
  {
    "Brand_Product_Size": "Carman's Gourmet Porridge Sachets Apple Sultana & Cinnamon 8x320g",
    "WOW Price": 6,
    "WOW Size": "8x320g",
    "WOW ppu": "$1.88 / 100G"
  },
  {
    "Brand_Product_Size": "Farmers Own Full Cream Milk 3L",
    "WOW Price": 4.5,
    "WOW Size": "3L",
    "WOW ppu": "$1.50 / 1L"
  },
  {
    "Brand_Product_Size": "Chinet Entertaining Cutlery 20 pack",
    "WOW Price": 4,
    "WOW Size": "20 pack",
    "WOW ppu": "$20.00 / 100EA"
  },
  {
    "Brand_Product_Size": "Farmers Union Pouch Strawberry 130g",
    "WOW Price": 1.5,
    "WOW Size": "130g",
    "WOW ppu": "$1.15 / 100G"
  },
  {
    "Brand_Product_Size": "Help@hand Waterproof Strips 20 pack",
    "WOW Price": 2.15,
    "WOW Size": "20 pack",
    "WOW ppu": "$0.11 / 1EA"
  },
  {
    "Brand_Product_Size": "U By Kotex Ultrathin Pads Regular Non Wings 14 pack",
    "WOW Price": 3.2,
    "WOW Size": "14 pack",
    "WOW ppu": "$0.23 / 1EA"
  },
  {
    "Brand_Product_Size": "Jordans Granola Low Sugar Cherry Almond 500g",
    "WOW Price": 7,
    "WOW Size": "500g",
    "WOW ppu": "$1.40 / 100G"
  },
  {
    "Brand_Product_Size": "Woolworths Tasty Cheese & Crackers 120g",
    "WOW Price": 4,
    "WOW Size": "120g",
    "WOW ppu": "$33.33 / 1KG"
  },
  {
    "Brand_Product_Size": "South Cape Marinated Fetta 350g",
    "WOW Price": 10,
    "WOW Size": "350g",
    "WOW ppu": "$28.57 / 1KG"
  },
  {
    "Brand_Product_Size": "South Cape Marinated Fetta 350g",
    "WOW Price": 10,
    "WOW Size": "350g",
    "WOW ppu": "$28.57 / 1KG"
  },
  {
    "Brand_Product_Size": "Tom Organic Tampons Mini 16 pack",
    "WOW Price": 5,
    "WOW Size": "16 pack",
    "WOW ppu": "$0.31 / 1EA"
  },
  {
    "Brand_Product_Size": "Always Fresh Medi Anchovy Fillets 100g",
    "WOW Price": 5,
    "WOW Size": "100g",
    "WOW ppu": "$50.00 / 1KG"
  },
  {
    "Brand_Product_Size": "Keep It Cleaner Egg White Protein Honey Comb Bar 40g",
    "WOW Price": 3.5,
    "WOW Size": "40g",
    "WOW ppu": "$8.75 / 100G"
  },
  {
    "Brand_Product_Size": "Total Care Tasty Chew Heartwormer & Allwormer For Large Dogs 3 pack",
    "WOW Price": 37.5,
    "WOW Size": "3 pack",
    "WOW ppu": "$12.50 / 1EA"
  },
  {
    "Brand_Product_Size": "Snacktacular Fruity Pouch Fruit Puree Apple & Raspberry 4 pack",
    "WOW Price": 3.8,
    "WOW Size": "4 pack",
    "WOW ppu": "$10.56 / 1KG"
  },
  {
    "Brand_Product_Size": "Rafferty's Garden Fruit Snack Bar 12 Months+ Apple & Raspberry 128g",
    "WOW Price": 3.5,
    "WOW Size": "128g",
    "WOW ppu": "$2.73 / 100G"
  },
  {
    "Brand_Product_Size": "Myojo Mee Goreng Noodle 80g x5 pack",
    "WOW Price": 2.55,
    "WOW Size": "80g x5 pack",
    "WOW ppu": "$0.64 / 100G"
  },
  {
    "Brand_Product_Size": "Nivea Micellar Water Cleanser Waterproof Makeup Remover 400mL",
    "WOW Price": 14,
    "WOW Size": "400mL",
    "WOW ppu": "$3.50 / 100ML"
  },
  {
    "Brand_Product_Size": "Continental Nutrish Soup Curry Me Away 133g",
    "WOW Price": 4.3,
    "WOW Size": "133g",
    "WOW ppu": "$3.23 / 100G"
  },
  {
    "Brand_Product_Size": "Mojo Kombucha Ginger Spice Gut Shot 55mL",
    "WOW Price": 3.5,
    "WOW Size": "55mL",
    "WOW ppu": "$63.64 / 1L"
  },
  {
    "Brand_Product_Size": "Cottons Tampons Super 16 pack",
    "WOW Price": 4,
    "WOW Size": "16 pack",
    "WOW ppu": "$0.25 / 1EA"
  },
  {
    "Brand_Product_Size": "Whole Earth Monk Fruit Sweetener Granules 200g",
    "WOW Price": 8.5,
    "WOW Size": "200g",
    "WOW ppu": "$4.25 / 100G"
  },
  {
    "Brand_Product_Size": "Eveready Led Metal Light each",
    "WOW Price": 5,
    "WOW Size": "each",
    "WOW ppu": "$5.00 / 1EA"
  },
  {
    "Brand_Product_Size": "Nesquik Chocolate 500g",
    "WOW Price": 5.5,
    "WOW Size": "500g",
    "WOW ppu": "$1.10 / 100G"
  },
  {
    "Brand_Product_Size": "Neutrogena T/gel Anti-dandruff Conditioner 130mL",
    "WOW Price": 8.5,
    "WOW Size": "130mL",
    "WOW ppu": "$6.54 / 100ML"
  },
  {
    "Brand_Product_Size": "Birds Eye Oven Bake Crumbed 425g",
    "WOW Price": 10,
    "WOW Size": "425g",
    "WOW ppu": "$23.53 / 1KG"
  },
  {
    "Brand_Product_Size": "Maybelline Unstoppable Eyeliner - Espresso 0.28g",
    "WOW Price": 8.5,
    "WOW Size": "0.28g",
    "WOW ppu": "$303.57 / 10G"
  },
  {
    "Brand_Product_Size": "Mainland Vintage Block 400g",
    "WOW Price": 9,
    "WOW Size": "400g",
    "WOW ppu": "$22.50 / 1KG"
  },
  {
    "Brand_Product_Size": "Extra Care Fibre Therapy Shampoo 900mL",
    "WOW Price": 14,
    "WOW Size": "900mL",
    "WOW ppu": "$1.56 / 100ML"
  },
  {
    "Brand_Product_Size": "Mint Non-stick Coating Granite Frypan 16cm each",
    "WOW Price": 6,
    "WOW Size": "each",
    "WOW ppu": ""
  },
  {
    "Brand_Product_Size": "Arnott's Teddy Bear 250g",
    "WOW Price": 2.5,
    "WOW Size": "250g",
    "WOW ppu": "$1.00 / 100G"
  },
  {
    "Brand_Product_Size": "Australian Pure Beauty Moisturiser Sensitive Sorbolene 1L",
    "WOW Price": 6,
    "WOW Size": "1L",
    "WOW ppu": "$0.60 / 100ML"
  },
  {
    "Brand_Product_Size": "Huon Salmon To Go Frozen Skin On Portions 700g",
    "WOW Price": 24,
    "WOW Size": "700g",
    "WOW ppu": "$34.29 / 1KG"
  },
  {
    "Brand_Product_Size": "Pauls Zymil Chocolate 400mL",
    "WOW Price": 3.7,
    "WOW Size": "400mL",
    "WOW ppu": "$9.25 / 1L"
  },
  {
    "Brand_Product_Size": "Rosella Aristocrat Onions Cocktail Green 150g",
    "WOW Price": 2.15,
    "WOW Size": "150g",
    "WOW ppu": "$14.33 / 1KG"
  },
  {
    "Brand_Product_Size": "Sharpie Fine Permanent Marker 12 pack",
    "WOW Price": 10,
    "WOW Size": "12 pack",
    "WOW ppu": ""
  },
  {
    "Brand_Product_Size": "Kitkat Mint Choc Chip 45g",
    "WOW Price": 1,
    "WOW Size": "45g",
    "WOW ppu": "$2.22 / 100G"
  },
  {
    "Brand_Product_Size": "Anchor Margaret Valley Verjuice 375mL",
    "WOW Price": 6.7,
    "WOW Size": "375mL",
    "WOW ppu": "$1.79 / 100ML"
  },
  {
    "Brand_Product_Size": "Fantastic Rice Crackers Bbq 100g",
    "WOW Price": 1.5,
    "WOW Size": "100g",
    "WOW ppu": "$1.50 / 100G"
  },
  {
    "Brand_Product_Size": "Pb2 Peanut Powder With Cocoa 184g",
    "WOW Price": 10,
    "WOW Size": "184g",
    "WOW ppu": "$5.43 / 100G"
  },
  {
    "Brand_Product_Size": "Arminia Pretzel Cracker 350g",
    "WOW Price": 4,
    "WOW Size": "350g",
    "WOW ppu": "$4.00 / 350G"
  },
  {
    "Brand_Product_Size": "Dove Women Clinical Roll On Fresh Touch 50mL",
    "WOW Price": 8,
    "WOW Size": "50mL",
    "WOW ppu": "$16.00 / 100ML"
  },
  {
    "Brand_Product_Size": "Ben & Jerry's Cookie Dough Swich Up Tub 458mL",
    "WOW Price": 12,
    "WOW Size": "458mL",
    "WOW ppu": "$2.62 / 100ML"
  },
  {
    "Brand_Product_Size": "Ostelin Calcium & Vitamin D3 Chewable Tablets 60 pack",
    "WOW Price": 10.5,
    "WOW Size": "60 pack",
    "WOW ppu": "$17.50 / 100EA"
  },
  {
    "Brand_Product_Size": "Air Wick Botanica Vanilla & Himalayan Magnolia Diffuser + Refill 19mL",
    "WOW Price": 12.5,
    "WOW Size": "19mL",
    "WOW ppu": "$6.58 / 10ML"
  },
  {
    "Brand_Product_Size": "Pascall Cadbury Caramels Lollies 160g",
    "WOW Price": 4,
    "WOW Size": "160g",
    "WOW ppu": "$2.50 / 100G"
  },
  {
    "Brand_Product_Size": "Bokoma Pronutro Original South African 500g",
    "WOW Price": 7.2,
    "WOW Size": "500g",
    "WOW ppu": "$1.44 / 100G"
  },
  {
    "Brand_Product_Size": "Maggie Beer Triple Cream Brie 200g",
    "WOW Price": 8,
    "WOW Size": "200g",
    "WOW ppu": "$40.00 / 1KG"
  },
  {
    "Brand_Product_Size": "Maggie Beer Triple Cream Brie 200g",
    "WOW Price": 8,
    "WOW Size": "200g",
    "WOW ppu": "$40.00 / 1KG"
  },
  {
    "Brand_Product_Size": "Bulla Mini Frozen Yoghurt Assorted Flavours 14 pack",
    "WOW Price": 7,
    "WOW Size": "14 pack",
    "WOW ppu": "$1.38 / 100G"
  },
  {
    "Brand_Product_Size": "For Him Business Socks Black Size 11-14 5 pack",
    "WOW Price": 7,
    "WOW Size": "5 pack",
    "WOW ppu": ""
  },
  {
    "Brand_Product_Size": "Cadbury Picnic Tub 1.2L",
    "WOW Price": 9,
    "WOW Size": "1.2L",
    "WOW ppu": "$0.75 / 100ML"
  },
  {
    "Brand_Product_Size": "Nobby's Salted Beer Nuts 375g",
    "WOW Price": 2.45,
    "WOW Size": "375g",
    "WOW ppu": "$6.53 / 1KG"
  },
  {
    "Brand_Product_Size": "Mdh Chicken Curry Masala 100g",
    "WOW Price": 2.5,
    "WOW Size": "100g",
    "WOW ppu": "$2.50 / 100G"
  },
  {
    "Brand_Product_Size": "Lindt Pralines Master Collection 184g",
    "WOW Price": 15,
    "WOW Size": "184g",
    "WOW ppu": "$8.15 / 100G"
  },
  {
    "Brand_Product_Size": "Woolworths Mixed Leaf - Baby Spinach & Rocket 120g",
    "WOW Price": 3,
    "WOW Size": "120g",
    "WOW ppu": "$25.00 / 1KG"
  },
  {
    "Brand_Product_Size": "Woolworths Mixed Leaf - Baby Spinach & Rocket 120g",
    "WOW Price": 3,
    "WOW Size": "120g",
    "WOW ppu": "$25.00 / 1KG"
  },
  {
    "Brand_Product_Size": "Kirks Creaming Soda Sugar Free Cans 375mL x10 pack",
    "WOW Price": 6.2,
    "WOW Size": "375mL x10 pack",
    "WOW ppu": "$1.65 / 1L"
  },
  {
    "Brand_Product_Size": "Safcol Tuna In Springwater 185g",
    "WOW Price": 2.2,
    "WOW Size": "185g",
    "WOW ppu": "$11.89 / 1KG"
  },
  {
    "Brand_Product_Size": "Hart & Soul All Natural Teriyaki Stir Fry Recipe Base 80g",
    "WOW Price": 1.25,
    "WOW Size": "80g",
    "WOW ppu": "$1.56 / 100G"
  },
  {
    "Brand_Product_Size": "Woolworths Hundreds & Thousands Biscuits 200g",
    "WOW Price": 2,
    "WOW Size": "200g",
    "WOW ppu": "$1.00 / 100G"
  },
  {
    "Brand_Product_Size": "Cadbury Cookie Soft Choc Chip 156g",
    "WOW Price": 3.5,
    "WOW Size": "156g",
    "WOW ppu": "$2.24 / 100G"
  },
  {
    "Brand_Product_Size": "Campos Superior Coffee Beans 500g",
    "WOW Price": 25,
    "WOW Size": "500g",
    "WOW ppu": "$5.00 / 100G"
  },
  {
    "Brand_Product_Size": "Campos Superior Coffee Beans 500g",
    "WOW Price": 25,
    "WOW Size": "500g",
    "WOW ppu": "$5.00 / 100G"
  },
  {
    "Brand_Product_Size": "The Happy Snack Company Kids Fav-va Beans Lightly Salted 10x15g",
    "WOW Price": 5.3,
    "WOW Size": "10x15g",
    "WOW ppu": "$3.53 / 100G"
  },
  {
    "Brand_Product_Size": "The Happy Snack Company Kids Fav-va Beans Lightly Salted 10x15g",
    "WOW Price": 5.3,
    "WOW Size": "10x15g",
    "WOW ppu": "$3.53 / 100G"
  },
  {
    "Brand_Product_Size": "Colgate Sensitive Prorelief Whitening Teeth Pain Toothpaste 110g",
    "WOW Price": 10,
    "WOW Size": "110g",
    "WOW ppu": "$9.09 / 100G"
  },
  {
    "Brand_Product_Size": "Nestle Milo Ice Cream Tub 470mL",
    "WOW Price": 7,
    "WOW Size": "470mL",
    "WOW ppu": "$1.49 / 100ML"
  },
  {
    "Brand_Product_Size": "Woolworths Tuna In Oil 425g",
    "WOW Price": 3,
    "WOW Size": "425g",
    "WOW ppu": "$7.06 / 1KG"
  },
  {
    "Brand_Product_Size": "Birds Eye Microwave Chips Shoestring 140g",
    "WOW Price": 2.5,
    "WOW Size": "140g",
    "WOW ppu": "$17.86 / 1KG"
  },
  {
    "Brand_Product_Size": "Olsent Led Filament Candle Ses 4w 470lm 2 pack",
    "WOW Price": 9,
    "WOW Size": "2 pack",
    "WOW ppu": "$4.50 / 1EA"
  },
  {
    "Brand_Product_Size": "Indomie Mi Goreng Noodle Cup 75g",
    "WOW Price": 1.4,
    "WOW Size": "75g",
    "WOW ppu": "$1.87 / 100G"
  },
  {
    "Brand_Product_Size": "La Stella Buffalo Mozzarella 125g",
    "WOW Price": 7,
    "WOW Size": "125g",
    "WOW ppu": "$56.00 / 1KG"
  },
  {
    "Brand_Product_Size": "La Stella Buffalo Mozzarella 125g",
    "WOW Price": 7,
    "WOW Size": "125g",
    "WOW ppu": "$56.00 / 1KG"
  },
  {
    "Brand_Product_Size": "Tommee Tippee Blue Cherry Latex Soother 18-36m 2 pack",
    "WOW Price": 5,
    "WOW Size": "2 pack",
    "WOW ppu": "$5.00 / 1EA"
  },
  {
    "Brand_Product_Size": "Trill Budgie Mix 1.8kg",
    "WOW Price": 6,
    "WOW Size": "1.8kg",
    "WOW ppu": "$0.33 / 100G"
  },
  {
    "Brand_Product_Size": "Garnier Nutrisse Hair Colour 4 Tamarind Dark Brown each",
    "WOW Price": 7.46,
    "WOW Size": "each",
    "WOW ppu": ""
  },
  {
    "Brand_Product_Size": "Palmolive Luminous Oils Body Wash Macadamia Oil Shower Gel 400mL",
    "WOW Price": 6,
    "WOW Size": "400mL",
    "WOW ppu": "$1.50 / 100ML"
  },
  {
    "Brand_Product_Size": "Noel Smoked Spanish Jamon Serrano Freshly Sliced From The Deli per kg",
    "WOW Price": 41,
    "WOW Size": "per kg",
    "WOW ppu": "$41.00 / 1KG"
  },
  {
    "Brand_Product_Size": "Philips Halogen R7s Plusline 150w each",
    "WOW Price": 5.5,
    "WOW Size": "each",
    "WOW ppu": "$5.50 / 1EA"
  },
  {
    "Brand_Product_Size": "Ajax Eco Antibacterial Disinfectant Cleaning Wipes Lemon 110 pack",
    "WOW Price": 5,
    "WOW Size": "110 pack",
    "WOW ppu": "$0.05 / 1EA"
  },
  {
    "Brand_Product_Size": "Moccona Freeze Dried Instant Coffee Hazelnut 95g",
    "WOW Price": 6,
    "WOW Size": "95g",
    "WOW ppu": "$6.32 / 100G"
  },
  {
    "Brand_Product_Size": "Moccona Freeze Dried Instant Coffee Hazelnut 95g",
    "WOW Price": 6,
    "WOW Size": "95g",
    "WOW ppu": "$6.32 / 100G"
  },
  {
    "Brand_Product_Size": "Toni & Guy Bamboo Radial Brush each",
    "WOW Price": 16.8,
    "WOW Size": "each",
    "WOW ppu": ""
  },
  {
    "Brand_Product_Size": "Darikay Classic Vegetable Soup 550g",
    "WOW Price": 6.5,
    "WOW Size": "550g",
    "WOW ppu": "$1.18 / 100G"
  },
  {
    "Brand_Product_Size": "Decor Tellfresh Cake Storer With Lifter each",
    "WOW Price": 13,
    "WOW Size": "each",
    "WOW ppu": ""
  },
  {
    "Brand_Product_Size": "Vitasoy Soy Milky Lite 1L",
    "WOW Price": 2.45,
    "WOW Size": "1L",
    "WOW ppu": "$2.45 / 1L"
  },
  {
    "Brand_Product_Size": "Vitasoy Soy Milky Lite 1L",
    "WOW Price": 2.45,
    "WOW Size": "1L",
    "WOW ppu": "$2.45 / 1L"
  },
  {
    "Brand_Product_Size": "Bodiez Protein Water Kiwi Optimum 500mL",
    "WOW Price": 3.85,
    "WOW Size": "500mL",
    "WOW ppu": "$0.77 / 100ML"
  },
  {
    "Brand_Product_Size": "Woolworths Cook Asian Style Salmon Portions 325g",
    "WOW Price": 12,
    "WOW Size": "325g",
    "WOW ppu": "$36.92 / 1KG"
  },
  {
    "Brand_Product_Size": "Little Bellies Organic Sultanas 6 pack",
    "WOW Price": 2,
    "WOW Size": "6 pack",
    "WOW ppu": "$2.38 / 100G"
  },
  {
    "Brand_Product_Size": "Jack Hammer Claw Hammer Rubber Grip each",
    "WOW Price": 10,
    "WOW Size": "each",
    "WOW ppu": ""
  },
  {
    "Brand_Product_Size": "Dentalife Adult Mini Breed Dog Dental Treats 24 pack",
    "WOW Price": 5.5,
    "WOW Size": "24 pack",
    "WOW ppu": "$2.85 / 100G"
  },
  {
    "Brand_Product_Size": "Woolworths Authentic French Dijon Mustard 200g",
    "WOW Price": 2,
    "WOW Size": "200g",
    "WOW ppu": "$1.00 / 100G"
  },
  {
    "Brand_Product_Size": "Bekaa Natural Yoghurt 1kg",
    "WOW Price": 4,
    "WOW Size": "1kg",
    "WOW ppu": "$0.40 / 100G"
  },
  {
    "Brand_Product_Size": "Jase's Kitchen Gluten Free Spinach & Ricotta Rolls 2 pack",
    "WOW Price": 6.5,
    "WOW Size": "2 pack",
    "WOW ppu": "$2.50 / 100G"
  },
  {
    "Brand_Product_Size": "Korbond Party Candle Metallics Number 5 Assorted each",
    "WOW Price": 1.5,
    "WOW Size": "each",
    "WOW ppu": "$1.50 / 1EA"
  },
  {
    "Brand_Product_Size": "Palmolive Naturals Body Wash Sea Minerals Shower Gel 500mL",
    "WOW Price": 3.8,
    "WOW Size": "500mL",
    "WOW ppu": "$0.76 / 100ML"
  },
  {
    "Brand_Product_Size": "Olay Regenerist Face Cream Moisturiser Spf 30 50g",
    "WOW Price": 34.3,
    "WOW Size": "50g",
    "WOW ppu": "$68.60 / 100G"
  },
  {
    "Brand_Product_Size": "Gravox Pepper Steak Finishing Sauce 250g",
    "WOW Price": 2.85,
    "WOW Size": "250g",
    "WOW ppu": "$1.14 / 100G"
  },
  {
    "Brand_Product_Size": "Libra Long Liners 26x6 each",
    "WOW Price": 1.85,
    "WOW Size": "each",
    "WOW ppu": "$0.07 / 1EA"
  },
  {
    "Brand_Product_Size": "Rexona Men Clinical Protection Anti- Perspirant Active Fresh 45mL",
    "WOW Price": 13,
    "WOW Size": "45mL",
    "WOW ppu": "$28.89 / 100ML"
  },
  {
    "Brand_Product_Size": "Holland House Rollmops Marinated 500g",
    "WOW Price": 6,
    "WOW Size": "500g",
    "WOW ppu": "$12.00 / 1KG"
  },
  {
    "Brand_Product_Size": "Nyal Gentle Relief Saline 30mL",
    "WOW Price": 8,
    "WOW Size": "30mL",
    "WOW ppu": "$26.67 / 100ML"
  },
  {
    "Brand_Product_Size": "Purina Totalcare Slicker & Detangling Rake 2in1 For Dogs each",
    "WOW Price": 14,
    "WOW Size": "each",
    "WOW ppu": "$14.00 / 1EA"
  },
  {
    "Brand_Product_Size": "Continental Pasta Chicken Pesto & Spring Onion 102g",
    "WOW Price": 1.36,
    "WOW Size": "102g",
    "WOW ppu": "$1.48 / 100G"
  },
  {
    "Brand_Product_Size": "Mccain Rustica Sourdough Tuscan Style Meatball Pizza 400g",
    "WOW Price": 8,
    "WOW Size": "400g",
    "WOW ppu": "$2.00 / 100G"
  },
  {
    "Brand_Product_Size": "Earth Choice Wild Orchid & Magnolia Fabric Softener 1L",
    "WOW Price": 6,
    "WOW Size": "1L",
    "WOW ppu": "$6.00 / 1L"
  },
  {
    "Brand_Product_Size": "Skin Republic Gold Under Eye Patches 2 pack",
    "WOW Price": 13,
    "WOW Size": "2 pack",
    "WOW ppu": "$13.00 / 1EA"
  },
  {
    "Brand_Product_Size": "Essano Rosehip Oil Certified Organic 20mL",
    "WOW Price": 20,
    "WOW Size": "20mL",
    "WOW ppu": "$100.00 / 100ML"
  },
  {
    "Brand_Product_Size": "Il Molino Chiavazza Farino Flour 1kg",
    "WOW Price": 3,
    "WOW Size": "1kg",
    "WOW ppu": "$3.00 / 1KG"
  },
  {
    "Brand_Product_Size": "Fehlbergs European Style Dill Pickled Cucumbers 680g",
    "WOW Price": 3.5,
    "WOW Size": "680g",
    "WOW ppu": "$5.15 / 1KG"
  },
  {
    "Brand_Product_Size": "Saxa Blended Whole Peppercorns 190g",
    "WOW Price": 6,
    "WOW Size": "190g",
    "WOW ppu": "$0.32 / 10G"
  },
  {
    "Brand_Product_Size": "Olsent Cfl Spiral Bc 23w 1600lm Cw 23 Watt 2 pack",
    "WOW Price": 10,
    "WOW Size": "2 pack",
    "WOW ppu": "$5.00 / 1EA"
  },
  {
    "Brand_Product_Size": "Arnott's Shapes Variety 15 pack",
    "WOW Price": 5,
    "WOW Size": "15 pack",
    "WOW ppu": "$1.33 / 100G"
  },
  {
    "Brand_Product_Size": "Arnott's Shapes Variety 15 pack",
    "WOW Price": 5,
    "WOW Size": "15 pack",
    "WOW ppu": "$1.33 / 100G"
  },
  {
    "Brand_Product_Size": "Gourmet Garden Basil Lightly Dried 10g sachet",
    "WOW Price": 3.5,
    "WOW Size": "10g sachet",
    "WOW ppu": "$3.50 / 10G"
  },
  {
    "Brand_Product_Size": "Gourmet Garden Basil Lightly Dried 10g sachet",
    "WOW Price": 3.5,
    "WOW Size": "10g sachet",
    "WOW ppu": "$3.50 / 10G"
  },
  {
    "Brand_Product_Size": "Jack The Barber Shaving Cream 150g",
    "WOW Price": 6,
    "WOW Size": "150g",
    "WOW ppu": "$4.00 / 100G"
  },
  {
    "Brand_Product_Size": "Uncle Ben's Microwave Tomato & Basil Rice 250g",
    "WOW Price": 3.25,
    "WOW Size": "250g",
    "WOW ppu": "$1.30 / 100G"
  },
  {
    "Brand_Product_Size": "Deeko Sugarcane Bowls 8 pack",
    "WOW Price": 3,
    "WOW Size": "8 pack",
    "WOW ppu": "$3.00 / 1EA"
  },
  {
    "Brand_Product_Size": "Brigalow Dextrose Bag 1kg",
    "WOW Price": 4,
    "WOW Size": "1kg",
    "WOW ppu": "$4.00 / 1KG"
  },
  {
    "Brand_Product_Size": "Lean Cuisine Chicken, Cheese & Pepper Pasta 375g",
    "WOW Price": 6.7,
    "WOW Size": "375g",
    "WOW ppu": "$1.79 / 100G"
  },
  {
    "Brand_Product_Size": "Illy Espresso Intenso Capsules 10 pack",
    "WOW Price": 7.5,
    "WOW Size": "10 pack",
    "WOW ppu": "$0.75 / 1EA"
  },
  {
    "Brand_Product_Size": "Illy Espresso Intenso Capsules 10 pack",
    "WOW Price": 7.5,
    "WOW Size": "10 pack",
    "WOW ppu": "$0.75 / 1EA"
  },
  {
    "Brand_Product_Size": "Armor All Bug & Tar Sponge each",
    "WOW Price": 7,
    "WOW Size": "each",
    "WOW ppu": "$7.00 / 1EA"
  },
  {
    "Brand_Product_Size": "L'or Barista Double Supremo Coffee Capsules 10 pack",
    "WOW Price": 8.8,
    "WOW Size": "10 pack",
    "WOW ppu": "$0.88 / 1EA"
  },
  {
    "Brand_Product_Size": "L'or Barista Double Supremo Coffee Capsules 10 pack",
    "WOW Price": 8.8,
    "WOW Size": "10 pack",
    "WOW ppu": "$0.88 / 1EA"
  },
  {
    "Brand_Product_Size": "Essentials Raw Sugar 1kg",
    "WOW Price": 1.1,
    "WOW Size": "1kg",
    "WOW ppu": "$0.11 / 100G"
  },
  {
    "Brand_Product_Size": "Korbond Happy Birthday Cake Topper Coloured Glitter 20g",
    "WOW Price": 2,
    "WOW Size": "20g",
    "WOW ppu": "$2.00 / 1EA"
  },
  {
    "Brand_Product_Size": "Faber-castell Connectore Pens Neon & Pastel 20 pack",
    "WOW Price": 3.75,
    "WOW Size": "20 pack",
    "WOW ppu": ""
  },
  {
    "Brand_Product_Size": "Health Lab Almond Amaze Nut Butter Filled Balls 200g",
    "WOW Price": 12,
    "WOW Size": "200g",
    "WOW ppu": "$6.00 / 100G"
  },
  {
    "Brand_Product_Size": "Aveeno Dermexa Daily Emollient Cream 200mL",
    "WOW Price": 22,
    "WOW Size": "200mL",
    "WOW ppu": "$11.00 / 100ML"
  },
  {
    "Brand_Product_Size": "Lemsip Max Cold & Flu Hot Drink Lemon Lemon 10 pack",
    "WOW Price": 12,
    "WOW Size": "10 pack",
    "WOW ppu": "$1.20 / 1EA"
  },
  {
    "Brand_Product_Size": "Schweppes Lime Juice Cordial 750mL",
    "WOW Price": 4,
    "WOW Size": "750mL",
    "WOW ppu": "$5.33 / 1L"
  },
  {
    "Brand_Product_Size": "Kirks Sugar Free Lemon Squash Bottle 1.25L",
    "WOW Price": 1.85,
    "WOW Size": "1.25L",
    "WOW ppu": "$1.48 / 1L"
  },
  {
    "Brand_Product_Size": "Uncle Ben's Microwave Golden Vegetable Rice Pouch 250g",
    "WOW Price": 3.25,
    "WOW Size": "250g",
    "WOW ppu": "$1.30 / 100G"
  },
  {
    "Brand_Product_Size": "John West Tuna Spread 95g",
    "WOW Price": 2.35,
    "WOW Size": "95g",
    "WOW ppu": "$2.47 / 100G"
  },
  {
    "Brand_Product_Size": "Tasti Protein + Probiotics Manuka Honey & Almond 175g",
    "WOW Price": 5.8,
    "WOW Size": "175g",
    "WOW ppu": "$3.31 / 100G"
  },
  {
    "Brand_Product_Size": "Tasti Protein + Probiotics Manuka Honey & Almond 175g",
    "WOW Price": 5.8,
    "WOW Size": "175g",
    "WOW ppu": "$3.31 / 100G"
  },
  {
    "Brand_Product_Size": "Sunsilk Shampoo Soft & Smooth 700mL",
    "WOW Price": 10,
    "WOW Size": "700mL",
    "WOW ppu": "$1.43 / 100ML"
  },
  {
    "Brand_Product_Size": "Off The Eaten Path Vegetable Chips Pea & Pinto Bean Sticks Cheddar & Chives 100g",
    "WOW Price": 4,
    "WOW Size": "100g",
    "WOW ppu": "$4.00 / 100G"
  },
  {
    "Brand_Product_Size": "The Spice Tailor Bengali Coconut Daal 400g",
    "WOW Price": 2.75,
    "WOW Size": "400g",
    "WOW ppu": "$0.69 / 100G"
  },
  {
    "Brand_Product_Size": "Nicabate Quit Smoking 24 Hour Patch Step 1 21 Mg 7 pack",
    "WOW Price": 35,
    "WOW Size": "7 pack",
    "WOW ppu": "$5.00 / 1EA"
  },
  {
    "Brand_Product_Size": "Macro Fruit & Nut Roasted Mix 500g",
    "WOW Price": 10,
    "WOW Size": "500g",
    "WOW ppu": "$20.00 / 1KG"
  },
  {
    "Brand_Product_Size": "Woolworths Free From Gluten Buttermilk Pancake Mix 375g",
    "WOW Price": 2.9,
    "WOW Size": "375g",
    "WOW ppu": "$0.77 / 100G"
  },
  {
    "Brand_Product_Size": "Woolworths Boysenberry Swirl Ice Cream 4 pack",
    "WOW Price": 3.8,
    "WOW Size": "4 pack",
    "WOW ppu": "$0.95 / 100ML"
  },
  {
    "Brand_Product_Size": "Glad Small Kitchen Tidy Bags 50 pack",
    "WOW Price": 3.8,
    "WOW Size": "50 pack",
    "WOW ppu": "$0.08 / 1EA"
  },
  {
    "Brand_Product_Size": "Woolworths Vanilla Custard 97% Fat Free 1kg",
    "WOW Price": 3.15,
    "WOW Size": "1kg",
    "WOW ppu": "$0.32 / 100G"
  },
  {
    "Brand_Product_Size": "Coppertree Farms Parmesan Butter 200g",
    "WOW Price": 3.25,
    "WOW Size": "200g",
    "WOW ppu": "$1.63 / 100G"
  },
  {
    "Brand_Product_Size": "Fussy Cat Grain Free Chicken Crunchers Cat Treats 100g",
    "WOW Price": 2.99,
    "WOW Size": "100g",
    "WOW ppu": "$2.99 / 100G"
  },
  {
    "Brand_Product_Size": "Meiji Yan Yan Snacks Chocolate 50g",
    "WOW Price": 1.8,
    "WOW Size": "50g",
    "WOW ppu": "$3.60 / 100G"
  },
  {
    "Brand_Product_Size": "Annalisa Lentils 400g",
    "WOW Price": 1.5,
    "WOW Size": "400g",
    "WOW ppu": "$3.75 / 1KG"
  },
  {
    "Brand_Product_Size": "Hart & Soul All Natural Laksa Recipe Base 80g",
    "WOW Price": 1.25,
    "WOW Size": "80g",
    "WOW ppu": "$1.56 / 100G"
  },
  {
    "Brand_Product_Size": "Bonds Mens The Xtemp Trunk S Assorted each",
    "WOW Price": 24,
    "WOW Size": "each",
    "WOW ppu": ""
  },
  {
    "Brand_Product_Size": "Gravox Gravy Liquid Chicken With Herbs 165g",
    "WOW Price": 2.5,
    "WOW Size": "165g",
    "WOW ppu": "$1.52 / 100G"
  },
  {
    "Brand_Product_Size": "Dollar Sweets Vanilla Buttercream 420g",
    "WOW Price": 4.5,
    "WOW Size": "420g",
    "WOW ppu": "$1.07 / 100G"
  },
  {
    "Brand_Product_Size": "Koh Kae Snacks Peanuts Coconut Coated 265g",
    "WOW Price": 3.5,
    "WOW Size": "265g",
    "WOW ppu": "$13.21 / 1KG"
  },
  {
    "Brand_Product_Size": "Yogo Choc Yogo & Caramel Flavoured Drops 150g",
    "WOW Price": 2.5,
    "WOW Size": "150g",
    "WOW ppu": "$1.67 / 100G"
  },
  {
    "Brand_Product_Size": "Freshwater Farm Australia Saltbush + Wattle Seed Extract Rejuvenating Body Bar 200g",
    "WOW Price": 4.5,
    "WOW Size": "200g",
    "WOW ppu": "$2.25 / 100G"
  },
  {
    "Brand_Product_Size": "Nivea Hydrocare Moisturising Lip Balm + Shea Butter & Spf15 4.8g",
    "WOW Price": 4,
    "WOW Size": "4.8g",
    "WOW ppu": "$83.33 / 100G"
  },
  {
    "Brand_Product_Size": "Oscar Orsen Hair Vitaliser each",
    "WOW Price": 2,
    "WOW Size": "each",
    "WOW ppu": ""
  },
  {
    "Brand_Product_Size": "Tasti Fruit & Vege Wholefood Balls Mango & Carrot 60g",
    "WOW Price": 3.3,
    "WOW Size": "60g",
    "WOW ppu": "$5.50 / 100G"
  },
  {
    "Brand_Product_Size": "Steradent Arctic Ice Tablets Denture Care 48 pack",
    "WOW Price": 8.49,
    "WOW Size": "48 pack",
    "WOW ppu": "$0.18 / 1EA"
  },
  {
    "Brand_Product_Size": "Kiwi Shoe Care Shoe Laces Yellow/brown 150cm each",
    "WOW Price": 3,
    "WOW Size": "150cm each",
    "WOW ppu": ""
  },
  {
    "Brand_Product_Size": "Armada Large Kitchen Tidy Bag Lavender/lemon Scented 25 pack",
    "WOW Price": 2,
    "WOW Size": "25 pack",
    "WOW ppu": "$0.08 / 1EA"
  },
  {
    "Brand_Product_Size": "Dine Wet Cat Food Classic Terrine With Chicken Tray 7 pack",
    "WOW Price": 5.2,
    "WOW Size": "7 pack",
    "WOW ppu": "$0.87 / 100G"
  },
  {
    "Brand_Product_Size": "Inspire Microfibre Contour Mat 48x48cm Assorted each",
    "WOW Price": 7.5,
    "WOW Size": "each",
    "WOW ppu": ""
  },
  {
    "Brand_Product_Size": "Nescafe Blend 43 Instant Coffee Jar 300g",
    "WOW Price": 13,
    "WOW Size": "300g",
    "WOW ppu": "$4.33 / 100G"
  },
  {
    "Brand_Product_Size": "Nescafe Blend 43 Instant Coffee Jar 300g",
    "WOW Price": 13,
    "WOW Size": "300g",
    "WOW ppu": "$4.33 / 100G"
  },
  {
    "Brand_Product_Size": "Woolworths Wholemeal Plain Flour 1kg",
    "WOW Price": 2,
    "WOW Size": "1kg",
    "WOW ppu": "$2.00 / 1KG"
  },
  {
    "Brand_Product_Size": "Woolworths Blueberry Muffins 4 pack",
    "WOW Price": 3.5,
    "WOW Size": "4 pack",
    "WOW ppu": "$0.83 / 100G"
  },
  {
    "Brand_Product_Size": "Woolworths Blueberry Muffins 4 pack",
    "WOW Price": 3.5,
    "WOW Size": "4 pack",
    "WOW ppu": "$0.83 / 100G"
  },
  {
    "Brand_Product_Size": "Woolworths Blueberry Muffins 4 pack",
    "WOW Price": 3.5,
    "WOW Size": "4 pack",
    "WOW ppu": "$0.83 / 100G"
  },
  {
    "Brand_Product_Size": "Masterfoods Finely Chopped Ginger 160g",
    "WOW Price": 2.7,
    "WOW Size": "160g",
    "WOW ppu": "$0.17 / 10G"
  },
  {
    "Brand_Product_Size": "Dove Conditioner Destress Ritual 320mL",
    "WOW Price": 4.9,
    "WOW Size": "320mL",
    "WOW ppu": "$1.53 / 100ML"
  },
  {
    "Brand_Product_Size": "Only Organic 6 Months+ Banana Blueberry & Quinoa 120g",
    "WOW Price": 1.5,
    "WOW Size": "120g",
    "WOW ppu": "$1.25 / 100G"
  },
  {
    "Brand_Product_Size": "Coyo Organic Coconut Yoghurt Natural 500g",
    "WOW Price": 7,
    "WOW Size": "500g",
    "WOW ppu": "$1.40 / 100G"
  },
  {
    "Brand_Product_Size": "Essentials Reusable 3 Compartment Containers 2 pack",
    "WOW Price": 3,
    "WOW Size": "2 pack",
    "WOW ppu": ""
  },
  {
    "Brand_Product_Size": "U By Kotex Cotton Ultrathins Regular Pads 12 pack",
    "WOW Price": 3.9,
    "WOW Size": "12 pack",
    "WOW ppu": "$0.33 / 1EA"
  },
  {
    "Brand_Product_Size": "Supercoat Adult Dog Food Active 7.5kg",
    "WOW Price": 29,
    "WOW Size": "7.5kg",
    "WOW ppu": "$0.39 / 100G"
  },
  {
    "Brand_Product_Size": "Ceres Brown Rice Crackers With Chia 115g",
    "WOW Price": 2.6,
    "WOW Size": "115g",
    "WOW ppu": "$2.26 / 100G"
  },
  {
    "Brand_Product_Size": "Oates Mop Tiltamatic Sponge Refill 2 pack",
    "WOW Price": 9,
    "WOW Size": "2 pack",
    "WOW ppu": "$4.50 / 1EA"
  },
  {
    "Brand_Product_Size": "Oxo Beef Stock Cubes 71g",
    "WOW Price": 2,
    "WOW Size": "71g",
    "WOW ppu": "$0.28 / 10G"
  },
  {
    "Brand_Product_Size": "Woolworths Caramel Slices 4 pack",
    "WOW Price": 4,
    "WOW Size": "4 pack",
    "WOW ppu": "$2.00 / 100G"
  },
  {
    "Brand_Product_Size": "Oral-b Vitality Precision Clean Power Toothbrush each",
    "WOW Price": 45,
    "WOW Size": "each",
    "WOW ppu": "$45.00 / 1EA"
  },
  {
    "Brand_Product_Size": "Rufus & Coco Flea Flee Dog Treatment Shampoo 200mL",
    "WOW Price": 13.39,
    "WOW Size": "200mL",
    "WOW ppu": "$6.70 / 100ML"
  },
  {
    "Brand_Product_Size": "Woolworths Chilli Birdseye 20g punnet",
    "WOW Price": 3,
    "WOW Size": "20g punnet",
    "WOW ppu": "$15.00 / 100G"
  },
  {
    "Brand_Product_Size": "Epzen Soothe Magnesium Bath Crystals 900g",
    "WOW Price": 13,
    "WOW Size": "900g",
    "WOW ppu": "$1.44 / 100G"
  },
  {
    "Brand_Product_Size": "Deep Cove Sardines In Oil 125g",
    "WOW Price": 0.85,
    "WOW Size": "125g",
    "WOW ppu": "$6.80 / 1KG"
  },
  {
    "Brand_Product_Size": "Saxa Natural Pink Himalayan Rock Salt 500g",
    "WOW Price": 4,
    "WOW Size": "500g",
    "WOW ppu": "$0.08 / 10G"
  },
  {
    "Brand_Product_Size": "Mint Measuring Cup 4 pack",
    "WOW Price": 12,
    "WOW Size": "4 pack",
    "WOW ppu": ""
  },
  {
    "Brand_Product_Size": "Aveeno Active Naturals Intense Relief Hand Cream 100g",
    "WOW Price": 10.39,
    "WOW Size": "100g",
    "WOW ppu": "$10.39 / 100G"
  },
  {
    "Brand_Product_Size": "Woolworths Bbq Classic Beef Burger 4 pack",
    "WOW Price": 7.5,
    "WOW Size": "4 pack",
    "WOW ppu": "$15.00 / 1KG"
  },
  {
    "Brand_Product_Size": "Whole Earth Granules Canister 300g",
    "WOW Price": 5.45,
    "WOW Size": "300g",
    "WOW ppu": "$1.82 / 100G"
  },
  {
    "Brand_Product_Size": "Rana Basil & Pine Nuts Tortellini Fresh Pasta 325g",
    "WOW Price": 5,
    "WOW Size": "325g",
    "WOW ppu": "$1.54 / 100G"
  },
  {
    "Brand_Product_Size": "Razzamatazz Pantyhose Control Brazen X-tall 2 pack",
    "WOW Price": 7,
    "WOW Size": "2 pack",
    "WOW ppu": ""
  },
  {
    "Brand_Product_Size": "Celeriac Fresh each",
    "WOW Price": 5,
    "WOW Size": "each",
    "WOW ppu": "$5.00 / 1EA"
  },
  {
    "Brand_Product_Size": "Jack Hammer Stubby Screw Driver Ratchet Head With 6 Bits each",
    "WOW Price": 9,
    "WOW Size": "each",
    "WOW ppu": ""
  },
  {
    "Brand_Product_Size": "Rufus & Coco Laser Cat Toy each",
    "WOW Price": 12,
    "WOW Size": "each",
    "WOW ppu": "$12.00 / 1EA"
  },
  {
    "Brand_Product_Size": "Schwarzkopf Extra Care Shampoo Liquid Silk 400mL",
    "WOW Price": 4.8,
    "WOW Size": "400mL",
    "WOW ppu": "$1.20 / 100ML"
  },
  {
    "Brand_Product_Size": "Peters Multigrain Mix Rabbit & Guinea Pig Food 2kg",
    "WOW Price": 6.69,
    "WOW Size": "2kg",
    "WOW ppu": "$0.33 / 100G"
  },
  {
    "Brand_Product_Size": "Baby Mum Mum Organic Rice Rusk Sweet Potato & Carrot 18 pack 36g",
    "WOW Price": 3,
    "WOW Size": "18 pack 36g",
    "WOW ppu": "$8.33 / 100G"
  },
  {
    "Brand_Product_Size": "Toni & Guy Jewelled Hair Pins 4 pack",
    "WOW Price": 3.5,
    "WOW Size": "4 pack",
    "WOW ppu": ""
  },
  {
    "Brand_Product_Size": "Allen's Yoghurty Berry Cups 160g",
    "WOW Price": 3,
    "WOW Size": "160g",
    "WOW ppu": "$1.88 / 100G"
  },
  {
    "Brand_Product_Size": "Woolworths Spring Water 24x600mL pack",
    "WOW Price": 9,
    "WOW Size": "24x600mL pack",
    "WOW ppu": "$0.63 / 1L"
  },
  {
    "Brand_Product_Size": "Woolworths Spring Water 24x600mL pack",
    "WOW Price": 9,
    "WOW Size": "24x600mL pack",
    "WOW ppu": "$0.63 / 1L"
  },
  {
    "Brand_Product_Size": "Woolworths Sour Cream & Onion Stacked Chips 160g",
    "WOW Price": 1.75,
    "WOW Size": "160g",
    "WOW ppu": "$1.09 / 100G"
  },
  {
    "Brand_Product_Size": "Extra Care Ultimate Repair Shampoo 900mL",
    "WOW Price": 14,
    "WOW Size": "900mL",
    "WOW ppu": "$1.56 / 100ML"
  },
  {
    "Brand_Product_Size": "Ayam Instant Noodles 10 Cakes 700g",
    "WOW Price": 4.45,
    "WOW Size": "700g",
    "WOW ppu": "$0.64 / 100G"
  },
  {
    "Brand_Product_Size": "Oreo Ice Cream Cookie Sandwich 4 pack",
    "WOW Price": 5,
    "WOW Size": "4 pack",
    "WOW ppu": "$1.14 / 100ML"
  },
  {
    "Brand_Product_Size": "Tommee Tippee Soft Rim Orthodontic Latex Soother 6 To 18 Months 2 pack",
    "WOW Price": 5,
    "WOW Size": "2 pack",
    "WOW ppu": "$5.00 / 1EA"
  },
  {
    "Brand_Product_Size": "Woolworths Tasty Cheese Slices 500g",
    "WOW Price": 6.5,
    "WOW Size": "500g",
    "WOW ppu": "$13.00 / 1KG"
  },
  {
    "Brand_Product_Size": "Woolworths Tasty Cheese Slices 500g",
    "WOW Price": 6.5,
    "WOW Size": "500g",
    "WOW ppu": "$13.00 / 1KG"
  },
  {
    "Brand_Product_Size": "Whole Earth Sweetener Sachets 60g 40 pack",
    "WOW Price": 4.2,
    "WOW Size": "60g 40 pack",
    "WOW ppu": "$10.50 / 100EA"
  },
  {
    "Brand_Product_Size": "Gatorade Tropical Sports Drink 600mL",
    "WOW Price": 2.15,
    "WOW Size": "600mL",
    "WOW ppu": "$3.58 / 1L"
  },
  {
    "Brand_Product_Size": "Pascall Cadbury Clinkers Lollies 300g",
    "WOW Price": 5,
    "WOW Size": "300g",
    "WOW ppu": "$1.67 / 100G"
  },
  {
    "Brand_Product_Size": "Korbond Party Blowout With Frills Assorted 8 pack",
    "WOW Price": 2,
    "WOW Size": "8 pack",
    "WOW ppu": "$0.25 / 1EA"
  },
  {
    "Brand_Product_Size": "No Vac Sanitiser & Deodoriser Carpet Purifying Breeze 290g",
    "WOW Price": 4.9,
    "WOW Size": "290g",
    "WOW ppu": "$1.69 / 100G"
  },
  {
    "Brand_Product_Size": "Mcobeauty Instant Erase Concealer Ivory 6mL",
    "WOW Price": 8,
    "WOW Size": "6mL",
    "WOW ppu": "$13.33 / 10ML"
  },
  {
    "Brand_Product_Size": "Centrum Immune Defence & Recovery Tablets 50 pack",
    "WOW Price": 30,
    "WOW Size": "50 pack",
    "WOW ppu": "$60.00 / 100EA"
  },
  {
    "Brand_Product_Size": "Woolworths Foil Tray With Lid 2 pack",
    "WOW Price": 3.5,
    "WOW Size": "2 pack",
    "WOW ppu": "$1.75 / 1EA"
  },
  {
    "Brand_Product_Size": "Coco & Lucas' Spaghetti Bolognese 220g",
    "WOW Price": 4,
    "WOW Size": "220g",
    "WOW ppu": "$1.82 / 100G"
  },
  {
    "Brand_Product_Size": "Old El Paso Bulk Hard & Soft Kit 560g",
    "WOW Price": 9,
    "WOW Size": "560g",
    "WOW ppu": "$1.61 / 100G"
  },
  {
    "Brand_Product_Size": "Lifestyles Condoms Assorted 20 pack",
    "WOW Price": 9.9,
    "WOW Size": "20 pack",
    "WOW ppu": "$0.50 / 1EA"
  },
  {
    "Brand_Product_Size": "Green's Cake Mix Traditional Date Loaf 415g",
    "WOW Price": 2.75,
    "WOW Size": "415g",
    "WOW ppu": "$0.66 / 100G"
  },
  {
    "Brand_Product_Size": "Nexba Pineapple Sugar-free Sparkling Soda Cans 375mL x10 pack",
    "WOW Price": 10,
    "WOW Size": "375mL x10 pack",
    "WOW ppu": "$2.67 / 1L"
  },
  {
    "Brand_Product_Size": "Grinders Coffee Capsules Double Espresso Caffitaly System 10 pack",
    "WOW Price": 6,
    "WOW Size": "10 pack",
    "WOW ppu": "$0.60 / 1EA"
  },
  {
    "Brand_Product_Size": "Grinders Coffee Capsules Double Espresso Caffitaly System 10 pack",
    "WOW Price": 6,
    "WOW Size": "10 pack",
    "WOW ppu": "$0.60 / 1EA"
  },
  {
    "Brand_Product_Size": "Chux Heavy Duty Scourer Scrubs 4 pack",
    "WOW Price": 2.8,
    "WOW Size": "4 pack",
    "WOW ppu": "$0.70 / 1EA"
  },
  {
    "Brand_Product_Size": "Thomas Dux Dutch Smoked Cheese 200g",
    "WOW Price": 4.5,
    "WOW Size": "200g",
    "WOW ppu": "$22.50 / 1KG"
  },
  {
    "Brand_Product_Size": "Thomas Dux Dutch Smoked Cheese 200g",
    "WOW Price": 4.5,
    "WOW Size": "200g",
    "WOW ppu": "$22.50 / 1KG"
  },
  {
    "Brand_Product_Size": "Vileda Dish Wash Cloth 3 pack",
    "WOW Price": 3,
    "WOW Size": "3 pack",
    "WOW ppu": "$1.00 / 1EA"
  },
  {
    "Brand_Product_Size": "Mint Soft Grip Y Peeler each",
    "WOW Price": 4,
    "WOW Size": "each",
    "WOW ppu": ""
  },
  {
    "Brand_Product_Size": "Divine Classic Creme Caramel 2x150g",
    "WOW Price": 2.5,
    "WOW Size": "2x150g",
    "WOW ppu": "$0.83 / 100G"
  },
  {
    "Brand_Product_Size": "Aveeno Fresh Greens Blend Shampoo 354mL",
    "WOW Price": 16,
    "WOW Size": "354mL",
    "WOW ppu": "$4.52 / 100ML"
  },
  {
    "Brand_Product_Size": "Kiwi Black Instant Polish 75mL",
    "WOW Price": 6,
    "WOW Size": "75mL",
    "WOW ppu": "$8.00 / 100ML"
  },
  {
    "Brand_Product_Size": "Golden Circle Pineapple Sliced In Natural Juice 440g",
    "WOW Price": 3.75,
    "WOW Size": "440g",
    "WOW ppu": "$8.52 / 1KG"
  },
  {
    "Brand_Product_Size": "Baby Mum Mum Snack Vegetable Rice Rusk 36g",
    "WOW Price": 3,
    "WOW Size": "36g",
    "WOW ppu": "$8.33 / 100G"
  },
  {
    "Brand_Product_Size": "Woolworths Hotdogs 500g",
    "WOW Price": 2.5,
    "WOW Size": "500g",
    "WOW ppu": "$5.00 / 1KG"
  },
  {
    "Brand_Product_Size": "Maybelline Superstay Full Coverage Under Eye Liquid Concealer - Light 6mL",
    "WOW Price": 11,
    "WOW Size": "6mL",
    "WOW ppu": "$18.33 / 10ML"
  },
  {
    "Brand_Product_Size": "Essentials Table Spread Soft And Spreadable 500g",
    "WOW Price": 1.4,
    "WOW Size": "500g",
    "WOW ppu": "$0.28 / 100G"
  },
  {
    "Brand_Product_Size": "Dine Perfect Portions Pate Tuna Whitefish Wet Cat Food Tray 2x37.5g",
    "WOW Price": 1.2,
    "WOW Size": "2x37.5g",
    "WOW ppu": "$1.60 / 100G"
  },
  {
    "Brand_Product_Size": "Saxa Iodised Rock Salt 500g",
    "WOW Price": 2.05,
    "WOW Size": "500g",
    "WOW ppu": "$0.04 / 10G"
  },
  {
    "Brand_Product_Size": "L'or Espresso Or Absolu Intensity 9 Coffee Capsules 10 pack",
    "WOW Price": 6,
    "WOW Size": "10 pack",
    "WOW ppu": "$0.60 / 1EA"
  },
  {
    "Brand_Product_Size": "L'or Espresso Or Absolu Intensity 9 Coffee Capsules 10 pack",
    "WOW Price": 6,
    "WOW Size": "10 pack",
    "WOW ppu": "$0.60 / 1EA"
  },
  {
    "Brand_Product_Size": "Auntie's Pierogi Blueberry Pierogi 600g",
    "WOW Price": 10,
    "WOW Size": "600g",
    "WOW ppu": "$1.67 / 100G"
  },
  {
    "Brand_Product_Size": "Golden Circle Pine Orange Fruit Drink 6x250mL",
    "WOW Price": 4.5,
    "WOW Size": "6x250mL",
    "WOW ppu": "$3.00 / 1L"
  },
  {
    "Brand_Product_Size": "Waxworks Citronella Candle In Metal Bucket 13cm each",
    "WOW Price": 10,
    "WOW Size": "13cm each",
    "WOW ppu": ""
  },
  {
    "Brand_Product_Size": "Total Care Shine Dangler Cat Toy each",
    "WOW Price": 8.5,
    "WOW Size": "each",
    "WOW ppu": "$8.50 / 1EA"
  },
  {
    "Brand_Product_Size": "Pepsi Max Cans 10x375mL",
    "WOW Price": 12.4,
    "WOW Size": "10x375mL",
    "WOW ppu": "$3.31 / 1L"
  },
  {
    "Brand_Product_Size": "Swisse Magnesium Plus Sleep Powder 180g",
    "WOW Price": 40,
    "WOW Size": "180g",
    "WOW ppu": ""
  },
  {
    "Brand_Product_Size": "Pantene Pro-v Smooth & Sleek Conditioner 375mL",
    "WOW Price": 4,
    "WOW Size": "375mL",
    "WOW ppu": "$1.07 / 100ML"
  },
  {
    "Brand_Product_Size": "Laucke Stoneground Rustic White Bread Mix 2.4kg",
    "WOW Price": 9.2,
    "WOW Size": "2.4kg",
    "WOW ppu": "$3.83 / 1KG"
  },
  {
    "Brand_Product_Size": "Super Nature Pulses Bowl Beef Lasagne 300g",
    "WOW Price": 4,
    "WOW Size": "300g",
    "WOW ppu": "$1.33 / 100G"
  },
  {
    "Brand_Product_Size": "Swisse Ultiboost High Strength Co-enzyme Q10 90 tabLets",
    "WOW Price": 49,
    "WOW Size": "90 tabLets",
    "WOW ppu": "$54.44 / 100EA"
  },
  {
    "Brand_Product_Size": "Danone Activia Dairyfree Plant Based Oat & Coconut Passionfruit 500g",
    "WOW Price": 6,
    "WOW Size": "500g",
    "WOW ppu": "$1.20 / 100G"
  },
  {
    "Brand_Product_Size": "Connoisseur Mango & Coconut Ice Cream 4 pack",
    "WOW Price": 6,
    "WOW Size": "4 pack",
    "WOW ppu": "$1.32 / 100ML"
  },
  {
    "Brand_Product_Size": "The Bar Counter High Protein Bar Chocolate Brownie Crunch 40g",
    "WOW Price": 2.5,
    "WOW Size": "40g",
    "WOW ppu": ""
  },
  {
    "Brand_Product_Size": "Essentials Olive Oil 1L",
    "WOW Price": 6,
    "WOW Size": "1L",
    "WOW ppu": "$0.60 / 100ML"
  },
  {
    "Brand_Product_Size": "Pilot Frixion Erasable Pen 3 pack",
    "WOW Price": 9,
    "WOW Size": "3 pack",
    "WOW ppu": ""
  },
  {
    "Brand_Product_Size": "Band-aid Extra Wide Plastic Strips 40 pack",
    "WOW Price": 5,
    "WOW Size": "40 pack",
    "WOW ppu": "$0.13 / 1EA"
  },
  {
    "Brand_Product_Size": "Obela Hommus To Go Roasted Capsicum & Sakata Crackers 125g",
    "WOW Price": 2.5,
    "WOW Size": "125g",
    "WOW ppu": "$2.00 / 100G"
  },
  {
    "Brand_Product_Size": "Obela Hommus To Go Roasted Capsicum & Sakata Crackers 125g",
    "WOW Price": 2.5,
    "WOW Size": "125g",
    "WOW ppu": "$2.00 / 100G"
  },
  {
    "Brand_Product_Size": "Plantry Plant Based Food Green Curry 350g",
    "WOW Price": 8,
    "WOW Size": "350g",
    "WOW ppu": "$2.29 / 100G"
  },
  {
    "Brand_Product_Size": "Foster Clark's Snak Pack Custard Pouch Strawberry 120g",
    "WOW Price": 1.5,
    "WOW Size": "120g",
    "WOW ppu": "$1.25 / 100G"
  },
  {
    "Brand_Product_Size": "Loacker Wafers Pasticceria Noisette 100g",
    "WOW Price": 2.5,
    "WOW Size": "100g",
    "WOW ppu": "$2.50 / 100G"
  },
  {
    "Brand_Product_Size": "Nestle Nan Optipro 2 Follow-on 6-12 Months Baby Formula Powder 800g",
    "WOW Price": 22,
    "WOW Size": "800g",
    "WOW ppu": "$2.75 / 100G"
  },
  {
    "Brand_Product_Size": "Tables & Tales Marble Choc Swirled & Dipped Soft Sponge Cake 6 pack",
    "WOW Price": 3,
    "WOW Size": "6 pack",
    "WOW ppu": "$1.25 / 100G"
  },
  {
    "Brand_Product_Size": "Febreze Fabric Refresher Extra Strength 370mL",
    "WOW Price": 6.49,
    "WOW Size": "370mL",
    "WOW ppu": "$17.54 / 1L"
  },
  {
    "Brand_Product_Size": "Patak's Butter Chicken Curry Paste Paste 312g",
    "WOW Price": 4,
    "WOW Size": "312g",
    "WOW ppu": "$1.28 / 100G"
  },
  {
    "Brand_Product_Size": "Ital Sponge Finger 300g",
    "WOW Price": 3.5,
    "WOW Size": "300g",
    "WOW ppu": "$1.17 / 100G"
  },
  {
    "Brand_Product_Size": "L'oreal Infallable More Than Concealer 322 Ivory 11mL",
    "WOW Price": 15,
    "WOW Size": "11mL",
    "WOW ppu": "$13.64 / 10ML"
  },
  {
    "Brand_Product_Size": "Green's Better Bakes Protein Buttermilk Pancake 325g",
    "WOW Price": 4,
    "WOW Size": "325g",
    "WOW ppu": "$1.23 / 100G"
  },
  {
    "Brand_Product_Size": "Dollar Sweets Silver Lustre Shimmer Spray 4g",
    "WOW Price": 6,
    "WOW Size": "4g",
    "WOW ppu": ""
  },
  {
    "Brand_Product_Size": "Queen's Slipper Favour Playing Cards Poker each",
    "WOW Price": 6,
    "WOW Size": "each",
    "WOW ppu": ""
  },
  {
    "Brand_Product_Size": "White Wings Cookies & Cream Mix 250g",
    "WOW Price": 3.2,
    "WOW Size": "250g",
    "WOW ppu": "$1.28 / 100G"
  },
  {
    "Brand_Product_Size": "Be Natural Breakfast Cereal With Cashew Almond Hazelnut & Coconut 415g",
    "WOW Price": 4.4,
    "WOW Size": "415g",
    "WOW ppu": "$1.06 / 100G"
  },
  {
    "Brand_Product_Size": "Macro Seeds Nibble Mix Roasted 500g",
    "WOW Price": 6.8,
    "WOW Size": "500g",
    "WOW ppu": "$13.60 / 1KG"
  },
  {
    "Brand_Product_Size": "Stagg Classic Chili With Beans 425g",
    "WOW Price": 4,
    "WOW Size": "425g",
    "WOW ppu": "$0.94 / 100G"
  },
  {
    "Brand_Product_Size": "Adesso 6 Speed Hand Mixer each",
    "WOW Price": 20,
    "WOW Size": "each",
    "WOW ppu": ""
  },
  {
    "Brand_Product_Size": "Kellogg's Corn Flakes Gluten Free Breakfast Cereal 270g",
    "WOW Price": 3.5,
    "WOW Size": "270g",
    "WOW ppu": "$1.30 / 100G"
  },
  {
    "Brand_Product_Size": "John West Mackerel Fillets 125g",
    "WOW Price": 3.3,
    "WOW Size": "125g",
    "WOW ppu": "$26.40 / 1KG"
  },
  {
    "Brand_Product_Size": "Cenovis Sugarless C 500mg Tablets Orange Flavour 160 pack",
    "WOW Price": 8.4,
    "WOW Size": "160 pack",
    "WOW ppu": "$5.25 / 100EA"
  },
  {
    "Brand_Product_Size": "Oc Naturals Body Wash Rejuvinating Rose Patchouli 725mL",
    "WOW Price": 5.5,
    "WOW Size": "725mL",
    "WOW ppu": "$0.76 / 100ML"
  },
  {
    "Brand_Product_Size": "Glen 20 Pure Air Freshener Morning Breeze 283g",
    "WOW Price": 10,
    "WOW Size": "283g",
    "WOW ppu": "$3.53 / 100G"
  },
  {
    "Brand_Product_Size": "The Bar Counter Protein Balls Chocolate Mint Brownie 30g",
    "WOW Price": 2.5,
    "WOW Size": "30g",
    "WOW ppu": "$8.33 / 100G"
  },
  {
    "Brand_Product_Size": "Energizer Max Aaa Batteries 14 pack",
    "WOW Price": 19.5,
    "WOW Size": "14 pack",
    "WOW ppu": "$1.39 / 1EA"
  },
  {
    "Brand_Product_Size": "Taylor's Simmer Sauce Peanut Satay 525g",
    "WOW Price": 3.8,
    "WOW Size": "525g",
    "WOW ppu": "$0.72 / 100G"
  },
  {
    "Brand_Product_Size": "Carman's Nutty Delights Dark Choc Cherry & Coconut Bars 8 pack",
    "WOW Price": 6,
    "WOW Size": "8 pack",
    "WOW ppu": "$3.75 / 100G"
  },
  {
    "Brand_Product_Size": "Carman's Nutty Delights Dark Choc Cherry & Coconut Bars 8 pack",
    "WOW Price": 6,
    "WOW Size": "8 pack",
    "WOW ppu": "$3.75 / 100G"
  },
  {
    "Brand_Product_Size": "Praise Dressings French Fat Free 330mL",
    "WOW Price": 3,
    "WOW Size": "330mL",
    "WOW ppu": "$0.91 / 100ML"
  },
  {
    "Brand_Product_Size": "Cobram Estate Extra Virgin Olive Oil Garlic Infused 250mL",
    "WOW Price": 6,
    "WOW Size": "250mL",
    "WOW ppu": "$2.40 / 100ML"
  },
  {
    "Brand_Product_Size": "Nong Shim Shrimp Meat Chip Shrimp Meat Chips 75g",
    "WOW Price": 2.3,
    "WOW Size": "75g",
    "WOW ppu": "$30.67 / 1KG"
  },
  {
    "Brand_Product_Size": "Body Science Collagen Low Carb Protein Bar Caramel Choc Chunk 60g",
    "WOW Price": 4,
    "WOW Size": "60g",
    "WOW ppu": "$6.67 / 100G"
  },
  {
    "Brand_Product_Size": "Gravox Gravy Mix Roast Meat 120g",
    "WOW Price": 3.5,
    "WOW Size": "120g",
    "WOW ppu": "$0.29 / 10G"
  },
  {
    "Brand_Product_Size": "Dr. Oetker Papa Giuseppis Rising Stuffed Crust Supreme Pizza 525g",
    "WOW Price": 8,
    "WOW Size": "525g",
    "WOW ppu": "$1.52 / 100G"
  },
  {
    "Brand_Product_Size": "Nature's Way Magnesium + Calcium 90 pack",
    "WOW Price": 20,
    "WOW Size": "90 pack",
    "WOW ppu": "$22.22 / 100EA"
  },
  {
    "Brand_Product_Size": "Gillette Pure Shaving Cream For Men 170g",
    "WOW Price": 8.5,
    "WOW Size": "170g",
    "WOW ppu": "$4.80 / 100ML"
  },
  {
    "Brand_Product_Size": "Arnott's Dare Iced Coffee Slice Biscuits 185g",
    "WOW Price": 4,
    "WOW Size": "185g",
    "WOW ppu": "$2.16 / 100G"
  },
  {
    "Brand_Product_Size": "Air Wick Pure Freshmatic Prime 157g",
    "WOW Price": 15,
    "WOW Size": "157g",
    "WOW ppu": "$9.55 / 100G"
  },
  {
    "Brand_Product_Size": "Maseur Footcare Foam Latex Insole 1 pair",
    "WOW Price": 2.5,
    "WOW Size": "1 pair",
    "WOW ppu": ""
  },
  {
    "Brand_Product_Size": "Total Care Tasty Chew Heartwormer & Allwormer For Small Dogs 3 pack",
    "WOW Price": 27.49,
    "WOW Size": "3 pack",
    "WOW ppu": "$9.16 / 1EA"
  },
  {
    "Brand_Product_Size": "Herbal Essences Conditioner Normal Moisture Balancing 490mL",
    "WOW Price": 10,
    "WOW Size": "490mL",
    "WOW ppu": "$2.04 / 100ML"
  },
  {
    "Brand_Product_Size": "Continental Nutrish Soup Feeling Clucky 33g",
    "WOW Price": 2,
    "WOW Size": "33g",
    "WOW ppu": "$6.06 / 100G"
  },
  {
    "Brand_Product_Size": "Suimin Chicken & Prawn Noodle Cup 70g",
    "WOW Price": 1.5,
    "WOW Size": "70g",
    "WOW ppu": "$2.14 / 100G"
  },
  {
    "Brand_Product_Size": "Noya Cashew Nut Butter 250g",
    "WOW Price": 8.5,
    "WOW Size": "250g",
    "WOW ppu": "$3.40 / 100G"
  },
  {
    "Brand_Product_Size": "Noya Cashew Nut Butter 250g",
    "WOW Price": 8.5,
    "WOW Size": "250g",
    "WOW ppu": "$3.40 / 100G"
  },
  {
    "Brand_Product_Size": "Siggi's 4% Fat Yoghurt Mango 125g",
    "WOW Price": 2,
    "WOW Size": "125g",
    "WOW ppu": "$1.60 / 100G"
  },
  {
    "Brand_Product_Size": "Elmer's Glitter Glue 177mL",
    "WOW Price": 7,
    "WOW Size": "177mL",
    "WOW ppu": ""
  },
  {
    "Brand_Product_Size": "Nivea Men Sport Shower Gel & Body Wash 500mL",
    "WOW Price": 6,
    "WOW Size": "500mL",
    "WOW ppu": "$1.20 / 100ML"
  },
  {
    "Brand_Product_Size": "Nestle Sweetened Skim Condensed Milk 400g",
    "WOW Price": 3.2,
    "WOW Size": "400g",
    "WOW ppu": "$0.80 / 100G"
  },
  {
    "Brand_Product_Size": "Nestle Sweetened Skim Condensed Milk 400g",
    "WOW Price": 3.2,
    "WOW Size": "400g",
    "WOW ppu": "$0.80 / 100G"
  },
  {
    "Brand_Product_Size": "Nestle Sweetened Skim Condensed Milk 400g",
    "WOW Price": 3.2,
    "WOW Size": "400g",
    "WOW ppu": "$0.80 / 100G"
  },
  {
    "Brand_Product_Size": "Red Seal Peach & Pineapple Hot Or Cold Brew Tea 20 pack",
    "WOW Price": 4.5,
    "WOW Size": "20 pack",
    "WOW ppu": "$0.23 / 1EA"
  },
  {
    "Brand_Product_Size": "Red Seal Peach & Pineapple Hot Or Cold Brew Tea 20 pack",
    "WOW Price": 4.5,
    "WOW Size": "20 pack",
    "WOW ppu": "$0.23 / 1EA"
  },
  {
    "Brand_Product_Size": "Dymo Letratag Tape Refill Plastic White each",
    "WOW Price": 16,
    "WOW Size": "each",
    "WOW ppu": ""
  },
  {
    "Brand_Product_Size": "Aussie Bodies Lo Carb Lean Protein Shake Chocolate 375mL",
    "WOW Price": 3.2,
    "WOW Size": "375mL",
    "WOW ppu": "$8.53 / 1L"
  },
  {
    "Brand_Product_Size": "Toni & Guy Bobby Pin Combo Brown 30pc",
    "WOW Price": 4.9,
    "WOW Size": "30pc",
    "WOW ppu": ""
  },
  {
    "Brand_Product_Size": "Cuddly Hypoallergenic Fabric Softener Soft & Sensitive 2L",
    "WOW Price": 15,
    "WOW Size": "2L",
    "WOW ppu": "$7.50 / 1L"
  },
  {
    "Brand_Product_Size": "Tommee Tippee 360 Insulated Cup each",
    "WOW Price": 12,
    "WOW Size": "each",
    "WOW ppu": "$12.00 / 1EA"
  },
  {
    "Brand_Product_Size": "Woolworths Tasty Cheese & Garlic Stuffed Olives 45g",
    "WOW Price": 3,
    "WOW Size": "45g",
    "WOW ppu": "$66.67 / 1KG"
  },
  {
    "Brand_Product_Size": "Decor Bamboo Tumbler Pebble each",
    "WOW Price": 2,
    "WOW Size": "each",
    "WOW ppu": "$2.00 / 1EA"
  },
  {
    "Brand_Product_Size": "Passage To Asia Satay Chicken 200g",
    "WOW Price": 3,
    "WOW Size": "200g",
    "WOW ppu": "$1.50 / 100G"
  },
  {
    "Brand_Product_Size": "Rennie Indigestion & Heartburn Relief Spearmint Chewable Tablets 48 pack",
    "WOW Price": 8,
    "WOW Size": "48 pack",
    "WOW ppu": "$0.17 / 1EA"
  },
  {
    "Brand_Product_Size": "Essentials Glass Salad Bowl each",
    "WOW Price": 8,
    "WOW Size": "each",
    "WOW ppu": ""
  },
  {
    "Brand_Product_Size": "Homebrand Pool Salt 10kg",
    "WOW Price": 5.49,
    "WOW Size": "10kg",
    "WOW ppu": "$0.55 / 1KG"
  },
  {
    "Brand_Product_Size": "Fancy Feast Puree Kiss Tuna Puree With Chicken Flakes Cat Treats 40g",
    "WOW Price": 3.2,
    "WOW Size": "40g",
    "WOW ppu": "$8.00 / 100G"
  },
  {
    "Brand_Product_Size": "Oral-b Pro 1500 Gentle Clean Electric Toothbrush each",
    "WOW Price": 130,
    "WOW Size": "each",
    "WOW ppu": "$130.00 / 1EA"
  },
  {
    "Brand_Product_Size": "Sunraysia Prune Juice 1L",
    "WOW Price": 6,
    "WOW Size": "1L",
    "WOW ppu": "$6.00 / 1L"
  },
  {
    "Brand_Product_Size": "Laucke Multigrain Soy Linseed Bread Mix 2.4kg",
    "WOW Price": 9.2,
    "WOW Size": "2.4kg",
    "WOW ppu": "$3.83 / 1KG"
  },
  {
    "Brand_Product_Size": "Ajax Spray N' Wipe Antibacterial Bathroom Cleaner Fresh 500mL",
    "WOW Price": 3,
    "WOW Size": "500mL",
    "WOW ppu": "$0.60 / 100ML"
  },
  {
    "Brand_Product_Size": "Korbond Polyester Thread Dark Colours 14m 12 pack",
    "WOW Price": 3,
    "WOW Size": "12 pack",
    "WOW ppu": ""
  },
  {
    "Brand_Product_Size": "Doldori Seaweed Hot & Spicy 30g",
    "WOW Price": 3,
    "WOW Size": "30g",
    "WOW ppu": "$10.00 / 100G"
  },
  {
    "Brand_Product_Size": "Energizer A27 Alkaline Battery each",
    "WOW Price": 2.49,
    "WOW Size": "each",
    "WOW ppu": "$2.49 / 1EA"
  },
  {
    "Brand_Product_Size": "Cancer Council Bb Cream Matte Medium Light Tint 50mL",
    "WOW Price": 15,
    "WOW Size": "50mL",
    "WOW ppu": ""
  },
  {
    "Brand_Product_Size": "Bega Peanut Butter Super Crunchy 470g",
    "WOW Price": 5.9,
    "WOW Size": "470g",
    "WOW ppu": "$1.26 / 100G"
  },
  {
    "Brand_Product_Size": "Bega Peanut Butter Super Crunchy 470g",
    "WOW Price": 5.9,
    "WOW Size": "470g",
    "WOW ppu": "$1.26 / 100G"
  },
  {
    "Brand_Product_Size": "Maybelline Face Studio Master Concealer - Light Medium 12mL",
    "WOW Price": 8,
    "WOW Size": "12mL",
    "WOW ppu": "$6.67 / 10ML"
  },
  {
    "Brand_Product_Size": "Bubs Goat Infant Formula Stage 1 800g",
    "WOW Price": 38,
    "WOW Size": "800g",
    "WOW ppu": "$4.75 / 100G"
  },
  {
    "Brand_Product_Size": "Kellogg's K-time Baked Twists Strawberry & Yoghurt Flavour Snack Bars 5 pack",
    "WOW Price": 2,
    "WOW Size": "5 pack",
    "WOW ppu": "$1.08 / 100G"
  },
  {
    "Brand_Product_Size": "Kellogg's K-time Baked Twists Strawberry & Yoghurt Flavour Snack Bars 5 pack",
    "WOW Price": 2,
    "WOW Size": "5 pack",
    "WOW ppu": "$1.08 / 100G"
  },
  {
    "Brand_Product_Size": "Raw C Organic Virgin Coconut Oil 1500mL",
    "WOW Price": 18,
    "WOW Size": "1500mL",
    "WOW ppu": "$1.20 / 100ML"
  },
  {
    "Brand_Product_Size": "Bow Wow Treat Pig Ears Longer Chew 300g",
    "WOW Price": 18.99,
    "WOW Size": "300g",
    "WOW ppu": "$6.33 / 100G"
  },
  {
    "Brand_Product_Size": "Rose's Raspberry Conserve 500g",
    "WOW Price": 3.85,
    "WOW Size": "500g",
    "WOW ppu": "$0.77 / 100G"
  },
  {
    "Brand_Product_Size": "Armada Paper Bowls 10 pack",
    "WOW Price": 2,
    "WOW Size": "10 pack",
    "WOW ppu": ""
  },
  {
    "Brand_Product_Size": "Decor Bamboo Bowl Teal each",
    "WOW Price": 2,
    "WOW Size": "each",
    "WOW ppu": "$2.00 / 1EA"
  },
  {
    "Brand_Product_Size": "Vege Chips Deli Crisps Lentil Lightly Salted 100g",
    "WOW Price": 5.5,
    "WOW Size": "100g",
    "WOW ppu": "$5.50 / 100G"
  },
  {
    "Brand_Product_Size": "Coca-cola Classic Soft Drink Can 250mL",
    "WOW Price": 2.25,
    "WOW Size": "250mL",
    "WOW ppu": "$9.00 / 1L"
  },
  {
    "Brand_Product_Size": "Woolworths Battered Fish Fillets 425g",
    "WOW Price": 4.6,
    "WOW Size": "425g",
    "WOW ppu": "$10.82 / 1KG"
  },
  {
    "Brand_Product_Size": "Ecostore Body Wash Vanilla & Coconut 900mL",
    "WOW Price": 14,
    "WOW Size": "900mL",
    "WOW ppu": "$1.56 / 100ML"
  },
  {
    "Brand_Product_Size": "Equal Sweetener Tablets 300 pack",
    "WOW Price": 9.35,
    "WOW Size": "300 pack",
    "WOW ppu": "$3.12 / 100EA"
  },
  {
    "Brand_Product_Size": "Goulburn Valley Peaches In Juice 2 pack",
    "WOW Price": 4,
    "WOW Size": "2 pack",
    "WOW ppu": "$11.76 / 1KG"
  },
  {
    "Brand_Product_Size": "Woolworths Free From Gluten Barbecue Flavoured Crackers 8 pack",
    "WOW Price": 4,
    "WOW Size": "8 pack",
    "WOW ppu": "$2.00 / 100G"
  },
  {
    "Brand_Product_Size": "Skyn Assorted Condoms 20 pack",
    "WOW Price": 17,
    "WOW Size": "20 pack",
    "WOW ppu": "$0.85 / 1EA"
  },
  {
    "Brand_Product_Size": "Latina Fresh Lasagne Sheets 375g",
    "WOW Price": 5,
    "WOW Size": "375g",
    "WOW ppu": "$1.33 / 100G"
  },
  {
    "Brand_Product_Size": "Olay Moisturising Cream 100g",
    "WOW Price": 13,
    "WOW Size": "100g",
    "WOW ppu": "$13.00 / 100G"
  },
  {
    "Brand_Product_Size": "Green's Cake Mix Traditional Carrot 470g",
    "WOW Price": 2.75,
    "WOW Size": "470g",
    "WOW ppu": "$0.59 / 100G"
  },
  {
    "Brand_Product_Size": "Selleys Grease & Grime Bbq Accessory Cleaner 500mL",
    "WOW Price": 8.8,
    "WOW Size": "500mL",
    "WOW ppu": "$1.76 / 100ML"
  },
  {
    "Brand_Product_Size": "Lakanto Monkfruit Sweetener Baking Blend 200g",
    "WOW Price": 9.95,
    "WOW Size": "200g",
    "WOW ppu": "$4.98 / 100G"
  },
  {
    "Brand_Product_Size": "Nature's Way Rosehip & Collagen Tablets 60 pack",
    "WOW Price": 30,
    "WOW Size": "60 pack",
    "WOW ppu": "$50.00 / 100EA"
  },
  {
    "Brand_Product_Size": "Evergreen Fried Tofu Puff 200g",
    "WOW Price": 4.4,
    "WOW Size": "200g",
    "WOW ppu": "$22.00 / 1KG"
  },
  {
    "Brand_Product_Size": "Pureharvest Organic Aussie Dream Rice Milk 1L",
    "WOW Price": 2.2,
    "WOW Size": "1L",
    "WOW ppu": "$2.20 / 1L"
  },
  {
    "Brand_Product_Size": "Pureharvest Organic Aussie Dream Rice Milk 1L",
    "WOW Price": 2.2,
    "WOW Size": "1L",
    "WOW ppu": "$2.20 / 1L"
  },
  {
    "Brand_Product_Size": "Revlon Skinlights Day Break Glimmer Highlighter 8g",
    "WOW Price": 12.5,
    "WOW Size": "8g",
    "WOW ppu": "$15.63 / 10G"
  },
  {
    "Brand_Product_Size": "Bonds Singlet Mens Chesty White Size 16 1 pack",
    "WOW Price": 15,
    "WOW Size": "1 pack",
    "WOW ppu": ""
  },
  {
    "Brand_Product_Size": "Cold Power 2 In 1 Advanced Clean Fabric Softener 900g",
    "WOW Price": 11,
    "WOW Size": "900g",
    "WOW ppu": "$12.22 / 1KG"
  },
  {
    "Brand_Product_Size": "Revlon Photoready Perfecting Makeup Primer 27mL",
    "WOW Price": 15,
    "WOW Size": "27mL",
    "WOW ppu": "$5.56 / 10ML"
  },
  {
    "Brand_Product_Size": "Bulldog Original Face Wash 150mL",
    "WOW Price": 10,
    "WOW Size": "150mL",
    "WOW ppu": "$6.67 / 100ML"
  },
  {
    "Brand_Product_Size": "Fish Well Preserved Vege Yuquan 350g",
    "WOW Price": 3,
    "WOW Size": "350g",
    "WOW ppu": "$0.86 / 100G"
  },
  {
    "Brand_Product_Size": "Nestle Aero Peppermint 40g bar",
    "WOW Price": 1,
    "WOW Size": "40g bar",
    "WOW ppu": "$2.50 / 100G"
  },
  {
    "Brand_Product_Size": "Paperclick Adhesive Labels Rectangle White 18mm X 38mm 72 pack",
    "WOW Price": 2,
    "WOW Size": "72 pack",
    "WOW ppu": ""
  },
  {
    "Brand_Product_Size": "Golden Circle Orange & Mango Fruit Drink 2L",
    "WOW Price": 2.7,
    "WOW Size": "2L",
    "WOW ppu": "$1.35 / 1L"
  },
  {
    "Brand_Product_Size": "Underworks Ladies Sneaker Sock White Size 5 - 8 5 pack",
    "WOW Price": 10,
    "WOW Size": "5 pack",
    "WOW ppu": ""
  },
  {
    "Brand_Product_Size": "Powerade Zero Berry Ice Flo Cap 600mL",
    "WOW Price": 2.2,
    "WOW Size": "600mL",
    "WOW ppu": "$3.67 / 1L"
  },
  {
    "Brand_Product_Size": "Jack Hammer Hex Keys 8 pack",
    "WOW Price": 6,
    "WOW Size": "8 pack",
    "WOW ppu": ""
  },
  {
    "Brand_Product_Size": "Smith's Potato Chips Fun Mix Multipack Variety 20 pack",
    "WOW Price": 5.5,
    "WOW Size": "20 pack",
    "WOW ppu": "$1.47 / 100G"
  },
  {
    "Brand_Product_Size": "Oral-b Gum Care & Enamel Restore Toothpaste Smooth Mint 110g",
    "WOW Price": 7,
    "WOW Size": "110g",
    "WOW ppu": "$6.36 / 100G"
  },
  {
    "Brand_Product_Size": "Le Tan Classic Express Self Tanning Foam 110mL",
    "WOW Price": 9,
    "WOW Size": "110mL",
    "WOW ppu": "$8.18 / 100ML"
  },
  {
    "Brand_Product_Size": "Lowan Quick Whole Grain Oats 1kg",
    "WOW Price": 4,
    "WOW Size": "1kg",
    "WOW ppu": "$0.40 / 100G"
  },
  {
    "Brand_Product_Size": "Our Mate Yeast Extract 125g",
    "WOW Price": 4.9,
    "WOW Size": "125g",
    "WOW ppu": "$3.92 / 100G"
  },
  {
    "Brand_Product_Size": "Hart & Soul Noodle Soup Laksa 155g",
    "WOW Price": 4,
    "WOW Size": "155g",
    "WOW ppu": "$2.58 / 100G"
  },
  {
    "Brand_Product_Size": "Sanitarium So Good Long Life Original Almond Milk 1L",
    "WOW Price": 2.7,
    "WOW Size": "1L",
    "WOW ppu": "$2.70 / 1L"
  },
  {
    "Brand_Product_Size": "Sanitarium So Good Long Life Original Almond Milk 1L",
    "WOW Price": 2.7,
    "WOW Size": "1L",
    "WOW ppu": "$2.70 / 1L"
  },
  {
    "Brand_Product_Size": "Vitaustralia Lanolin Oil Cream 250g",
    "WOW Price": 3.49,
    "WOW Size": "250g",
    "WOW ppu": "$1.40 / 100G"
  },
  {
    "Brand_Product_Size": "Annabel Karmel Mummy's Favourite Fish Pie 200g",
    "WOW Price": 4,
    "WOW Size": "200g",
    "WOW ppu": "$2.00 / 100G"
  },
  {
    "Brand_Product_Size": "Garnier Fructis Full & Luscious Conditioner 850mL",
    "WOW Price": 7.5,
    "WOW Size": "850mL",
    "WOW ppu": "$0.88 / 100ML"
  },
  {
    "Brand_Product_Size": "Temptations Cat Treats Tasty Chicken 85g",
    "WOW Price": 3,
    "WOW Size": "85g",
    "WOW ppu": "$3.53 / 100G"
  },
  {
    "Brand_Product_Size": "Neutrogena Hydro Boost Water Gel 50g",
    "WOW Price": 27,
    "WOW Size": "50g",
    "WOW ppu": "$5.40 / 10G"
  },
  {
    "Brand_Product_Size": "Essentials Kids Socks Sport Low Cut Size 13-3 4 pack",
    "WOW Price": 8,
    "WOW Size": "4 pack",
    "WOW ppu": "$2.00 / 1EA"
  },
  {
    "Brand_Product_Size": "Arnott's Mini Choc Chip, Jatz, & Scotch Finger Multipack 12 pack",
    "WOW Price": 5,
    "WOW Size": "12 pack",
    "WOW ppu": "$1.71 / 100G"
  },
  {
    "Brand_Product_Size": "Arnott's Mini Choc Chip, Jatz, & Scotch Finger Multipack 12 pack",
    "WOW Price": 5,
    "WOW Size": "12 pack",
    "WOW ppu": "$1.71 / 100G"
  },
  {
    "Brand_Product_Size": "Veggie Delights Thai Chilli & Lime Cakes 280g",
    "WOW Price": 6,
    "WOW Size": "280g",
    "WOW ppu": "$2.14 / 100G"
  },
  {
    "Brand_Product_Size": "Lion Pastry Mix 375g",
    "WOW Price": 2.5,
    "WOW Size": "375g",
    "WOW ppu": "$0.67 / 100G"
  },
  {
    "Brand_Product_Size": "Mint Netted Food Cover each",
    "WOW Price": 3,
    "WOW Size": "each",
    "WOW ppu": ""
  },
  {
    "Brand_Product_Size": "Philips Light Globe Led 10.5w 1055 Lumen Cool Es each",
    "WOW Price": 8,
    "WOW Size": "each",
    "WOW ppu": "$8.00 / 1EA"
  },
  {
    "Brand_Product_Size": "Spam Teriyaki 340g",
    "WOW Price": 5.5,
    "WOW Size": "340g",
    "WOW ppu": "$16.18 / 1KG"
  },
  {
    "Brand_Product_Size": "Raid Exterminator Flea & Cockroach Bomb 3 pack",
    "WOW Price": 10,
    "WOW Size": "3 pack",
    "WOW ppu": "$3.33 / 1EA"
  },
  {
    "Brand_Product_Size": "Aerogard Insect Repellent Lotion Roll On Tropical 50mL",
    "WOW Price": 6.5,
    "WOW Size": "50mL",
    "WOW ppu": "$13.00 / 100ML"
  },
  {
    "Brand_Product_Size": "Praise Dressings Coleslaw 99% Fat Free 330mL",
    "WOW Price": 3,
    "WOW Size": "330mL",
    "WOW ppu": "$0.91 / 100ML"
  },
  {
    "Brand_Product_Size": "Woolworths Canned Ham 340g",
    "WOW Price": 3.5,
    "WOW Size": "340g",
    "WOW ppu": "$10.29 / 1KG"
  },
  {
    "Brand_Product_Size": "Help@hand Chesty Cough Syrup Cherry Flavoured 200mL",
    "WOW Price": 6.5,
    "WOW Size": "200mL",
    "WOW ppu": "$3.25 / 100ML"
  },
  {
    "Brand_Product_Size": "Masterfoods Seasoning All Purpose 200g",
    "WOW Price": 5.7,
    "WOW Size": "200g",
    "WOW ppu": "$0.29 / 10G"
  },
  {
    "Brand_Product_Size": "Wisdom Instant Dazzling Whitening Pen each",
    "WOW Price": 10,
    "WOW Size": "each",
    "WOW ppu": "$10.00 / 1EA"
  },
  {
    "Brand_Product_Size": "Fountain Thick Mint Sauce 250mL",
    "WOW Price": 2.5,
    "WOW Size": "250mL",
    "WOW ppu": "$1.00 / 100ML"
  },
  {
    "Brand_Product_Size": "Betty Crocker White Chocolate Fudge Brownie Mix 500g",
    "WOW Price": 5.2,
    "WOW Size": "500g",
    "WOW ppu": "$1.04 / 100G"
  },
  {
    "Brand_Product_Size": "Table Of Plenty Panko Crumbs Deep South Cajun Blend 150g",
    "WOW Price": 4.5,
    "WOW Size": "150g",
    "WOW ppu": "$0.30 / 10G"
  },
  {
    "Brand_Product_Size": "Oscar Orsen Half Claws Black & Shell 2 pack",
    "WOW Price": 4,
    "WOW Size": "2 pack",
    "WOW ppu": ""
  },
  {
    "Brand_Product_Size": "Farmers Harvest Vegetable Oil 4L",
    "WOW Price": 19,
    "WOW Size": "4L",
    "WOW ppu": "$0.48 / 100ML"
  },
  {
    "Brand_Product_Size": "Thomas Dux English Red Leicester 200g",
    "WOW Price": 4.5,
    "WOW Size": "200g",
    "WOW ppu": "$22.50 / 1KG"
  },
  {
    "Brand_Product_Size": "Thomas Dux English Red Leicester 200g",
    "WOW Price": 4.5,
    "WOW Size": "200g",
    "WOW ppu": "$22.50 / 1KG"
  },
  {
    "Brand_Product_Size": "Streets Golden Gaytime Coco Pops 4 pack",
    "WOW Price": 8.5,
    "WOW Size": "4 pack",
    "WOW ppu": "$2.13 / 100ML"
  },
  {
    "Brand_Product_Size": "Paldo Dosirac Beef Noodles 86g",
    "WOW Price": 2,
    "WOW Size": "86g",
    "WOW ppu": "$2.33 / 100G"
  },
  {
    "Brand_Product_Size": "Il Molino Polenta Bramata Traditional 500g",
    "WOW Price": 2.8,
    "WOW Size": "500g",
    "WOW ppu": "$5.60 / 1KG"
  },
  {
    "Brand_Product_Size": "Neutrogena Oil Free Acne Pink Grapefruit Cleanser 175mL",
    "WOW Price": 15.5,
    "WOW Size": "175mL",
    "WOW ppu": "$8.86 / 100ML"
  },
  {
    "Brand_Product_Size": "Armada Resealable Snack Bags 50 pack",
    "WOW Price": 1.6,
    "WOW Size": "50 pack",
    "WOW ppu": "$0.03 / 1EA"
  },
  {
    "Brand_Product_Size": "Armada Resealable Snack Bags 50 pack",
    "WOW Price": 1.6,
    "WOW Size": "50 pack",
    "WOW ppu": "$0.03 / 1EA"
  },
  {
    "Brand_Product_Size": "Vileda Scourer Power Scrub each",
    "WOW Price": 2.5,
    "WOW Size": "each",
    "WOW ppu": "$1.25 / 1EA"
  },
  {
    "Brand_Product_Size": "Sunbites Grain Waves Wholegrain Chips Sour Cream & Chives 170g",
    "WOW Price": 2.5,
    "WOW Size": "170g",
    "WOW ppu": "$1.47 / 100G"
  },
  {
    "Brand_Product_Size": "Clean Laundry Liquid Sunny Glow 2L",
    "WOW Price": 5.5,
    "WOW Size": "2L",
    "WOW ppu": "$2.75 / 1L"
  },
  {
    "Brand_Product_Size": "Cover Girl Easy Breezy Brow Pencil Soft Brown each",
    "WOW Price": 7,
    "WOW Size": "each",
    "WOW ppu": "$70.00 / 10G"
  },
  {
    "Brand_Product_Size": "Disney Frozen Hair Accessories Multi Pack Assorted each",
    "WOW Price": 5.6,
    "WOW Size": "each",
    "WOW ppu": ""
  },
  {
    "Brand_Product_Size": "Cottee's Cordial Orange No Added Sugar 1L",
    "WOW Price": 4.2,
    "WOW Size": "1L",
    "WOW ppu": "$4.20 / 1L"
  },
  {
    "Brand_Product_Size": "Masterfoods Barbecue Sauce Reduced Salt & Sugar 475mL",
    "WOW Price": 1.47,
    "WOW Size": "475mL",
    "WOW ppu": "$0.31 / 100ML"
  },
  {
    "Brand_Product_Size": "Hubbards Almond & Pecan Toasted Muesli 450g",
    "WOW Price": 7,
    "WOW Size": "450g",
    "WOW ppu": "$1.56 / 100G"
  },
  {
    "Brand_Product_Size": "Woolworths 100% Prune Juice 1L",
    "WOW Price": 3.15,
    "WOW Size": "1L",
    "WOW ppu": "$3.15 / 1L"
  },
  {
    "Brand_Product_Size": "My Dog Beef And Veal Loaf Classics Wet Dog Food Can 680g",
    "WOW Price": 3.4,
    "WOW Size": "680g",
    "WOW ppu": "$0.50 / 100G"
  },
  {
    "Brand_Product_Size": "Woolworths Lemon & Passionfruit Tart 500g",
    "WOW Price": 12,
    "WOW Size": "500g",
    "WOW ppu": "$2.40 / 100G"
  },
  {
    "Brand_Product_Size": "Ansell Garden Comfort Gloves Medium each",
    "WOW Price": 9,
    "WOW Size": "each",
    "WOW ppu": ""
  },
  {
    "Brand_Product_Size": "Pedigree Casserole With Beef & Gravy Wet Dog Food Can 1.2kg",
    "WOW Price": 3,
    "WOW Size": "1.2kg",
    "WOW ppu": "$0.25 / 100G"
  },
  {
    "Brand_Product_Size": "Vicks Baby Balsam 100g",
    "WOW Price": 14.4,
    "WOW Size": "100g",
    "WOW ppu": "$14.40 / 100G"
  },
  {
    "Brand_Product_Size": "Korbond Party Candle Metallics Number 8 19g",
    "WOW Price": 1.5,
    "WOW Size": "19g",
    "WOW ppu": "$1.50 / 1EA"
  },
  {
    "Brand_Product_Size": "Maybelline Falsies Lash Lift Waterproof Mascara Very Black each",
    "WOW Price": 12.5,
    "WOW Size": "each",
    "WOW ppu": "$14.53 / 10ML"
  },
  {
    "Brand_Product_Size": "Illy Ground Coffee Espresso 250g",
    "WOW Price": 15,
    "WOW Size": "250g",
    "WOW ppu": "$6.00 / 100G"
  },
  {
    "Brand_Product_Size": "Illy Ground Coffee Espresso 250g",
    "WOW Price": 15,
    "WOW Size": "250g",
    "WOW ppu": "$6.00 / 100G"
  },
  {
    "Brand_Product_Size": "Balnea Refreshing Coconut & Lime Oil Bar Soap 5 pack",
    "WOW Price": 2.2,
    "WOW Size": "5 pack",
    "WOW ppu": "$0.44 / 1EA"
  },
  {
    "Brand_Product_Size": "Manicare Grooming Set Manicure & Pedicure 4 pack",
    "WOW Price": 8,
    "WOW Size": "4 pack",
    "WOW ppu": ""
  },
  {
    "Brand_Product_Size": "Marvel Ooshies Xl Capsule each",
    "WOW Price": 4,
    "WOW Size": "each",
    "WOW ppu": ""
  },
  {
    "Brand_Product_Size": "Lea & Perrins Sauce Worcestershire 290mL",
    "WOW Price": 3.4,
    "WOW Size": "290mL",
    "WOW ppu": "$1.17 / 100ML"
  },
  {
    "Brand_Product_Size": "Artline 200 Fineline Pen Black 0.4mm 2 pack",
    "WOW Price": 3,
    "WOW Size": "2 pack",
    "WOW ppu": ""
  },
  {
    "Brand_Product_Size": "Decor Tellfresh Super Storer 8.5L",
    "WOW Price": 16,
    "WOW Size": "8.5L",
    "WOW ppu": ""
  },
  {
    "Brand_Product_Size": "Inside Out Almond Milk Organic Cacao 350mL",
    "WOW Price": 3,
    "WOW Size": "350mL",
    "WOW ppu": "$8.57 / 1L"
  },
  {
    "Brand_Product_Size": "Piksters Interdental Brushes Size 00 10 pack",
    "WOW Price": 7,
    "WOW Size": "10 pack",
    "WOW ppu": "$0.70 / 1EA"
  },
  {
    "Brand_Product_Size": "Applaws Nature's Calling Cat Litter 2.7kg",
    "WOW Price": 13.5,
    "WOW Size": "2.7kg",
    "WOW ppu": "$5.00 / 1KG"
  },
  {
    "Brand_Product_Size": "Vaalia Kids Lactose Free Yoghurt Pouch Strawberry 140g",
    "WOW Price": 1.7,
    "WOW Size": "140g",
    "WOW ppu": "$1.21 / 100G"
  },
  {
    "Brand_Product_Size": "Vaalia Kids Lactose Free Yoghurt Pouch Strawberry 140g",
    "WOW Price": 1.7,
    "WOW Size": "140g",
    "WOW ppu": "$1.21 / 100G"
  },
  {
    "Brand_Product_Size": "Vaalia Kids Lactose Free Yoghurt Pouch Strawberry 140g",
    "WOW Price": 1.7,
    "WOW Size": "140g",
    "WOW ppu": "$1.21 / 100G"
  },
  {
    "Brand_Product_Size": "Prana On Plant Protein Bar Choc Hazelnut Flavour 40g",
    "WOW Price": 4,
    "WOW Size": "40g",
    "WOW ppu": "$10.00 / 100G"
  },
  {
    "Brand_Product_Size": "Huggies Baby Wipes Fragrance Free 3x80 pack",
    "WOW Price": 11.5,
    "WOW Size": "3x80 pack",
    "WOW ppu": "$4.79 / 100EA"
  },
  {
    "Brand_Product_Size": "Kirks Lemonade Sugar Free Bottle 1.25L",
    "WOW Price": 1.85,
    "WOW Size": "1.25L",
    "WOW ppu": "$1.48 / 1L"
  },
  {
    "Brand_Product_Size": "Arcosteel Cookware Universal Steamer 20cm each",
    "WOW Price": 6,
    "WOW Size": "each",
    "WOW ppu": ""
  },
  {
    "Brand_Product_Size": "Bonds Mens Underwear Hipster Brief X Large 5 pack",
    "WOW Price": 29,
    "WOW Size": "5 pack",
    "WOW ppu": "$5.80 / 1EA"
  },
  {
    "Brand_Product_Size": "Wallaby Oat Free Porridge Maple Fig Toasted Almond Meal 6 pack",
    "WOW Price": 5.5,
    "WOW Size": "6 pack",
    "WOW ppu": "$2.29 / 100G"
  },
  {
    "Brand_Product_Size": "Mother's Day Reusable Travel Cup each",
    "WOW Price": 8,
    "WOW Size": "each",
    "WOW ppu": ""
  },
  {
    "Brand_Product_Size": "Red Island Cold Pressed Olive Oil Extra Virgin 500mL",
    "WOW Price": 9.5,
    "WOW Size": "500mL",
    "WOW ppu": "$1.90 / 100ML"
  },
  {
    "Brand_Product_Size": "Nature's Gift Sustain Kangaroo Dry Dog Food 2.5kg",
    "WOW Price": 9.5,
    "WOW Size": "2.5kg",
    "WOW ppu": "$0.38 / 100G"
  },
  {
    "Brand_Product_Size": "Lucky Dog Adult Minced Beef, Vegetable & Marrowbone Dry Dog Food 3kg",
    "WOW Price": 6.99,
    "WOW Size": "3kg",
    "WOW ppu": "$0.23 / 100G"
  },
  {
    "Brand_Product_Size": "Woolworths Tuna Sweet Chilli 95g",
    "WOW Price": 0.9,
    "WOW Size": "95g",
    "WOW ppu": "$9.47 / 1KG"
  },
  {
    "Brand_Product_Size": "Bounce Plant Protein Almond Butter 42g",
    "WOW Price": 1.5,
    "WOW Size": "42g",
    "WOW ppu": "$3.57 / 100G"
  },
  {
    "Brand_Product_Size": "L'oreal Paris Preference 7.23 Dark Rose Gold each",
    "WOW Price": 11.4,
    "WOW Size": "each",
    "WOW ppu": ""
  },
  {
    "Brand_Product_Size": "Woolworths Free From Lactose Light Milk 1L",
    "WOW Price": 2.15,
    "WOW Size": "1L",
    "WOW ppu": "$2.15 / 1L"
  },
  {
    "Brand_Product_Size": "Balnea Orange Lemon & Bergamot Hand Wash 500mL",
    "WOW Price": 5,
    "WOW Size": "500mL",
    "WOW ppu": "$1.00 / 100ML"
  },
  {
    "Brand_Product_Size": "Woolworths Brown Rice Microwave Cups 2 pack",
    "WOW Price": 2,
    "WOW Size": "2 pack",
    "WOW ppu": "$0.80 / 100G"
  },
  {
    "Brand_Product_Size": "Woolworths Classic Butter Chicken 400g",
    "WOW Price": 8,
    "WOW Size": "400g",
    "WOW ppu": "$2.00 / 100G"
  },
  {
    "Brand_Product_Size": "Schweppes Sarsparilla 1.1L",
    "WOW Price": 1.25,
    "WOW Size": "1.1L",
    "WOW ppu": "$1.14 / 1L"
  },
  {
    "Brand_Product_Size": "Dettol Healthy Clean Antibacterial Bathroom Cleaner Trigger Spray 500mL",
    "WOW Price": 4.5,
    "WOW Size": "500mL",
    "WOW ppu": "$0.90 / 100ML"
  },
  {
    "Brand_Product_Size": "Masterfoods Recipe Base Curried Sausages 175g",
    "WOW Price": 2.2,
    "WOW Size": "175g",
    "WOW ppu": "$1.26 / 100G"
  },
  {
    "Brand_Product_Size": "Armada Plastic Plates White 20 pack",
    "WOW Price": 3,
    "WOW Size": "20 pack",
    "WOW ppu": "$0.15 / 1EA"
  },
  {
    "Brand_Product_Size": "L'oreal Paris Preference 9.23 Light Rose Gold each",
    "WOW Price": 11.4,
    "WOW Size": "each",
    "WOW ppu": ""
  },
  {
    "Brand_Product_Size": "Goliath Phlat Ball Junior Assorted each",
    "WOW Price": 12,
    "WOW Size": "each",
    "WOW ppu": ""
  },
  {
    "Brand_Product_Size": "Inspire Premium Bath Towel 600gms each",
    "WOW Price": 18,
    "WOW Size": "each",
    "WOW ppu": ""
  },
  {
    "Brand_Product_Size": "Masterfoods Reduced Salt & Sugar Tomato Sauce 475mL",
    "WOW Price": 1.47,
    "WOW Size": "475mL",
    "WOW ppu": "$0.31 / 100ML"
  },
  {
    "Brand_Product_Size": "Ingham's Frozen Chicken Breast Tenders Southern Style 400g",
    "WOW Price": 4.5,
    "WOW Size": "400g",
    "WOW ppu": "$11.25 / 1KG"
  },
  {
    "Brand_Product_Size": "Ardmona Organic Tomatoes Finely Crushed 400g",
    "WOW Price": 2,
    "WOW Size": "400g",
    "WOW ppu": "$5.00 / 1KG"
  },
  {
    "Brand_Product_Size": "Vicks Vapo Naturals Honey Drops 19 pack",
    "WOW Price": 3.2,
    "WOW Size": "19 pack",
    "WOW ppu": "$0.17 / 1EA"
  },
  {
    "Brand_Product_Size": "Soletti Duo Mix 160g",
    "WOW Price": 2.8,
    "WOW Size": "160g",
    "WOW ppu": "$1.75 / 100G"
  },
  {
    "Brand_Product_Size": "Cleaver's Organic Beef Hot Dogs 275g",
    "WOW Price": 9,
    "WOW Size": "275g",
    "WOW ppu": "$32.73 / 1KG"
  },
  {
    "Brand_Product_Size": "Body Science High Protein Low Carb Bar Rocky Road 60g",
    "WOW Price": 4,
    "WOW Size": "60g",
    "WOW ppu": "$6.67 / 100G"
  },
  {
    "Brand_Product_Size": "Clearblue Pregnancy Test, Ultra Early 3 pack",
    "WOW Price": 18,
    "WOW Size": "3 pack",
    "WOW ppu": "$6.00 / 1EA"
  },
  {
    "Brand_Product_Size": "Sharpie Rub-a-dub Laundry Marker each",
    "WOW Price": 3,
    "WOW Size": "each",
    "WOW ppu": ""
  },
  {
    "Brand_Product_Size": "Sistema Storage 7.9 Litre 2 pack",
    "WOW Price": 15,
    "WOW Size": "2 pack",
    "WOW ppu": ""
  },
  {
    "Brand_Product_Size": "Nerada Tea Bags 200 pack 400g",
    "WOW Price": 4.3,
    "WOW Size": "200 pack 400g",
    "WOW ppu": "$0.02 / 1EA"
  },
  {
    "Brand_Product_Size": "Nerada Tea Bags 200 pack 400g",
    "WOW Price": 4.3,
    "WOW Size": "200 pack 400g",
    "WOW ppu": "$0.02 / 1EA"
  },
  {
    "Brand_Product_Size": "Patties Party Pies 12 pack",
    "WOW Price": 8.5,
    "WOW Size": "12 pack",
    "WOW ppu": "$1.52 / 100G"
  },
  {
    "Brand_Product_Size": "Twinings Lemon Twist Tea Bags 10 pack 20g",
    "WOW Price": 2.9,
    "WOW Size": "10 pack 20g",
    "WOW ppu": "$0.29 / 1EA"
  },
  {
    "Brand_Product_Size": "Twinings Lemon Twist Tea Bags 10 pack 20g",
    "WOW Price": 2.9,
    "WOW Size": "10 pack 20g",
    "WOW ppu": "$0.29 / 1EA"
  },
  {
    "Brand_Product_Size": "Ichiban Noodle Bowl Roast Beef 150g",
    "WOW Price": 3.5,
    "WOW Size": "150g",
    "WOW ppu": "$2.33 / 100G"
  },
  {
    "Brand_Product_Size": "Golden Circle Sparkling Apple 4x250mL",
    "WOW Price": 6.4,
    "WOW Size": "4x250mL",
    "WOW ppu": "$6.40 / 1L"
  },
  {
    "Brand_Product_Size": "Glee Raspberry Flavoured Cordial Cordial 350mL",
    "WOW Price": 1.5,
    "WOW Size": "350mL",
    "WOW ppu": "$4.29 / 1L"
  },
  {
    "Brand_Product_Size": "L'oreal Excellence Creme Hair Colour 4.15 Dark Frosted Brown each",
    "WOW Price": 16,
    "WOW Size": "each",
    "WOW ppu": ""
  },
  {
    "Brand_Product_Size": "Mars Chocolate Large Party Share Bag 20 Piece 360g",
    "WOW Price": 5,
    "WOW Size": "360g",
    "WOW ppu": "$1.39 / 100G"
  },
  {
    "Brand_Product_Size": "Macro Organic Honey Macadamia Granola 400g",
    "WOW Price": 7,
    "WOW Size": "400g",
    "WOW ppu": "$1.75 / 100G"
  },
  {
    "Brand_Product_Size": "Woolworths Free From Double Choc Biscuit 160g",
    "WOW Price": 3.5,
    "WOW Size": "160g",
    "WOW ppu": "$2.19 / 100G"
  },
  {
    "Brand_Product_Size": "Woolworths Free From Double Choc Biscuit 160g",
    "WOW Price": 3.5,
    "WOW Size": "160g",
    "WOW ppu": "$2.19 / 100G"
  },
  {
    "Brand_Product_Size": "Yates Tomato & Veg Dust 500g",
    "WOW Price": 10.4,
    "WOW Size": "500g",
    "WOW ppu": "$2.08 / 100G"
  },
  {
    "Brand_Product_Size": "Essentials Reusable 1.5l Containers 2 pack",
    "WOW Price": 4.5,
    "WOW Size": "2 pack",
    "WOW ppu": ""
  },
  {
    "Brand_Product_Size": "Clairol Nice N Easy 8a Natural Medium Ash Blonde each",
    "WOW Price": 9,
    "WOW Size": "each",
    "WOW ppu": ""
  },
  {
    "Brand_Product_Size": "Clearasil Ultra Acne Treatment 4hr Rapid Action Pimple Cream 15mL",
    "WOW Price": 14.8,
    "WOW Size": "15mL",
    "WOW ppu": "$98.67 / 100ML"
  },
  {
    "Brand_Product_Size": "Macro Organic 6 Months+ Chicken With Sweetcorn & Pasta 120g",
    "WOW Price": 1.4,
    "WOW Size": "120g",
    "WOW ppu": "$1.17 / 100G"
  },
  {
    "Brand_Product_Size": "Farmers Union Natural Greek Style Yogurt 500g",
    "WOW Price": 4.3,
    "WOW Size": "500g",
    "WOW ppu": "$0.86 / 100G"
  },
  {
    "Brand_Product_Size": "Continental Instant Mashed Potato Deb Mash 115g",
    "WOW Price": 1.95,
    "WOW Size": "115g",
    "WOW ppu": "$16.96 / 1KG"
  },
  {
    "Brand_Product_Size": "Sally Hansen Xtreme Wear Nail Polish White On 11.8mL",
    "WOW Price": 3.5,
    "WOW Size": "11.8mL",
    "WOW ppu": ""
  },
  {
    "Brand_Product_Size": "Jack Link's Original Beef Jerky 50g",
    "WOW Price": 5,
    "WOW Size": "50g",
    "WOW ppu": "$100.00 / 1KG"
  },
  {
    "Brand_Product_Size": "Maybelline Brow Fast Sculpt Gel Mascara Brown each",
    "WOW Price": 7.5,
    "WOW Size": "each",
    "WOW ppu": "$27.27 / 10ML"
  },
  {
    "Brand_Product_Size": "Moccona Latte 30 pack",
    "WOW Price": 10.5,
    "WOW Size": "30 pack",
    "WOW ppu": "$0.35 / 1EA"
  },
  {
    "Brand_Product_Size": "Moccona Latte 30 pack",
    "WOW Price": 10.5,
    "WOW Size": "30 pack",
    "WOW ppu": "$0.35 / 1EA"
  },
  {
    "Brand_Product_Size": "Nature's Way Kids Smart Vita Gummies Vitamin C + Zinc 60 pack",
    "WOW Price": 14.5,
    "WOW Size": "60 pack",
    "WOW ppu": "$24.17 / 100EA"
  },
  {
    "Brand_Product_Size": "Hart & Soul Noodle Soup Chicken 155g",
    "WOW Price": 4,
    "WOW Size": "155g",
    "WOW ppu": "$2.58 / 100G"
  },
  {
    "Brand_Product_Size": "La Stella Burrata 100g",
    "WOW Price": 6,
    "WOW Size": "100g",
    "WOW ppu": "$60.00 / 1KG"
  },
  {
    "Brand_Product_Size": "La Stella Burrata 100g",
    "WOW Price": 6,
    "WOW Size": "100g",
    "WOW ppu": "$60.00 / 1KG"
  },
  {
    "Brand_Product_Size": "Schwarzkopf Extra Care Shampoo Colour Protect 400mL",
    "WOW Price": 4.8,
    "WOW Size": "400mL",
    "WOW ppu": "$1.20 / 100ML"
  },
  {
    "Brand_Product_Size": "Reflex Photocopy Paper A4 5 pack",
    "WOW Price": 34.95,
    "WOW Size": "5 pack",
    "WOW ppu": ""
  },
  {
    "Brand_Product_Size": "Bundaberg Sparkling Guava Sparkling Drink 4x375mL",
    "WOW Price": 6.35,
    "WOW Size": "4x375mL",
    "WOW ppu": "$4.23 / 1L"
  },
  {
    "Brand_Product_Size": "From The Deli Beretta Italian Prosciutto Di Parma Freshly Sliced per kg",
    "WOW Price": 51,
    "WOW Size": "per kg",
    "WOW ppu": "$51.00 / 1KG"
  },
  {
    "Brand_Product_Size": "Arnott's Shapes Mini Bites Sticky Bbq WingsCrackers 140g",
    "WOW Price": 2.5,
    "WOW Size": "140g",
    "WOW ppu": "$1.79 / 100G"
  },
  {
    "Brand_Product_Size": "Huggies Ultra Dry Nappies Walker 13-18kg Boy 32 pack buLk",
    "WOW Price": 16,
    "WOW Size": "32 pack buLk",
    "WOW ppu": "$0.50 / 1EA"
  },
  {
    "Brand_Product_Size": "Philadelphia Cream Cheese Spread Light 250g",
    "WOW Price": 3.75,
    "WOW Size": "250g",
    "WOW ppu": "$15.00 / 1KG"
  },
  {
    "Brand_Product_Size": "Philadelphia Cream Cheese Spread Light 250g",
    "WOW Price": 3.75,
    "WOW Size": "250g",
    "WOW ppu": "$15.00 / 1KG"
  },
  {
    "Brand_Product_Size": "Philadelphia Cream Cheese Spread Light 250g",
    "WOW Price": 3.75,
    "WOW Size": "250g",
    "WOW ppu": "$15.00 / 1KG"
  },
  {
    "Brand_Product_Size": "Mountain Dew Energised 2L",
    "WOW Price": 2.15,
    "WOW Size": "2L",
    "WOW ppu": "$1.08 / 1L"
  },
  {
    "Brand_Product_Size": "Woolworths Plain Water Crackers 125g",
    "WOW Price": 0.95,
    "WOW Size": "125g",
    "WOW ppu": "$0.76 / 100G"
  },
  {
    "Brand_Product_Size": "Essentials Non Scratch Sponge Scourers 3 pack",
    "WOW Price": 1.99,
    "WOW Size": "3 pack",
    "WOW ppu": "$0.66 / 1EA"
  },
  {
    "Brand_Product_Size": "Samba Lump Charcoal Bbq Fuel 3kg",
    "WOW Price": 10.9,
    "WOW Size": "3kg",
    "WOW ppu": "$0.36 / 100G"
  },
  {
    "Brand_Product_Size": "Fromager D'affinois Petit D Affinois 150g",
    "WOW Price": 12,
    "WOW Size": "150g",
    "WOW ppu": "$80.00 / 1KG"
  },
  {
    "Brand_Product_Size": "Fromager D'affinois Petit D Affinois 150g",
    "WOW Price": 12,
    "WOW Size": "150g",
    "WOW ppu": "$80.00 / 1KG"
  },
  {
    "Brand_Product_Size": "Dove Conditioner Daily Care 640mL",
    "WOW Price": 8.4,
    "WOW Size": "640mL",
    "WOW ppu": "$1.31 / 100ML"
  },
  {
    "Brand_Product_Size": "Always Fresh Marinated Artichoke Hearts 230g",
    "WOW Price": 3.25,
    "WOW Size": "230g",
    "WOW ppu": "$14.13 / 1KG"
  },
  {
    "Brand_Product_Size": "Four Seasons Naked Condoms Larger Pack 12 pack",
    "WOW Price": 7,
    "WOW Size": "12 pack",
    "WOW ppu": "$0.58 / 1EA"
  },
  {
    "Brand_Product_Size": "Mother's Day Bear With Baby each",
    "WOW Price": 15,
    "WOW Size": "each",
    "WOW ppu": ""
  },
  {
    "Brand_Product_Size": "Birds Eye Peas Baby Frozen 1kg",
    "WOW Price": 4.7,
    "WOW Size": "1kg",
    "WOW ppu": "$4.70 / 1KG"
  },
  {
    "Brand_Product_Size": "Primo Stacker Spicy Chorizo 50g",
    "WOW Price": 4,
    "WOW Size": "50g",
    "WOW ppu": "$80.00 / 1KG"
  },
  {
    "Brand_Product_Size": "Obento Japanese Tempura Batter 500g",
    "WOW Price": 3.3,
    "WOW Size": "500g",
    "WOW ppu": "$0.66 / 100G"
  },
  {
    "Brand_Product_Size": "Curash Powder Anti Rash 100g",
    "WOW Price": 5.8,
    "WOW Size": "100g",
    "WOW ppu": "$5.80 / 100G"
  },
  {
    "Brand_Product_Size": "Rexona Men Advanced Protection Sport 220mL",
    "WOW Price": 7.5,
    "WOW Size": "220mL",
    "WOW ppu": "$3.41 / 100ML"
  },
  {
    "Brand_Product_Size": "Nexba Classic Sugar-free Tonic Water 1L",
    "WOW Price": 2.65,
    "WOW Size": "1L",
    "WOW ppu": "$2.65 / 1L"
  },
  {
    "Brand_Product_Size": "Sellotape Packaging Tape Brown 36mmx20m each",
    "WOW Price": 3,
    "WOW Size": "each",
    "WOW ppu": ""
  },
  {
    "Brand_Product_Size": "Rimmel Wonder'full Mascara 11mL",
    "WOW Price": 9.5,
    "WOW Size": "11mL",
    "WOW ppu": "$8.64 / 10ML"
  },
  {
    "Brand_Product_Size": "Carman's Protein Muesli Bars Coconut, Yoghurt & Roasted Nut 200g",
    "WOW Price": 6.3,
    "WOW Size": "200g",
    "WOW ppu": "$3.15 / 100G"
  },
  {
    "Brand_Product_Size": "Carman's Protein Muesli Bars Coconut, Yoghurt & Roasted Nut 200g",
    "WOW Price": 6.3,
    "WOW Size": "200g",
    "WOW ppu": "$3.15 / 100G"
  },
  {
    "Brand_Product_Size": "Vileda Lint Roller each",
    "WOW Price": 6,
    "WOW Size": "each",
    "WOW ppu": "$6.00 / 1EA"
  },
  {
    "Brand_Product_Size": "Udder Delights Triple Cream Brie 500g",
    "WOW Price": 15,
    "WOW Size": "500g",
    "WOW ppu": "$30.00 / 1KG"
  },
  {
    "Brand_Product_Size": "Udder Delights Triple Cream Brie 500g",
    "WOW Price": 15,
    "WOW Size": "500g",
    "WOW ppu": "$30.00 / 1KG"
  },
  {
    "Brand_Product_Size": "Powerade Lemon Lime Flo Cap 600mL",
    "WOW Price": 2.2,
    "WOW Size": "600mL",
    "WOW ppu": "$3.67 / 1L"
  },
  {
    "Brand_Product_Size": "Quilton Gold Toilet Paper 12 pack",
    "WOW Price": 5.5,
    "WOW Size": "12 pack",
    "WOW ppu": "$0.33 / 100SS"
  },
  {
    "Brand_Product_Size": "Moccona Mixes Latte 10 pack",
    "WOW Price": 4.5,
    "WOW Size": "10 pack",
    "WOW ppu": "$0.45 / 1EA"
  },
  {
    "Brand_Product_Size": "Moccona Mixes Latte 10 pack",
    "WOW Price": 4.5,
    "WOW Size": "10 pack",
    "WOW ppu": "$0.45 / 1EA"
  },
  {
    "Brand_Product_Size": "Essentials Non-stick 20cm Saucepan With Lid each",
    "WOW Price": 14,
    "WOW Size": "each",
    "WOW ppu": ""
  },
  {
    "Brand_Product_Size": "Primo Pulled Meat Slider Pork 150g",
    "WOW Price": 4.5,
    "WOW Size": "150g",
    "WOW ppu": "$30.00 / 1KG"
  },
  {
    "Brand_Product_Size": "Smooze Pink Guava & Coconut 8x65mL",
    "WOW Price": 6.5,
    "WOW Size": "8x65mL",
    "WOW ppu": "$1.25 / 100ML"
  },
  {
    "Brand_Product_Size": "Libra Goodnights Pads 10 pack",
    "WOW Price": 2.9,
    "WOW Size": "10 pack",
    "WOW ppu": "$0.29 / 1EA"
  },
  {
    "Brand_Product_Size": "Simply 7 Lentil Chips With Sea Salt 113g",
    "WOW Price": 5.25,
    "WOW Size": "113g",
    "WOW ppu": "$4.65 / 100G"
  },
  {
    "Brand_Product_Size": "U By Kotex Designer Series Ultrathin With Wings Super 10 pack",
    "WOW Price": 3.6,
    "WOW Size": "10 pack",
    "WOW ppu": "$0.36 / 1EA"
  },
  {
    "Brand_Product_Size": "Vaalia Low Fat Yoghurt 900g",
    "WOW Price": 5.8,
    "WOW Size": "900g",
    "WOW ppu": "$0.64 / 100G"
  },
  {
    "Brand_Product_Size": "Rose's Lime Marmalade 500g",
    "WOW Price": 3.85,
    "WOW Size": "500g",
    "WOW ppu": "$0.77 / 100G"
  },
  {
    "Brand_Product_Size": "St Ives Fresh Skin Scrub Apricot 150mL",
    "WOW Price": 5,
    "WOW Size": "150mL",
    "WOW ppu": "$3.33 / 100ML"
  },
  {
    "Brand_Product_Size": "T2 Just Peppermint Herbal Tisane Bags 25 pack",
    "WOW Price": 12,
    "WOW Size": "25 pack",
    "WOW ppu": "$0.48 / 1EA"
  },
  {
    "Brand_Product_Size": "T2 Just Peppermint Herbal Tisane Bags 25 pack",
    "WOW Price": 12,
    "WOW Size": "25 pack",
    "WOW ppu": "$0.48 / 1EA"
  },
  {
    "Brand_Product_Size": "Allen's Black Cats 170g",
    "WOW Price": 3,
    "WOW Size": "170g",
    "WOW ppu": "$1.76 / 100G"
  },
  {
    "Brand_Product_Size": "Inspire Metallic Decal Mug each",
    "WOW Price": 5,
    "WOW Size": "each",
    "WOW ppu": ""
  },
  {
    "Brand_Product_Size": "Evergreen Sugar Free Soya Drink 2L",
    "WOW Price": 4,
    "WOW Size": "2L",
    "WOW ppu": "$2.00 / 1L"
  },
  {
    "Brand_Product_Size": "Peters Lifesavers Icy Poles Lifesavers 8 pack",
    "WOW Price": 7,
    "WOW Size": "8 pack",
    "WOW ppu": "$1.32 / 100ML"
  },
  {
    "Brand_Product_Size": "Dencorub Cream Arthritis Cream 100g",
    "WOW Price": 5.6,
    "WOW Size": "100g",
    "WOW ppu": "$5.60 / 100G"
  },
  {
    "Brand_Product_Size": "Hydralyte Sports Ready To Drink Orange 600mL",
    "WOW Price": 4,
    "WOW Size": "600mL",
    "WOW ppu": "$0.67 / 100ML"
  },
  {
    "Brand_Product_Size": "Supreme Foods Roti Mini 125g",
    "WOW Price": 3,
    "WOW Size": "125g",
    "WOW ppu": "$2.40 / 100G"
  },
  {
    "Brand_Product_Size": "Sealord Hoki Fillets Classic Crumb 480g",
    "WOW Price": 7.5,
    "WOW Size": "480g",
    "WOW ppu": "$15.63 / 1KG"
  },
  {
    "Brand_Product_Size": "Woolworths Tuna & Crackers Snack Pack Tomato & Spinach 112g",
    "WOW Price": 2.1,
    "WOW Size": "112g",
    "WOW ppu": "$18.75 / 1KG"
  },
  {
    "Brand_Product_Size": "Maximus Sports Drink Red 1L",
    "WOW Price": 2.15,
    "WOW Size": "1L",
    "WOW ppu": "$2.15 / 1L"
  },
  {
    "Brand_Product_Size": "Maggi Chicken Noodle Soup 60g",
    "WOW Price": 2,
    "WOW Size": "60g",
    "WOW ppu": "$3.33 / 100G"
  },
  {
    "Brand_Product_Size": "Green Leaf Bbq Rice Wheels 300g",
    "WOW Price": 4.5,
    "WOW Size": "300g",
    "WOW ppu": "$1.50 / 100G"
  },
  {
    "Brand_Product_Size": "Katoomba Canelini Beans Dry 1kg",
    "WOW Price": 5,
    "WOW Size": "1kg",
    "WOW ppu": "$0.50 / 100G"
  },
  {
    "Brand_Product_Size": "Green Leaf Toasted Bbq Corn 500g",
    "WOW Price": 7,
    "WOW Size": "500g",
    "WOW ppu": "$1.40 / 100G"
  },
  {
    "Brand_Product_Size": "Katoomba Popcorn Kernels 1kg",
    "WOW Price": 3.3,
    "WOW Size": "1kg",
    "WOW ppu": "$0.33 / 100G"
  },
  {
    "Brand_Product_Size": "Katoomba Ord River Chickpeas 1kg",
    "WOW Price": 6.5,
    "WOW Size": "1kg",
    "WOW ppu": "$0.65 / 100G"
  },
  {
    "Brand_Product_Size": "Peyman Salted Sunflower Seeds 340g",
    "WOW Price": 3.95,
    "WOW Size": "340g",
    "WOW ppu": "$1.16 / 100G"
  },
  {
    "Brand_Product_Size": "Eti Popkek With Chocolate Snack 144g",
    "WOW Price": 2.5,
    "WOW Size": "144g",
    "WOW ppu": "$1.74 / 100G"
  },
  {
    "Brand_Product_Size": "Maggi Chicken Stock Cube 24 pack",
    "WOW Price": 8.95,
    "WOW Size": "24 pack",
    "WOW ppu": "$1.86 / 100G"
  },
  {
    "Brand_Product_Size": "Eti Tutku Biscuit Snack 180g",
    "WOW Price": 1.5,
    "WOW Size": "180g",
    "WOW ppu": "$0.83 / 100G"
  },
  {
    "Brand_Product_Size": "Second House Dumpling Mix 454g",
    "WOW Price": 3.6,
    "WOW Size": "454g",
    "WOW ppu": "$0.79 / 100G"
  },
  {
    "Brand_Product_Size": "Second House Lebanese Zaatar 500g",
    "WOW Price": 8,
    "WOW Size": "500g",
    "WOW ppu": "$1.60 / 100G"
  },
  {
    "Brand_Product_Size": "Second House Salep Pudding Mix 200g",
    "WOW Price": 2.8,
    "WOW Size": "200g",
    "WOW ppu": "$1.40 / 100G"
  },
  {
    "Brand_Product_Size": "Al Barakah Date Paste Pouch 1kg",
    "WOW Price": 4,
    "WOW Size": "1kg",
    "WOW ppu": "$0.40 / 100G"
  },
  {
    "Brand_Product_Size": "Second House Pearl Couscous Moghrabiyeh 907g",
    "WOW Price": 5.25,
    "WOW Size": "907g",
    "WOW ppu": "$0.58 / 100G"
  },
  {
    "Brand_Product_Size": "Castania Pumpkin Seeds 250g",
    "WOW Price": 6.25,
    "WOW Size": "250g",
    "WOW ppu": "$2.50 / 100G"
  },
  {
    "Brand_Product_Size": "Dairyland Danish Cream 170g",
    "WOW Price": 3,
    "WOW Size": "170g",
    "WOW ppu": "$1.76 / 100G"
  },
  {
    "Brand_Product_Size": "Green Leaf Hummus Tahina Dip 400g",
    "WOW Price": 1.8,
    "WOW Size": "400g",
    "WOW ppu": "$0.45 / 100G"
  },
  {
    "Brand_Product_Size": "Green Hill Bulgur Brown Fine 1kg",
    "WOW Price": 2,
    "WOW Size": "1kg",
    "WOW ppu": "$0.20 / 100G"
  },
  {
    "Brand_Product_Size": "Green Leaf Pickled Cucumber 1kg",
    "WOW Price": 5.8,
    "WOW Size": "1kg",
    "WOW ppu": "$0.58 / 100G"
  },
  {
    "Brand_Product_Size": "Green Leaf Baba Ghannouj Dip 375g",
    "WOW Price": 2.8,
    "WOW Size": "375g",
    "WOW ppu": "$0.75 / 100G"
  },
  {
    "Brand_Product_Size": "Green Leaf Wild Cucumber Pickled Mikta 1kg",
    "WOW Price": 6.5,
    "WOW Size": "1kg",
    "WOW ppu": "$0.65 / 100G"
  },
  {
    "Brand_Product_Size": "Marmarabirlik Dry Black Olives Green 400g",
    "WOW Price": 5.5,
    "WOW Size": "400g",
    "WOW ppu": "$1.38 / 100G"
  }
]